2930 4982
1147 307 1223 351 DE
1268 305 1594 352 cunnus,
2393 300 2517 355 4⁰7

236 451 269 491 «
313 425 507 493 etiam
530 425 610 493 ad
634 424 981 493 biennium
1005 447 1160 494 voce
1179 426 1384 493 activa
1403 431 1464 491 et
1487 428 1733 517 passiva
1751 450 1997 518 suoque
2026 429 2214 499 stallo
2235 431 2304 497 in
2323 431 2525 499 choro

239 556 272 596 «
317 530 615 620 privavit,
651 532 977 620 assignata
1002 531 1059 598 ei
1098 531 1242 598 sede
1272 531 1340 597 in
1383 530 1637 599 ultimis
1657 534 2142 623 capellanorum
2161 536 2520 615 subselliiS,

237 662 268 701 «
314 637 695 726 posthabitis
724 638 994 706 decretis
1024 636 1245 703 vicarii
1276 636 1598 725 generalis
1623 638 1702 704 ad
1728 660 1925 727 quem
1959 640 2131 708 idem
2161 642 2521 710 canonicus

243 769 275 808 «
321 743 799 811 reclamaverat.
862 743 1041 825 Quin
1093 749 1156 810 et
1212 744 1604 833 contemptis
1673 711 1966 811 censuris
2025 747 2149 814 sibi
2230 747 2518 834 indictis,

239 873 273 914 «
321 871 486 918 nova
541 850 626 916 22
677 851 1060 918 ducatorum
1116 848 1360 916 mulcta
1419 849 1764 939 praefatum
1825 852 2220 919 canonicum
2283 852 2516 921 affecit.

243 981 275 1020 «
320 955 641 1036 Quocirca
670 962 1002 1045 promotor
1033 955 1268 1023 fiscalis
1293 960 1472 1023 ratus
1501 958 1602 1023 sui
1638 956 1933 1024 muneris
1961 978 2097 1025 esse
2140 958 2338 1025 curioe
2369 957 2519 1047 Epi-

242 1086 276 1126 «
319 1060 589 1150 scopalis
612 1063 765 1151 jura
795 1062 989 1143 tueri,
1018 1061 1098 1128 ad
1121 1082 1386 1127 causam
1410 1060 1759 1138 admissus,
1782 1062 2077 1130 eamdem
2111 1082 2527 1153 propugnare

240 1192 274 1232 α
320 1172 588 1235 conatus
616 1173 713 1235 est
747 1173 882 1234 tam
929 1188 1145 1234 coram
1190 1166 1712 1256 metropolitano,
1754 1190 1955 1257 quam
2001 1189 2223 1236 coram
2260 1166 2527 1235 Nuncio

239 1299 276 1340 «
322 1273 712 1364 apostolic03
749 1294 940 1361 aquo
989 1272 1274 1354 tandem,
1327 1274 1656 1362 suspensis
1701 1274 2017 1357 censuriS,
2069 1273 2526 1342 controversia?

240 1403 277 1445 (ι
321 1377 560 1461 decisio
589 1377 855 1446 remissa
883 1376 1009 1444 fuit
1052 1376 1150 1443 ad
1174 1376 1621 1447 Ordinarium.
1669 1377 1918 1446 Verum
1945 1378 2101 1467 quia
2130 1384 2528 1446 memoratus

242 1509 279 1551 (ι
320 1486 676 1553 canonicus
721 1506 951 1552 omnes
999 1483 1289 1574 praefatas
1334 1484 1607 1551 mulctas
1637 1483 1761 1551 sibi
1793 1504 1830 1550 a
1861 1483 2142 1575 capitulo
2194 1484 2529 1574 impositas

242 1615 277 1655 «
320 1590 599 1658 subinde
627 1591 1006 1679 acceptavit,
1041 1596 1234 1677 atque
1263 1588 1359 1655 liti
1385 1594 1459 1657 ut
1483 1610 1678 1678 supra
1709 1587 2093 1656 introductae
2123 1588 2530 1680 amplissime

242 1721 278 1762 c<
312 1697 750 1778 renunciavit,
785 1697 961 1761 idem
998 1699 1328 1784 promotor
1362 1693 1620 1777 fiscaliS,
1670 1717 1751 1761 ne
1781 1694 1851 1761 in
1889 1701 2219 1785 posterum
2261 1694 2523 1784 aliquod

241 1827 275 1868 «
313 1804 662 1870 ordinariae
704 1801 1005 1891 Episcopi
1045 1800 1483 1891 jurisdictioni
1527 1801 1991 1869 detrimentum
2025 1824 2101 1868 ex
2140 1799 2527 1891 hujusmodi

243 1935 278 1974 «
312 1909 990 1977 renuntiationisactu
1023 1908 1279 1975 illatum
1311 1907 1440 1974 dici
1485 1912 1718 1996 posset,
1749 1909 2035 1975 obtinuit
2070 1930 2333 1975 causam
2361 1908 2521 1974 huic

240 2041 275 2081 «
319 2014 529 2084 Sacrae
567 2013 1072 2104 Congregationi
1124 2013 1435 2101 delegari.
1463 2039 1499 2078 »
1538 2013 1883 2102 Postquam
1911 2014 1997 2080 ita
2022 2034 2284 2081 causam
2320 2033 2522 2102 expo-

232 2121 365 2187 suit
388 2121 766 2188 secretarius
793 2120 1330 2209 Congregationis
1358 2119 1646 2202 concilii,
1680 2118 1822 2185 haec
1856 2118 2032 2185 addit
2060 2142 2078 2185 ε

343 2248 379 2287 «
414 2214 654 2291 Praeter
699 2247 775 2293 ea
817 2247 964 2314 quae
1007 2226 1078 2293 in
1121 2225 1295 2292 hanc
1341 2246 1484 2292 rem
1526 2224 1654 2291 late
1700 2224 1969 2290 tradunt
2017 2222 2526 2304 Scarl'antonius,

245 2355 284 2396 ι(
333 2325 848 2417 PignatelluS...,
883 2330 962 2397 ad
1005 2331 1400 2398 decisionem
1434 2329 1751 2397 nonnulla
1788 2334 2079 2419 spectant
2101 2326 2310 2396 Sacrae
2336 2329 2535 2418 hujus

242 2460 280 2503 c<
319 2435 853 2527 Congregationis
880 2437 1209 2529 rescripta,
1244 2436 1568 2505 nimirum
1598 2460 1614 2504 ε

336 2571 372 2612 «
415 2545 491 2613 In
522 2546 957 2627 Tirasonensi,
989 2547 1092 2614 die
1124 2545 1204 2614 13
1247 2545 1505 2634 augusti
1544 2543 1740 2628 1729,
1772 2542 2020 2610 editum
2054 2541 2176 2609 fuit
2203 2539 2529 2629 quoddam

251 2677 285 2717 «
330 2651 666 2721 decretum
720 2675 875 2742 quo,
934 2653 1100 2720 inter
1156 2657 1403 2734 caetera,
1464 2657 1734 2719 cautum
1788 2655 1883 2716 est
1926 2648 2127 2736 quod,
2177 2646 2532 2736 reprobata

250 2781 290 2820 ι(
338 2758 816 2824 consuetudine
866 2758 989 2824 etsi
1045 2755 1591 2836 immemorabili,
1653 2753 2037 2844 capitulum
2087 2752 2160 2818 in
2215 2754 2534 2840 futurum

259 2886 294 2924 «
344 2861 624 2926 omnino
677 2861 1007 2925 abstineat
1052 2862 1133 2927 ab
1159 2861 1587 2949 impositione
1624 2857 1980 2951 cujusdam
2007 2879 2233 2947 poenoe
2277 2878 2538 2923 nuncu-

256 2988 293 3028 «
330 2976 534 3053 pata>
579 2984 985 3048 Momentum
1027 2964 1139 3029 sed
1180 2976 1443 3030 tantum
1481 2966 1692 3054 juxta
1739 2987 1929 3032 casus
1976 2963 2303 3030 mulctare
2318 2963 2537 3053 possit

256 3095 292 3136 «
329 3068 810 3159 praebendatos
836 3091 1047 3158 poena
1081 3068 1488 3158 pecuniaria
1538 3068 1900 3150 duntaaeat,
1948 3089 2186 3158 nempe
2225 3066 2536 3153 duorum,

260 3201 295 3241 «
330 3176 436 3242 vel
468 3187 789 3265 quatuor,
831 3187 897 3241 et
934 3173 1030 3241 ad
1071 3197 1409 3241 summum
1459 3196 1572 3240 sex
1612 3173 2060 3259 ducatorum;
2105 3184 2195 3254 et,
2243 3174 2302 3241 si
2354 3195 2541 3240 casus

261 3304 297 3343 «
341 3279 666 3369 majorem
709 3280 945 3370 exiqat
974 3302 1282 3370 poenam,
1326 3292 1653 3346 recurrere
1681 3278 1907 3347 debeat
1929 3277 2025 3346 ad
2064 3276 2533 3346 Ordinarium.

262 3411 297 3450 «
348 3386 445 3474 (ln
473 3386 643 3453 libro
691 3409 879 3454 Lxxix
924 3386 1372 3465 Decr'etorum,
1419 3406 1568 3476 pag.
1627 3384 1812 3476 399.)
1848 3424 1940 3438 —
1985 3385 2063 3453 Et
2090 3385 2433 3453 novissime
2468 3387 2540 3453 in

265 3518 301 3556 «
346 3491 662 3560 Oriolensi
705 3494 1043 3583 propositis
1100 3496 1270 3561 inter
1316 3500 1545 3562 ‘caetera
1589 3495 1767 3562 hisce
1814 3493 2072 3561 dubiis:
2140 3495 2203 3562 1⁰
2250 3492 2360 3558 An
2403 3512 2544 3558 sus-

266 3624 301 3662 «
343 3597 644 3665 tineatur
685 3598 775 3665 28
815 3596 1150 3665 decretum
1190 3610 1488 3665 statuens
1533 3596 1715 3687 quod
1742 3598 2121 3687 capitulum
2168 3619 2306 3665 non
2324 3592 2547 3684 possit

269 3729 304 3767 «
345 3703 671 3769 mulctare
726 3712 992 3768 curatos
1046 3702 1126 3767 ob
1173 3699 1465 3790 defectus
1522 3700 1894 3769 commissos
1953 3702 2029 3768 in
2073 3695 2548 3792 functionibus

270 3833 303 3872 «
346 3806 867 3897 parochialibus,
900 3805 1017 3874 sed
1047 3819 1316 3874 tantum
1354 3807 1434 3875 ob
1469 3808 1618 3876 illos
1663 3830 1823 3899 quos
1870 3807 2329 3877 commiserint
2370 3803 2548 3873 circa

273 3939 308 3978 «
347 3913 694 3981 servitium
718 3913 906 3979 clzori
937 3926 1001 3981 et
1037 3915 1211 3982 circa
1240 3915 1477 4005 officia
1506 3916 1744 4007 quibus
1783 3915 2159 4006 capitulum
2194 3909 2459 3980 assistit
2484 3924 2553 3980 et

277 4045 310 4085 «
342 4019 661 4111 praesidet
679 4024 715 4087 ?
740 4059 832 4073 —
860 4021 929 4089 2⁰
958 4023 1065 4090 An
1093 4024 1507 4093 sustineatur
1536 4025 1621 4094 33
1654 4023 1989 4093 decretum
2016 4017 2352 4088 mandans
2374 4017 2555 4113 quod

277 4152 312 4191 «
351 4127 426 4195 in
456 4127 717 4194 actibus
763 4140 826 4195 et
865 4129 1329 4218 functionibus
1366 4132 1441 4198 in
1483 4132 1723 4219 quibus
1754 4150 1885 4218 per
1927 4124 2385 4208 antecedentia
2430 4126 2552 4193 de·-

277 4258 311 4296 «
349 4246 531 4301 creta
583 4245 859 4301 cautum
909 4248 1005 4302 est
1052 4236 1418 4326 praesidere
1479 4233 1705 4304 debere
1759 4243 2049 4315 curatos,
2104 4233 2225 4300 isti
2262 4234 2552 4321 possunt

281 4364 313 4403 «
353 4339 566 4406 etiam
603 4339 944 4427 imponere
989 4342 1314 4408 mulctam
1364 4362 1514 4429 quoe
1567 4351 1791 4407 tamen
1841 4362 1975 4408 non
2029 4334 2297 4406 excedat
2343 4342 2554 4395 unum
