2930 4982
1145 360 1227 404 DE
1275 359 1599 405 cursous.
2392 354 2512 410 491

231 481 415 547 rium
459 502 589 547 esse
625 476 1028 570 eliqendum.
1082 478 1403 546 Caeterum
1436 499 1572 544 non
1604 500 1730 545 esse
1769 503 1839 548 eo
1882 478 2138 549 decreto
2183 481 2522 549 sublatam

227 581 765 652 consuetudinem
796 581 961 650 duos
990 594 1111 649 aut
1137 580 1373 672 plures
1411 579 1724 671 eliqendz',
1746 585 2133 671 praesertim
2171 584 2520 652 immemo-

227 689 540 757 rabilem.

312 795 501 863 lllam
526 795 916 862 decisionem
946 817 983 863 a
1022 796 1371 864 canonistis
1404 800 1858 878 memoratam,
1899 815 2016 882 pro
2054 797 2150 862 rei
2181 798 2516 886 gravitate,

227 899 405 968 volui
432 899 592 966 meis
618 901 755 989 ipse
778 899 980 968 oculis
1010 901 1080 967 in
1118 906 1365 990 regesto
1399 900 1774 967 authentico
1813 898 2052 965 videre.
2099 898 2292 966 Adivi
2323 901 2520 973 libros

228 1007 704 1095 manuscriptos
728 1004 1175 1097 Decretorum,
1210 1007 1323 1096 qui
1353 1028 1696 1095 nunquam
1726 1004 1881 1073 editi
1911 1010 2092 1091 sunt,
2114 1006 2302 1094 etqui
2327 1006 2394 1072 in
2421 1029 2524 1075 ar-

241 1112 458 1180 chivio
488 1111 700 1181 Sacrae
738 1111 1271 1203 Congregationis
1300 1113 1565 1181 concilii
1614 1117 2060 1196 asservantur3
2105 1118 2297 1201 atque
2343 1112 2526 1183 illam

242 1218 465 1287 inveni
493 1219 564 1286 in
605 1218 775 1287 libro
802 1219 925 1288 VlI
950 1218 1397 1304 Decretorum,
1435 1219 1588 1287 folio
1623 1218 1734 1303 39,
1760 1241 1797 1286 a
1825 1225 2034 1309 tergo,
2062 1240 2218 1286 cum
2242 1220 2368 1286 hac
2396 1241 2524 1288 ru-

235 1324 416 1392 brica
450 1326 521 1392 in
551 1328 846 1415 margine
875 1350 891 1394 :
928 1327 1419 1395 Panormitana
1452 1362 1545 1379 --
1574 1350 1723 1418 cap.
1761 1327 1843 1394 16
1871 1350 2022 1395 sess.
2061 1326 2151 1394 24
2184 1329 2280 1394 De
2313 1329 2518 1417 refor-

237 1430 530 1500 matione
545 1452 575 1516 ,·
605 1437 795 1523 atque
820 1433 972 1500 inde
1001 1455 1142 1500 eam
1168 1439 1462 1501 accurate
1490 1435 1894 1523 transcripsi.

326 1538 396 1605 2,ο
423 1537 675 1607 Decisio
698 1538 828 1607 diei
855 1538 937 1607 19
960 1540 1176 1606 martii
1201 1538 1397 1622 1639,
1431 1539 1500 1605 in
1533 1558 1725 1606 causa
1756 1539 2157 1607 Dertusensi.
2188 1577 2279 1590 —
2311 1540 2525 1608 Sacra

243 1645 692 1736 Conqreqatio
727 1645 980 1714 censuit
1007 1645 1266 1714 dandas
1295 1668 1426 1714 esse
1453 1644 1941 1713 declarationes
1970 1646 2313 1736 antiquas?
2333 1659 2526 1715 teno-

236 1750 329 1817 ris
346 1750 675 1840 sequentis
693 1771 716 1817 .·
747 1750 821 1817 in
857 1773 995 1817 una
1023 1752 1537 1832 Panormitana,
1572 1749 1676 1818 die
1700 1750 1774 1816 21
1814 1751 2055 1840 aprilis
2090 1751 2288 1835 1592,
2315 1754 2524 1821 Sacra

243 1857 688 1947 Conqreqatio
731 1858 987 1926 censuit
1027 1881 1107 1926 eoe
1144 1859 1397 1927 decreto
1431 1857 1728 1948 ejusdem
1772 1860 1848 1924 S.
1889 1859 2181 1926 Consilii
2219 1883 2363 1950 cap.
2408 1860 2518 1944 16,

243 1983 398 2030 sess.
435 1962 548 2044 24,
580 1966 674 2031 De
692 1967 1001 2055 reform„
1031 1972 1073 2031 a
1106 1964 1425 2055 capitulo,
1467 1961 1613 2029 sede
1649 1975 1951 2044 vacante,
1999 1985 2212 2029 unum
2255 1977 2525 2032 tantum

236 2066 569 2134 vicarium
613 2091 743 2136 esse
779 2067 1667 2159 eliqendumwoeterurnnon
1692 2091 1819 2136 esse
1832 2092 1902 2137 eo
1918 2069 2527 2138 decretosublatam

238 2173 778 2242 consuetudinem
798 2175 959 2243 duos
988 2187 1112 2243 aut
1124 2177 1363 2266 plures
1384 2176 1449 2243 el
1452 2174 1684 2266 iqendi
1690 2175 2076 2266 praesertim
2099 2176 2527 2245 immemora-

246 2276 470 2344 bilem.
1027 2308 1030 2313 2

327 2383 486 2451 Eam
523 2387 761 2475 pariter
792 2387 1281 2455 declarationem
1311 2410 1430 2479 ego
1472 2389 1607 2479 ipse
1638 2390 2014 2481 transcripsi
2046 2411 2119 2457 ex
2151 2388 2525 2457 authentico

240 2489 684 2579 manuscripto
722 2488 892 2559 libro
919 2489 1072 2559 XVI
1101 2489 1548 2576 Decretorum,
1595 2491 1745 2560 solio
1788 2491 1934 2560 168.
1994 2490 2260 2560 Praet’ert
2308 2496 2524 2574 autem

242 2595 410 2663 hanc
437 2595 771 2663 rubricam
796 2597 867 2663 in
893 2599 1190 2686 margine
1224 2621 1240 2664 :
1276 2598 1721 2679 Dertusensz's,
1749 2596 2204 2688 deputationis
2237 2587 2524 2665 vicario}-

240 2722 416 2785 rum,
441 2723 586 2792 cap.
624 2701 705 2769 16
734 2724 888 2770 sess.
923 2702 1035 2785 24,
1071 2706 1165 2770 De
1194 2704 1688 2793 reformatione.
1725 2702 2000 2792 Ideoque
2023 2702 2238 2770 testari
2261 2723 2527 2793 possum

240 2826 381 2872 eam
397 2813 691 2873 accurate
709 2809 977 2874 relatam
999 2809 1196 2875 fuisse
1219 2831 1257 2875 a
1282 2808 1727 2877 Scarfantonio
1746 2807 1864 2899 (De
1882 2806 2245 2889 canoniciS,
2269 2814 2425 2874 tom.
2445 2805 2525 2895 11,

238 2936 306 3004 p.
348 2916 501 2998 156,
535 2911 727 2983 editio
750 2901 971 3003 Lanae,
1009 2917 1229 3009 1723).

326 3018 396 3087 3ο
449 3019 703 3087 Decisio
753 3022 1095 3111 praecitatis
1150 3023 1483 3112 antiquior
1528 3023 1609 3091 ad
1671 3025 2036 3114 capitulum
2092 3015 2524 3091 Tarentinum

239 3128 461 3195 missa.
489 3163 580 3177 -
604 3125 698 3193 De
727 3127 837 3194 illa
861 3133 1128 3195 testatur
1162 3128 1510 3217 Fagnanus
1533 3127 1623 3220 (in
1661 3151 1802 3217 cap.
1837 3130 1962 3197 His
1992 3151 2161 3219 quae,
2191 3128 2284 3196 De
2314 3130 2530 3218 majo-

239 3235 424 3301 ritate
442 3238 505 3300 et
524 3234 744 3321 obed.‚
776 3256 844 3301 n.
879 3233 1014 3324 68).
1054 3236 1299 3302 Auctor
1328 3237 1510 3302 enim
1540 3234 1671 3314 ille,
1708 3242 2049 3324 postquam
2078 3236 2350 3303 advertit
2385 3241 2529 3304 ante

239 3340 596 3407 concilium
622 3337 1082 3408 Tridentinum
1110 3343 1392 3431 potuisse
1418 3341 1572 3430 eligi
1607 3342 1770 3408 duos
1794 3343 2066 3409 vicarios
2108 3343 2521 3431 capitulareS,

237 3449 381 3532 post
406 3446 762 3513 concilium
792 3468 943 3514 vero
980 3467 1162 3537 posse
1193 3468 1403 3514 unum
1440 3452 1699 3514 tantum
1730 3449 2062 3533 constitui,
2094 3448 2225 3515 nisi
2261 3452 2426 3514 extet
2455 3449 2526 3515 in

240 3553 639 3619 contrarium
682 3554 1077 3620 consuetudo
1121 3553 1684 3637 immemorabilis,
1738 3553 1829 3621 sic
1875 3554 2051 3621 addit
2104 3578 2121 3623 ε
2185 3578 2221 3617 ι(
2269 3552 2357 3621 Ut
2378 3585 2379 3588 ¹
2403 3552 2530 3619 fuit

245 3682 279 3721 «
308 3653 544 3747 s‘aepius
566 3659 923 3727 resolutum
952 3682 967 3726 ε
1005 3660 1164 3726 etin
1204 3660 1439 3750 specie,
1489 3681 1647 3727 cum
1672 3660 2034 3750 capitulum
2067 3658 2520 3742 Tarentinum,

246 3791 280 3828 «
310 3772 693 3834 consuetum
719 3790 756 3834 a
780 3773 1067 3858 tempore
1094 3767 1602 3840 immemorabili
1632 3769 1792 3836 duos
1818 3769 2082 3858 eligere,
2115 3768 2396 3858 petiisset
2418 3766 2524 3835 de·

249 3895 281 3931 «
311 3870 543 3939 clarari
584 3872 909 3961 numquid
938 3878 1081 3961 post
1110 3873 1461 3941 concilium
1496 3874 1667 3942 idem
1702 3876 1762 3942 ei
1802 3875 2026 3942 liceret
2071 3899 2086 3942 :
2122 3872 2314 3943 Sacra
2345 3872 2525 3941 Con-

250 4000 283 4039 «
309 3977 598 4065 gregatio
626 3978 888 4046 concilii
922 3979 1174 4046 censuit
1211 4002 1425 4047 unum
1456 3985 1712 4047 tantum
1747 3982 2068 4049 vicarium
2106 3980 2262 4069 eligi
2305 3981 2517 4071 posse,

248 4107 282 4146 α
307 4103 381 4148 ex
406 4104 537 4171 quo
564 4084 916 4152 concilium
945 4083 1117 4174 (sess,
1154 4083 1268 4164 24,
1298 4107 1355 4153 c.
1387 4086 1494 4175 16)
1523 4086 1806 4174 injunxit
1835 4088 2120 4177 capitulo
2144 4093 2219 4153 ut
2236 4087 2519 4177 deputet,

251 4211 282 4252 α
310 4188 457 4255 sede
476 4195 766 4277 vacante,
796 4213 1207 4259 oeconomum
1239 4213 1451 4259 unum
1472 4191 1575 4257 vel
1601 4193 1843 4280 plureS,
1875 4199 1937 4260 et
1957 4193 2151 4283 eligat
2176 4193 2522 4261 officialem

251 4315 286 4355 «
311 4314 428 4360 seu
457 4294 772 4362 vicarium
805 4320 820 4363 ε
850 4302 911 4363 et
939 4296 1026 4363 ita
1057 4296 1174 4363 ubi
1218 4296 1370 4364 facit
1407 4297 1808 4364 mentionem
1838 4299 1916 4365 de
1949 4299 2168 4366 vicarii
2209 4297 2519 4365 electione

249 4423 281 4462 «
310 4421 443 4469 non
464 4402 695 4492 repetit
712 4402 892 4469 illam
907 4400 1256 4471 dictionem
1264 4403 1354 4494 pl
1357 4425 1526 4470 ures.
1549 4402 2017 4474 Verumtamen
2036 4428 2188 4474 cum
2211 4403 2522 4488 allegetur
