2930 4982
374 364 498 421 190
1340 364 1680 412 macutus

362 497 495 560 tem
521 491 785 560 ecclesia
806 487 1186 577 collegialiS,
1222 508 1337 555 seu
1353 484 1711 571 collegiata,
1745 483 1814 550 in
1846 501 1976 569 qua
2003 500 2075 546 ex
2097 477 2489 545 clericorum
2523 497 2661 544 coa-

365 598 718 666 dunatione
754 600 817 663 et
858 593 1353 683 congregatione
1393 611 1629 679 corpus
1677 586 2045 668 conficitur,
2101 581 2272 672 quod
2310 581 2659 671 collegium

365 703 748 794 appellatur.
788 699 1185 789 Cathedralis
1222 718 1374 764 vero
1418 696 1661 763 dicitur
1714 695 1782 762 in
1823 714 1976 782 qua,
2005 696 2254 787 praeter
2282 689 2657 776 collegium,

366 808 664 879 cathedra
687 806 1039 897 superioris
1068 806 1201 872 sive
1230 803 1478 894 praelati
1508 802 1686 870 sedes
1709 800 1921 869 existit
1952 797 2116 888 (cap.
2171 799 2546 878 Statuam,
2583 795 2661 862 de

365 914 716 1002 rescriptiS,
740 913 809 979 in
831 911 873 978 6
913 949 999 962 -
1046 911 1203 1001 Cap.
1226 913 1325 980 Ne
1358 931 1491 1000 pro
1531 906 1810 997 defectu,
1833 904 1928 972 De
1956 902 2194 992 elect.).
2220 901 2451 970 Omnis
2480 902 2660 969 enim

365 1018 747 1087 cathedralis
776 1017 1038 1085 ecclesia
1064 1016 1396 1106 collegiata
1416 1035 1677 1103 quoque
1709 1020 1925 1094 est...;
1954 1010 2062 1079 sed
2101 1030 2234 1077 non
2272 1029 2308 1076 e
2347 1027 2659 1075 converso

365 1125 583 1193 omnis
618 1124 953 1212 collegiata
973 1129 1066 1192 est
1086 1122 1495 1192 cathedralis.
1533 1145 1565 1184 υ

1460 1384 1562 1464 §a

509 1551 578 1589 AD
606 1550 781 1589 soum
816 1548 992 1588 PAPAM
1034 1545 1294 1586 PERTINET
1322 1544 1612 1584 ECCLESIAM
1648 1543 1878 1582 ERIGEBE
1905 1542 1964 1581 IN
2002 1540 2391 1581 CATHEDRALEM
2418 1541 2519 1580 VEL

1270 1639 1754 1680 METROPOLITANAM

466 1838 499 1875 ι(
531 1808 886 1877 Indubitati
907 1807 1077 1897 juris
1119 1805 1328 1872 existit
1358 1803 1572 1871 solum
1623 1801 1865 1893 Papam
1895 1801 1974 1869 ad
2004 1801 2375 1889 augendum
2407 1799 2653 1866 cultum

368 1917 664 1985 divinum
706 1916 942 2003 eligere
984 1918 1048 1979 et
1076 1911 1464 1979 constituere
1496 1931 1680 2000 posse
1718 1909 2055 1976 ecclesiam
2106 1908 2176 1974 in
2228 1905 2654 1974 cathedralem

371 2022 534 2112 (cap.
586 2019 1021 2109 Proecipimus
1058 2017 1166 2098 16,
1200 2022 1425 2104 quaest.
1458 2015 1489 2082 1
1522 2052 1614 2067 —
1663 2014 1897 2082 Rebul’.
1933 2011 2177 2080 Praxis
2228 2009 2654 2101 beneficialis,

366 2127 463 2194 tit.
506 2126 598 2194 De
644 2125 962 2192 erectione
1011 2124 1079 2190 in
1131 2122 1472 2190 ecclesiam
1494 2120 1962 2218 cathedralem,
1996 2141 2065 2185 n.
2108 2118 2136 2185 1
2176 2122 2238 2185 et
2266 2117 2306 2185 5
2332 2156 2423 2168 —-
2468 2117 2655 2198 Azor,

368 2232 833 2300 Institzctz’ones
853 2228 1169 2313 morales,
1189 2233 1354 2318 part.
1380 2250 1455 2305 11,
1477 2227 1596 2294 lib.
1623 2226 1692 2311 5,
1724 2247 1780 2292 c.
1809 2224 1922 2310 29,
1947 2228 2175 2313 quaest.
2207 2222 2323 2309 25,
2354 2228 2415 2291 et
2442 2222 2559 2289 lib.
2589 2222 2655 2310 6,

368 2362 423 2407 c.
466 2339 577 2418 30,
630 2342 855 2427 quaest.
894 2337 934 2404 2
982 2337 1133 2403 et4.
1166 2334 1344 2402 Idem
1398 2334 1580 2414 dicit,
1625 2331 1719 2399 De
1747 2331 2064 2399 erectione
2103 2327 2388 2397 ecclesiae
2436 2327 2657 2395 cathe-

367 2446 563 2512 dralis
583 2446 654 2511 in
678 2442 1269 2532 metropolitanam,
1297 2440 1420 2508 late
1448 2438 1772 2525 Lotleru5‚
1805 2440 1901 2505 De
1919 2459 1989 2504 re
2013 2435 2251 2527 bemfi,
2273 2435 2323 2504 l.
2359 2457 2402 2519 ι,
2427 2438 2655 2524 quaest.

367 2549 407 2616 2
428 2548 667 2635 —Ego
687 2548 845 2637 ipse,
866 2550 960 2614 De
972 2546 1191 2635 officio
1217 2557 1281 2612 et
1287 2543 1976 2635 potestateEpiscopi,
2000 2553 2165 2632 part.
2196 2540 2306 2623 111,
2323 2539 2509 2628 alleg.
2539 2539 2653 2623 68,

296 2647 304 2656 ’
366 2672 434 2715 n.
476 2648 517 2716 8
545 2687 637 2699 —
663 2653 753 2714 De
773 2649 935 2739 jure
958 2650 1179 2717 eccles.
1220 2649 1553 2730 universe,
1584 2650 1630 2717 l.
1665 2651 1730 2736 1,
1760 2672 1818 2718 c·
1851 2650 1919 2730 2,
1948 2671 2015 2717 n.
2049 2648 2229 2740 139).
2264 2674 2299 2713 »
2331 2646 2654 2738 (Barbosa‚

367 2757 463 2821 De
497 2754 829 2821 canonicis
858 2776 915 2821 c.
949 2754 1014 2835 2,
1049 2778 1118 2823 n.
1145 2754 1238 2843 2.)

401 2921 404 2924 .
467 2887 499 2924 «
528 2859 715 2942 Quod
738 2860 961 2928 attinet
985 2859 1061 2927 ad
1088 2860 1606 2944 cathedralem..,
1637 2860 1918 2929 dubium
1950 2883 2085 2928 non
2113 2867 2207 2928 est
2223 2862 2280 2951 ej
2292 2882 2366 2928 us
2388 2859 2653 2928 erectio-

374 2992 409 3032 «
443 2990 593 3033 nem
619 2966 881 3034 nonnisi
921 2965 1119 3033 solius
1143 2964 1405 3034 Summi
1456 2964 1786 3034 Pontificis
1811 2968 2184 3034 auctoritate
2209 2966 2348 3033 fieri
2380 2986 2587 3055 posse.
2617 2989 2649 3028 »

372 3071 579 3162 (Card.
619 3071 827 3157 Petra,
864 3079 910 3139 t.
956 3072 1066 3153 lll,
1099 3096 1164 3163 p.
1196 3073 1308 3157 68,
1341 3095 1411 3141 n.
1450 3072 1519 3159 3,
1553 3074 1705 3141 edit.
1737 3072 1983 3157 Romae,
2025 3071 2253 3162 1708.)

1459 3332 1576 3411 §a

617 3492 687 3531 AD
726 3492 898 3530 SOLUM
938 3492 1112 3531 PAPAM
1153 3492 1409 3532 PERTINET
1446 3492 1674 3533 ERIGERE
1717 3494 2020 3535 CAPITULUM
2059 3492 2404 3534 CATHEDRALE

453 3650 631 3718 Dum
651 3649 970 3718 Summus
1000 3648 1291 3717 Pontifex
1320 3649 1659 3717 ecclesiam
1687 3652 1974 3740 aliquam
2003 3653 2194 3741 erigit
2219 3653 2288 3720 in
2329 3651 2654 3721 cathedra·

367 3758 520 3837 lem,
555 3756 754 3824 simul
786 3760 847 3823 et
879 3756 1105 3823 eadem
1127 3754 1307 3822 bulla
1338 3755 1530 3845 erigit
1550 3757 1621 3823 in
1649 3756 1760 3824 illa
1785 3757 2143 3848 capitulum
2164 3756 2554 3824 cathedrale.
2579 3755 2658 3824 Et

368 3864 619 3950 quoties
658 3861 1021 3952 capitulum
1056 3861 1419 3928 cathedrale
1449 3861 1723 3949 erigitur
1750 3863 1873 3929 hoc
1901 3863 2114 3945 mode,
2146 3863 2212 3930 id
2243 3867 2360 3947 est,
2384 3862 2655 3951 ipsamet

368 3968 684 4032 erectione
703 3965 1116 4050 cathedralis,
1141 3966 1393 4033 clarum
1413 3971 1508 4031 est
1523 3966 1687 4033 illud
1711 3987 1840 4032 non
1863 3988 2045 4056 posse
2072 3968 2197 4034 nisi
2221 3990 2258 4034 a
2276 3967 2448 4056 Papa
2462 3968 2650 4056 erigi.

455 4066 578 4134 Sed
603 4070 804 4155 quaeri
848 4076 1057 4160 posset
1081 4068 1160 4136 de
1190 4092 1341 4137 casu
1370 4069 1791 4159 exceptionali
1821 4072 1889 4138 in
1923 4093 2054 4161 quo
2079 4072 2394 4142 Summus
2423 4072 2651 4140 Ponti·-

367 4171 463 4238 fex
490 4173 764 4259 erigeret
792 4175 1226 4243 cathedralem
1263 4175 1556 4264 aliquam
1587 4177 1725 4246 sine
1753 4179 2061 4268 capitu10,
2094 4202 2175 4246 an
2204 4184 2420 4269 postea
2446 4182 2651 4269 posset

367 4277 727 4367 capitulum
756 4278 882 4344 alia
919 4301 1115 4367 quam
1155 4281 1405 4349 Sanctae
1430 4280 1612 4349 Sedis
1647 4283 2050 4362 auctoritate,
2080 4285 2261 4352 verbi
2309 4285 2536 4373 gratia,
2573 4281 2651 4349 ab

368 4382 683 4474 Episcopo
725 4384 1077 4453 constitui?
1100 4385 1224 4455 Sed
1275 4408 1487 4475 neque
1517 4392 1672 4455 tunc
1700 4387 1822 4456 hae
1850 4392 2150 4478 potestate
2199 4377 2469 4481 polleret
2493 4388 2653 4479 Epi-
