2930 4982
408 379 533 434 626
1449 385 1654 431 lNDEX·

400 506 606 556 CAPUT
637 506 715 556 Ili.
751 506 989 568 Quaenam
1008 503 1374 565 jurisdictionis
1392 506 1585 568 species
1606 504 1670 554 ad
1688 505 1965 568 capitulum
1993 508 2271 567 transeant,
2295 519 2528 569 quaenam

461 599 565 636 non
597 589 847 635 transeant
854 620 2518 637 ......................................................
2592 590 2681 637 556

524 663 561 714 1.
597 664 671 714 An
695 663 974 727 capitulum
993 663 1232 713 succedat
1251 663 1497 727 Episcopo
1516 666 1691 713 tamin
1708 665 2055 726 jurisdictione
2071 666 2360 715 voluntaria
2376 678 2528 729 quam

728 759 750 794 s
812 746 898 792 ia?
907 780 2519 798 ....................................................

520 757 993 887 ΙΙ.ῃ.ἰῑ188ωᾶῐξ1ωΙιιηι
1013 822 1250 872 succedat
1274 825 1324 871 in
1344 822 1827 884 jurisdictionalibus
1845 837 1958 886 quae
1979 823 2220 887 Episcopo
2240 829 2532 887 competunt
2592 748 2681 796 556

579 915 641 952 ex
664 901 920 964 privilegio
944 907 1035 952 aut
1062 916 1124 953 ex
1150 902 1319 966 aliquo
1344 904 1441 953 alio
1465 903 1666 965 speciali
1689 906 1804 963 jure
1819 906 1843 951 Ρ
1851 941 2519 954 ......................
2594 906 2677 954 557

524 979 604 1031 111.
639 981 716 1031 An
743 981 1023 1044 capitulum
1063 982 1299 1032 succedat
1341 985 1395 1032 in
1438 982 1840 1044 competentibus
1875 982 2118 1046 Episcopo
2161 995 2223 1031 ex
2264 987 2530 1033 consuctu-

582 1059 699 1109 dine
715 1062 740 1109 Ρ
758 1097 2523 1113 .........................................................
2597 1061 2676 1109 557

518 1139 595 1189 iv.
631 1139 707 1189 An
746 1140 1029 1203 capitulum
1071 1141 1309 1192 succedat
1346 1143 1399 1190 in
1427 1140 1777 1201 jurisdictione
1810 1139 2037 1203 delegata
2066 1155 2221 1204 quam
2247 1141 2533 1204 possidebat

575 1217 857 1287 Episcopus
869 1222 894 1269 Ρ
913 1257 2521 1272 ....................................................
2593 1222 2680 1269 557
2765 1229 2770 1232 ·

520 1298 576 1348 V.
610 1297 686 1347 An
719 1303 771 1348 et
808 1300 1063 1361 quomodo
1100 1299 1379 1364 capitulum
1418 1299 1656 1350 succedat
1690 1302 1743 1349 in
1775 1300 2254 1361 jurisdictionalibus
2278 1303 2535 1362 quaesunt

581 1378 769 1428 ordinis
798 1377 1142 1443 Episcopalisi’
1164 1417 2524 1431 ............................................
2596 1381 2686 1429 560

397 1474 598 1526 CAPUT
629 1475 711 1525 iv,
746 1476 1033 1527 iurisdictio
1055 1478 1282 1542 capituli,
1308 1478 1427 1528 sede
1448 1481 1680 1544 vacante,
1703 1477 2001 1541 expenditur
2023 1481 2077 1527 in
2101 1475 2387 1540 particulari
2406 1477 2538 1525 circa

460 1556 602 1605 varia
624 1555 820 1617 objecta
822 1589 2531 1609 ......................................................
2598 1555 2681 1604 561

462 1635 493 1696 §
531 1639 572 1682 1.
609 1634 686 1684 Ad
718 1634 998 1697 capitulum
1022 1649 1124 1685 non
1148 1640 1415 1686 transeunt
1436 1649 1550 1698 quae
1577 1639 1873 1697 competunt
1897 1635 2136 1697 Episcopo
2160 1635 2363 1682 ratione
2387 1632 2539 1693 digni·

522 1716 642 1763 tatis
673 1712 979 1777 Episcopalis
999 1745 2529 1765 ..................................................
2597 1713 2677 1759 561

462 1792 493 1853 ἓ
524 1795 571 1841 2.
605 1792 700 1847 An,
728 1790 847 1841 sede
874 1795 1101 1850 vacante,
1132 1790 1412 1853 capitulum
1436 1794 1527 1839 aut
1549 1792 1766 1840 vicarius
1789 1791 2083 1854 capitularis
2105 1793 2303 1853 possint
2325 1789 2536 1839 condere

521 1873 744 1930 statuta,
772 1882 862 1918 seu
887 1871 1274 1919 constitutiones
1300 1882 1391 1932 pro
1421 1872 1529 1919 tota
1560 1869 1759 1920 dioecesi
1770 1904 2529 1922 .........................
2599 1869 2683 1917 562

461 1949 493 2012 ὃ
526 1952 572 1999 3.
609 1949 684 1999 An
717 1951 876 2013 possit
894 1949 956 1998 de
976 1948 1270 1998 criminibus
1294 1951 1549 2010 inquirere
1576 1954 1628 1999 et
1653 1962 1971 2012 cognoscere,
1994 1962 2052 1998 ac
2072 1962 2132 1998 ea
2153 1951 2343 2012 punire.
2357 1983 2369 1995 .
2389 1983 2401 1994 .
2422 1982 2434 1993 .
2455 1984 2468 1998 .
2487 1982 2500 1994 .
2521 1984 2533 1997 .
2602 1948 2686 1996 564

466 2026 498 2091 ἓ
529 2031 576 2076 4.
613 2028 688 2077 An
710 2028 988 2090 capitulum
1009 2031 1101 2076 aut
1125 2029 1343 2076 Vlcarius
1369 2026 1656 2090 capitularis
1687 2030 1866 2092 possit,
1891 2028 2011 2077 sede
2030 2030 2259 2086 vacante,
2277 2025 2537 2088 syndicare

526 2110 633 2156 tam
666 2120 785 2157 suos
815 2120 968 2169 quam
995 2106 1221 2155 defuncti
1245 2106 1477 2169 Episcopi
1508 2107 1737 2156 officiales
1744 2140 2534 2157 ..........................
2604 2106 2686 2153 565

466 2186 498 2247 ξ
531 2188 580 2236 5.
616 2186 857 2247 Quaenam
888 2189 954 2237 sit
982 2187 1208 2250 capituli,
1239 2191 1330 2236 aut
1356 2189 1532 2237 vicarii
1555 2186 1863 2249 capitularis,
1897 2188 2120 2248 potestas
2141 2187 2195 2234 in
2218 2186 2443 2234 censuris
2467 2182 2540 2232 fe-

530 2266 700 2315 rendis
708 2299 2527 2318 ...........................................................
2600 2262 2687 2309 566

470 2345 501 2407 §
536 2349 584 2395 6.
621 2346 750 2408 Quid
775 2349 933 2409 possit
957 2347 1124 2408 quoad
1147 2347 1544 2412 dispensationes
1554 2381 2379 2398 ...........................
2383 2398 2388 2400 Α
2398 2380 2532 2394 .....
2605 2343 2690 2404 566

470 2424 503 2487 3·
537 2428 586 2472 7.
621 2426 696 2473 An
725 2429 882 2488 possit
908 2426 1181 2475 concedere
1212 2426 1552 2488 indulgentias
1557 2458 2531 2477 ................................
2604 2421 2688 2469 567

471 2503 502 2563 §
536 2505 582 2550 8.
616 2501 746 2562 Quid
787 2505 943 2566 possit
985 2503 1149 2571 quoad
1194 2505 1610 2567 approbationem
1657 2504 1969 2554 confessariis
2016 2502 2236 2552 dandam
2270 2501 2351 2550 vel
2388 2504 2543 2550 retra·-

533 2580 753 2629 hendam
765 2618 2531 2635 .........................................................
2607 2581 2691 2641 568

472 2659 506 2720 g
539 2662 586 2709 9.
624 2662 699 2709 An
730 2664 887 2723 possit
924 2675 1100 2711 causas
1139 2662 1324 2712 arduas
1365 2668 1416 2712 et
1448 2666 1502 2713 in
1535 2665 1700 2725 specie
1732 2661 2129 2713 matrimoniales
2169 2672 2458 2722 cognoscere
2489 2662 2541 2707 et

539 2739 771 2802 expedire
776 2774 2531 2792 .........................................................
2606 2738 2691 2786 568

480 2818 511 2880 ἓ
549 2821 623 2868 10.
658 2818 727 2868 De
750 2824 999 2881 potestate
1019 2820 1221 2882 capituli
1245 2823 1297 2869 et
1313 2822 1484 2870 vicarii
1506 2819 1813 2883 capitularis,
1841 2819 1960 2868 sede
1979 2822 2212 2879 =vacante,
2234 2816 2399 2879 quoad
2417 2828 2541 2864 con-

542 2897 790 2947 cedendas
811 2899 1006 2949 litteras
1030 2900 1393 2949 testimoniales
1412 2903 1464 2948 et
1484 2893 1791 2949 dimissorias
1814 2898 1877 2948 ad
1902 2898 2243 2963 suscipiendos
2262 2895 2501 2944 ordines..
2524 2932 2535 2942 .
2606 2895 2690 2957 569

480 2976 510 3037 g
550 2982 621 3025 11.
655 2976 826 3026 Potest
855 2979 1108 3028 dioecesim
1133 2981 1335 3028 visitare
1356 2981 1406 3027 et
1428 2991 1649 3039 quonam
1673 2980 1774 3027 ritu
1796 2977 1845 3026 id
1871 2976 1980 3026 fieri
2002 2976 2180 3027 debeat
2187 3011 2533 3026 ............
2606 2972 2691 3018 573

481 3056 512 3117 §
547 3059 623 3105 12.
657 3055 733 3104 An
754 3057 1004 3119 synodum
1029 3058 1366 3108 dioecesanam
1387 3056 1678 3108 celebrare?
1680 3089 2534 3108 ............................
2605 3053 2689 3099 578

416 3149 621 3205 ,CAPUT
655 3150 714 3200 V.
749 3151 816 3200 De
842 3157 1092 3215 potestate
1121 3152 1347 3216 capituli,
1380 3153 1500 3203 sede
1532 3158 1763 3220 vacante,
1791 3156 1845 3204 in
1875 3156 2085 3203 materia
2105 3151 2471 3203 beneficiaria..
2491 3186 2532 3197 ..
2604 3148 2691 3196 580

482 3227 512 3291 ἓ
551 3234 592 3278 1.
627 3227 736 3276 Νοῐι
763 3230 930 3291 potest
965 3226 1190 3281 conferre
1219 3230 1462 3280 beneficia
1499 3246 1719 3293 quorum
1748 3232 1946 3282 collatio
1979 3232 2263 3295 pertinebat
2296 3229 2361 3278 ad
2383 3227 2542 3277 solum

545 3310 863 3374 Episcopum,
885 3314 937 3359 et
955 3312 1157 3359 cuinam
1180 3313 1467 3361 reservetur
1497 3311 1603 3361 haec
1628 3313 1828 3362 collatio
1838 3347 2190 3362 ............
2205 3374 2208 3377 Δ
2212 3344 2534 3358 ...........
2603 3307 2694 3354 580

483 3387 514 3450 ς
547 3392 594 3437 2.
630 3390 707 3438 Ad
735 3390 1012 3451 capitulum
1034 3393 1271 3452 pertinet,
1303 3390 1420 3440 sede
1442 3396 1671 3450 vacante,
1694 3392 1892 3441 collatio
1915 3389 2293 3448 beneficiorum,
2326 3385 2546 3448 quando,

545 3473 664 3518 ante
681 3470 1015 3526 vacationem,
1037 3468 1178 3517 illam
1205 3468 1422 3517 habebat
1440 3471 1740 3518 simultanee
1762 3483 1880 3519 cum
1901 3471 2142 3532 Episcopo
2152 3502 2536 3517 .............
2610 3465 2688 3512 581

485 3547 515 3611 ς
549 3549 592 3598 3.
629 3547 705 3597 An
738 3551 790 3597 et
830 3545 1082 3609 quomodo
1120 3547 1276 3609 possit
1313 3548 1530 3596 vicarius
1573 3549 1862 3611 capitularis
1898 3550 2140 3611 deputare
2172 3547 2415 3617 vicarium
2457 3556 2549 3592 seu

546 3640 863 3678 oeconomum
886 3628 974 3689 qui
994 3626 1236 3676 beneficia
1254 3630 1483 3677 vacantia
1504 3628 1823 3678 administret
1838 3633 1861 3677 Ρ
1870 3661 2536 3681 ......................
2611 3623 2696 3671 582

450 3758 457 3763 ,
485 3706 594 3769 ξ’ίι.
630 3707 919 3771 Capitulum
947 3709 1052 3756 sive
1077 3708 1290 3757 vicarius
1321 3709 1609 3770 capitularis
1648 3711 1814 3771 potest
1851 3710 2178 3770 praesentatos
2209 3704 2273 3753 ad
2305 3703 2550 3754 beneficia

545 3789 808 3837 instituere
833 3792 884 3836 et
907 3787 1092 3836 electos
1119 3787 1415 3838 confirmare
1432 3819 2538 3840 ....................................
2610 3782 2695 3829 584

485 3865 516 3927 ἓ
550 3871 596 3917 5.
634 3868 765 3928 Quid
792 3869 949 3930 possit
977 3867 1143 3928 quoad
1174 3867 1416 3918 beneficia
1448 3867 1751 3931 parochialia
1773 3881 1864 3930 per
1887 3874 2186 3916 concursum
2217 3860 2537 3912 conferenda.

547 3971 607 3982 —
630 3946 848 3995 Celebris
875 3945 1144 3996 declaratio
1173 3946 1381 3996 modum
1405 3960 1676 3997 concursus
1700 3946 1914 3996 faciendi
1937 3941 2280 3995 determinans
2286 3977 2538 3991 .........
2612 3937 2700 3988 585

423 4040 624 4090 CAPUT
655 4042 736 4093 VI.
772 4042 1033 4106 Quomodo
1058 4046 1249 4107 expiret
1267 4049 1487 4108 potestas
1506 4045 1710 4108 capituli
1730 4050 1780 4092 et
1797 4046 1967 4094 vicarii
1993 4042 2279 4106 capitularis
2283 4074 2541 4092 .........
2615 4035 2701 4084 589

486 4118 517 4182 ξ
554 4125 595 4168 ι.
631 4121 705 4167 An
730 4124 922 4182 expiret
937 4126 1210 4182 antequam
1230 4136 1393 4171 novus
1412 4122 1687 4187 Episcopus
1707 4123 1981 4172 ostenderit
1998 4119 2215 4183 capitulo
2234 4118 2429 4168 litteras
2447 4126 2558 4176 pro-

549 4199 752 4247 V¹Si⁰1¹is
771 4188 1095 4258 Apostolicae?
1099 4229 2542 4253 ...............................................
2618 4190 2705 4237 589

489 4279 520 4340 ξ
553 4280 600 4328 2.
635 4276 710 4326 An
733 4278 1022 4326 nominatus
1049 4281 1113 4329 ad
1143 4283 1487 4344 episcopatum
1516 4282 1577 4330 ab
1614 4281 1783 4343 aliquo
1816 4281 2068 4330 Gubernio
2101 4283 2247 4340 juxta
2283 4272 2553 4326 concorda-

553 4361 663 4405 tum
681 4355 836 4417 hujus
849 4352 1084 4405 Gubernii
1107 4372 1222 4408 cum
1245 4360 1426 4410 Sancta
1446 4360 1590 4420 Sede,
1608 4362 1766 4422 possit
1784 4361 2039 4411 dioecesim
2062 4357 2413 4407 administrare
2432 4352 2554 4400 ante

552 4432 981 4482 confirmationem
1011 4437 1337 4494 Apostolicam
1357 4442 1380 4485 Ξ)
1387 4466 2543 4490 ......................................
2620 4426 2699 4475 591
