2930 4982
1125 434 1205 478 DE
1251 432 1581 479 CAmTULtS.
2423 429 2500 484 19

166 616 187 625 -
229 582 260 621 «
285 553 517 636 Gallia,
552 552 893 644 Hispania,
926 552 1132 635 ltalia,
1161 551 1535 636 Germania,
1573 553 1641 620 in
1680 551 1943 621 Oriente
1978 578 1994 636 ;
2048 554 2223 621 unde
2249 562 2311 622 ct
2353 578 2507 625 con-

230 688 258 727 «
283 662 460 730 cludi
484 660 673 728 debet
698 661 1073 749 generalem
1097 660 1303 728 fuisse
1354 660 1546 727 illum
1575 682 1852 728 usum...
1888 659 2035 729 Non
2059 685 2213 751 ergo
2237 687 2312 732 ex
2354 666 2507 734 titu-

229 770 385 853 «lis,
420 773 537 837 aut
578 790 652 834 ex
696 768 984 835 ecclesiis
1038 766 1414 834 titularibus
1464 788 1705 834 nomen
1755 772 1997 836 traxere
2053 774 2194 836 tum
2259 769 2507 842 Sanctae

228 903 257 941 «
282 877 596 944 Romanae
660 873 961 944 Ecclesioe
1027 874 1414 960 cardinaleS,
1482 880 1627 941 tum
1694 873 1972 942 aliarum
2031 877 2502 949 cathedralium

229 983 613 1067 «canonici,
657 981 763 1049 sed
801 1003 876 1048 ex
929 982 1225 1071 ipsorum
1276 981 1669 1049 adhaerentia
1714 980 2020 1067 Cardini‚
2054 981 2121 1049 id
2160 992 2278 1070 est,
2310 1009 2385 1053 cx
2435 1009 2509 1056 eo

228 1118 257 1155 α
284 1090 462 1179 quod
514 1087 760 1178 priores
822 1087 1105 1155 Summo
1135 1086 1465 1170 Pontifici,
1516 1087 1895 1178 posteriores
1930 1088 2282 1177 cujuslibet
2309 1093 2518 1161 eccle-

224 1216 259 1260 ·«
289 1199 396 1266 siae
450 1195 771 1285 Episcopo
844 1194 1268 1262 adhaererent.
1369 1193 1662 1283 idipsum
1734 1193 1971 1262 fatetur
2045 1193 2516 1266 Thomassinus

235 1331 264 1363 «
302 1306 373 1392 tl.
410 1304 483 1382 2,
523 1324 581 1369 c.
626 1301 731 1384 15,
763 1324 950 1369 num.
990 1299 1170 1391 ult),
1207 1300 1767 1392 praeeminentiam
1807 1322 2044 1390 nempe
2071 1301 2513 1375 Cardinalium

238 1437 266 1471 «
296 1410 739 1477 Romanorum
790 1408 942 1474 inde
1002 1427 1294 1490 manare,
1350 1407 1525 1494 quod
1579 1404 1855 1474 Summo
1903 1406 2232 1487 Pontifici,
2286 1409 2350 1477 id
2399 1420 2514 1497 est,

235 1544 262 1579 ι(
293 1515 575 1601 cardini,
605 1514 998 1595 adhaereant,
1040 1517 1234 1601 atque
1262 1533 1417 1579 cum
1457 1512 1597 1601 ipso
1637 1511 1708 1578 in
1745 1534 1959 1579 unum
1990 1534 2224 1603 corpus
2252 1523 2519 1601 coeant;

232 1650 261 1683 «
292 1628 353 1689 et
402 1623 578 1691 idem
628 1610 997 1711 provenisse
1045 1619 1394 1688 Canonicis
1451 1641 1526 1685 ex
1555 1619 1781 1687 eadem
1829 1641 1978 1686 curn
2025 1618 2344 1713 Episcopo
2408 1647 2525 1693 suo

235 1729 793 1798 «coadunatione.
828 1726 993 1795 Cum
1035 1748 1111 1794 eo
1153 1733 1370 1794 tamen
1407 1726 1733 1793 immenso
1777 1724 2154 1794 discrimine
2196 1727 2522 1819 (addimus

239 1860 269 1899 «
296 1835 438 1925 nos)
464 1834 639 1924 quod
691 1833 1166 1923 presbyterium
1208 1833 1383 1898 inter
1424 1830 1728 1899 Ecclesiae
1779 1829 2199 1918 Universalis‚
2246 1840 2309 1900 et
2343 1858 2525 1925 pres-

239 1967 270 2003 «
296 1940 546 2029 byteria
559 1939 985 2008 ecclesiarum
1004 1937 1497 2028 particularium
1530 1936 1893 2005 intercedit.
1928 1963 1962 2001 >³
1992 1937 2296 2005 Confutat
2318 1948 2528 2029 postea

230 2045 429 2113 Nardi
458 2045 708 2134 objecta
731 2066 768 2112 a
798 2043 1215 2126 ParochistiS‚
1248 2044 1365 2133 qui
1406 2042 1807 2109 contendunt
1844 2043 2199 2131 antiquitus
2235 2048 2528 2117 cardina-

230 2150 321 2218 les
341 2151 551 2217 dictos
568 2148 769 2215 fuisse
792 2148 1101 2238 ipsosmet
1119 2148 1437 2238 parochos
1460 2172 1479 2228 ;
1511 2153 1574 2214 et
1591 2147 1915 2236 objiciunt
1934 2169 2252 2216 canonem
2267 2152 2352 2219 54
2379 2175 2531 2221 con-

229 2258 370 2324 cilii
391 2254 737 2324 Meldensis
756 2255 911 2319 anni
937 2253 1070 2319 845
1099 2277 1116 2318 ι
1155 2257 1237 2318 Ut
1270 2253 1503 2317 titulos
1529 2250 1900 2316 cardinales
1920 2252 1994 2316 in
2017 2254 2288 2321 urbibus
2308 2269 2368 2322 et
2388 2258 2537 2324 sub-

229 2359 455 2428 urbiis
496 2357 889 2423 constitutos
913 2355 1232 2444 Episcopi
1256 2355 1522 2421 honeste
1555 2354 1694 2420 sine
1729 2356 2201 2425 retractatione
2228 2360 2533 2431 ordinent

232 2476 302 2533 et
332 2462 775 2532 constituant.
812 2460 908 2528 lbi
941 2482 1180 2550 nempe
1217 2461 1433 2550 agitur
1476 2461 1554 2528 de
1587 2461 1881 2530 oratoriis
1912 2464 2186 2534 civitatis
2209 2473 2271 2534 et
2298 2470 2533 2539 subur-

239 2572 530 2639 biorum.
566 2567 640 2634 In
666 2567 917 2635 civitate
945 2572 1161 2634 autem
1195 2567 1363 2634 nulli
1388 2573 1549 2636 tunc
1573 2576 1757 2636 erant
1785 2570 2051 2659 parochi
2086 2595 2102 2655 3
2136 2576 2533 2645 concluden-

242 2679 404 2745 dum
432 2697 587 2765 ergo
626 2675 778 2742 istos
809 2675 1029 2741 titulos
1084 2675 1474 2762 pertinuisse
1509 2675 1590 2743 ad
1640 2674 1991 2764 collegium
2033 2680 2530 2767 canonicorum,

247 2784 332 2851 ad
375 2781 718 2851 cardinem
762 2780 1033 2865 scilicet,
1063 2780 1127 2848 id
1157 2785 1273 2868 est,
1305 2781 1384 2849 ad
1420 2781 1882 2848 cathedralem.
1917 2781 2020 2848 Ad
2046 2785 2219 2871 quod
2249 2787 2538 2874 proban-

160 2946 179 2972 ,
252 2889 407 2956 dum
473 2888 740 2955 adducit
784 2886 984 2954 Nardi
1036 2889 1206 2954 inter
1261 2887 1388 2954 alia
1434 2888 1694 2974 insigne
1742 2893 2254 2964 monumentum
2299 2890 2369 2955 in
2410 2913 2539 2979 quo

254 2992 560 3084 expressis
578 2993 877 3059 terminis
903 2991 1106 3058 iidem
1137 2994 1253 3079 qui
1275 2993 1591 3059 dicuntur
1621 2989 1987 3058 cardinales
2006 2992 2315 3063 dicuntur
2337 3003 2399 3065 et
2419 3001 2541 3067 Ca-

256 3100 469 3167 nonici
497 3123 519 3165 .·
550 3103 818 3168 Sanctae
859 3098 1324 3187 Berqamensis
1354 3097 1637 3164 ecclesioe
1682 3095 2134 3168 cardinalibus
2179 3107 2536 3192 canonicis,

256 3204 670 3295 presbyteris,
707 3203 1125 3289 diaconibuS,
1163 3202 1697 3286 subdiaconibus,
1721 3227 1880 3294 quos
1917 3207 2241 3276 Dominus
2271 3214 2540 3281 nuncin

262 3310 398 3378 sede
426 3309 643 3399 ipsius
673 3307 922 3376 ordinis
969 3308 1323 3398 qubernat.
1359 3309 1602 3399 Agitur
1648 3309 1842 3377 ibide
1885 3310 1966 3377 iis
1986 3314 2101 3400 qui
2131 3313 2447 3403 degebant
2467 3318 2537 3386 in

264 3416 400 3484 sede
443 3416 664 3507 ipsius·
692 3414 973 3494 ordinis,
1002 3414 1070 3482 id
1114 3421 1232 3498 est,
1265 3416 1334 3483 in
1371 3416 1752 3504 cathedrali,
1788 3440 1934 3506 quoe
1963 3420 2311 3488 vocabatur
2333 3423 2493 3491 ordo
2524 3450 2540 3503 ;

268 3523 435 3590 unde
457 3527 521 3589 et
551 3522 767 3589 clerici
799 3521 1182 3590 cathedralis
1239 3522 1626 3591 dicebantur
1656 3521 1735 3589 de
1755 3521 2007 3590 'ordine
2036 3546 2149 3590 seu
2182 3525 2540 3594 ordinarii.

267 3625 455 3697 Porro
492 3629 539 3694 ii
571 3628 870 3717 degentes
895 3628 1137 3698 insede
1160 3627 1404 3695 ordinis
1434 3649 1548 3694 seu
1572 3628 1645 3693 in
1685 3625 2033 3695 cathedrali
2063 3627 2371 3694 dicuntur
2401 3652 2550 3696 car-

268 3733 516 3802 dinales
530 3731 852 3801 canonici.
877 3730 1055 3798 ldem
1074 3732 1301 3820 probat
1326 3754 1600 3819 sequens
1615 3733 2088 3830 documentum
2110 3731 2302 3821 (apud
2322 3732 2383 3800 N
2383 3738 2546 3826 ardi‚

268 3847 307 3907 t.
342 3840 423 3924 ll,
459 3865 526 3931 p.
563 3840 715 3927 410)
740 3864 766 3910 ,z
808 3841 1075 3908 Nostrce
1129 3845 1359 3904 autem
1407 3831 1691 3903 ecclesioe
1740 3833 2018 3924 antiquo
2046 3835 2291 3907 honore
2340 3865 2550 3916 sacer.

271 3944 527 4012 dotibus
548 3956 827 4035 pastum
846 3956 1195 4034 praeparet
1217 3955 1416 4032 atque
1451 3940 1731 4025 tribuat,
1762 3962 1890 4031 quo
1916 3937 2380 4014 tantummodo
2408 3972 2552 4016 car-

274 4049 522 4118 dinales
548 4048 937 4133 sacerdotes,
966 4049 1342 4139 presbyteri
1384 4049 1636 4140 scilicet
1665 4071 1743 4115 ac
1767 4046 2031 4117 diaconi
2072 4061 2138 4117 et
2165 4052 2554 4123 subdiaconi

277 4155 360 4222 ad
382 4154 857 4224 comedendum
892 4136 1311 4224 conueniant.
1340 4155 1641 4224 Oratoria
1667 4160 1884 4223 autem
1913 4179 2058 4247 quae
2081 4159 2153 4224 in
2184 4158 2555 4228 civitatibus

280 4263 827 4330 constituebantur
867 4262 989 4331 sub
1021 4263 1291 4331 nomine
1325 4261 1684 4330 titulorum
1715 4261 2160 4332 cardinalium
2206 4290 2241 4328 «
2276 4287 2404 4332 non
2437 4265 2558 4328 ha-

287 4392 318 4429 «
346 4367 586 4436 bebant
623 4368 748 4436 sibi
789 4369 1121 4437 addictum
1168 4370 1302 4437 sive
1344 4369 1826 4439 incardinatum
1867 4371 2131 4461 aliquod
2181 4368 2554 4435 membrum

292 4499 322 4537 ι(
351 4476 768 4564 presbyterii:
806 4476 871 4543 id
913 4477 1090 4543 enim
1121 4476 1451 4567 pugnabat
1490 4499 1649 4547 cum
1691 4477 2054 4547 canonibus
2102 4469 2264 4538 tunc
2285 4470 2562 4556 vigenti-
