2930 4982
1175 354 1254 400 nn
1301 354 1623 401 cunnus.
2428 348 2551 406 319

293 502 322 540 «
351 476 445 543 vel
469 474 1022 543 conventualibus
1050 475 1353 562 ecclesiis,
1370 488 1715 567 praeteoetu
1744 477 1959 545 missoe
1979 478 2181 545 semel
2202 476 2274 544 in
2304 476 2562 568 diepro

295 607 324 646 α
349 581 791 649 anniversario
843 581 1278 668 celebranda»,
1328 606 1523 650 sacra
1582 582 1932 650 missarum
1990 583 2355 667 solemnia,
2412 606 2563 674 quoe

294 713 324 751 (ι
352 689 593 756 ratione
642 687 775 756 diei
822 688 928 756 vel
973 689 1142 778 festi
1183 689 1396 756 solent
1433 688 1801 756 solemnius
1852 688 2183 770 celebrari,
2231 687 2564 783 culpabili

291 818 321 857 α
342 795 742 885 neqliqentia
760 795 1318 887 praetermittunt.
1359 797 1534 863 Cum
1567 817 1722 884 erqo
1752 794 2020 862 ecclesia
2045 795 2408 884 qallicana‚
2438 820 2561 889 per

288 922 317 963 α
340 899 456 967 Dei
478 901 782 990 qratiam
822 911 1145 991 tanquam
1170 900 1443 968 lucerna
1471 922 1670 990 super
1699 898 2180 968 candelabrum
2199 903 2416 993 posita
2456 903 2564 971 lu·

286 1030 314 1068 α
339 1017 475 1073 ceat
526 1006 689 1074 aliis
726 1028 854 1096 per
905 1007 1395 1097 eoeemplum‚...
1437 1016 1770 1096 quatenus
1815 1005 2140 1086 universi,
2201 1016 2266 1072 et
2310 1005 2569 1098 sinquli

282 1110 614 1201 «provide
645 1110 1054 1180 attendentes
1076 1111 1258 1202 quod
1279 1112 1524 1179 servire
1549 1116 1682 1180 Deo
1707 1134 1988 1202 reqnare
2019 1122 2142 1199 est,
2177 1113 2452 1181 nullum
2495 1113 2569 1181 in

280 1242 312 1282 α
338 1239 451 1284 vos
488 1229 818 1307 torporem
845 1216 1259 1307 neqliqcntioe
1288 1218 1590 1307 obrepere
1618 1217 2068 1308 permittatis,
2104 1218 2461 1308 quominus
2502 1229 2569 1286 et

279 1345 461 1413 «pro
484 1324 956 1391 anniversariis
990 1324 1483 1414 defunctorum,
1518 1335 1579 1391 et
1600 1346 1730 1413 pro
1768 1326 1939 1414 festo
1970 1325 2077 1391 vel
2114 1324 2300 1414 feria
2324 1346 2567 1393 secun-

282 1454 313 1493 «
337 1428 496 1495 dum
519 1439 901 1518 temporum
920 1429 1462 1518 conqruentiam,
1483 1429 1836 1496 missarum
1865 1428 2189 1496 solemnia
2211 1441 2273 1496 et
2294 1452 2570 1498 conven-

281 1560 312 1599 ι(
342 1535 619 1604 tualiter
645 1534 976 1603 celebretis
1016 1547 1083 1602 et
1124 1534 1403 1625 faciatis
1445 1534 1971 1602 conventualiter
2011 1533 2328 1603 celebrari
2369 1534 2482 1624 (1).
2527 1558 2565 1600 ιι

278 1641 760 1731 (Institutiones
789 1641 1267 1726 ecclesiastiae,
1300 1642 1450 1708 inst.
1490 1640 1644 1720 107,
1672 1641 1712 1730 ξ
1738 1640 1834 1731 2.)
1874 1639 2256 1730 «Equidem
2288 1639 2569 1711 Ecclesia

280 1770 312 1809 «
336 1767 558 1814 euram
588 1750 1116 1836 perpetuumque
1140 1744 1428 1812 studium
1457 1744 1731 1812 ostendit
1755 1745 1832 1813 de
1862 1743 2229 1836 praestando
2257 1744 2566 1836 suffragio

282 1875 314 1917 c(
342 1850 821 1936 fundatoribuS,
849 1872 922 1919 ac
939 1851 1488 1936 benefactoribus,
1514 1850 1810 1939 quamvis
1827 1851 2227 1919 diuturnum
2256 1854 2567 1943 temporis

282 1963 618 2052 «spatium
641 1963 783 2051 jam
806 1958 1268 2042 intercesserit,
1295 1979 1415 2025 nec
1433 1958 1560 2047 ipsi
1581 1958 1650 2023 in
1674 1959 1995 2048 supremis
2025 1958 2270 2027 tabulis
2295 1960 2363 2025 id
2390 1959 2569 2048 cogi·

281 2089 313 2128 «
331 2067 633 2133 taverint.
667 2064 839 2131 Hinc
868 2060 1353 2131 cathedralibus
1376 2082 1449 2129 ac
1478 2061 1832 2148 collegiatis
1854 2061 2277 2129 conventuale
2306 2083 2568 2132 sacrum

280 2193 313 2231 «
337 2157 627 2257 quotidie
649 2171 962 2261 praecipit,
1004 2191 1078 2237 ea
1107 2169 1252 2257 lege
1278 2173 1341 2234 et
1368 2168 1742 2236 conditione
1773 2173 1847 2233 ut
1874 2169 2090 2257 ipsum
2123 2189 2240 2256 pro
2262 2168 2571 2237 benefac·
2618 2151 2628 2161 ’

280 2297 317 2338 «
346 2274 601 2342 toribus
621 2277 972 2362 generatim
994 2276 1402 2344 conficiatur.
1420 2299 1455 2339 »
1476 2273 1895 2362 (Benedictus
1916 2271 2302 2354 XIV,ibid.,
2331 2295 2398 2339 n.
2435 2272 2573 2365 15.)

359 2379 460 2447 Ex
510 2379 726 2447 relatis
779 2380 1159 2450 testimoniis
1205 2383 1296 2451 ita
1347 2379 1878 2449 concludendum
1939 2379 2232 2447 videtur:
2290 2378 2384 2447 De
2422 2385 2575 2469 jure

278 2487 622 2558 communi
658 2485 938 2578 capitula
969 2490 1348 2577 regulariter
1378 2493 1681 2557 tenentur
1709 2487 1788 2555 ad
1826 2485 2272 2575 quotidianam
2309 2486 2572 2557 missam

278 2595 769 2664 conventualem
791 2600 951 2664 ‘cum
968 2601 1183 2663 cantu.
1207 2596 1501 2664 Dicimus
1528 2593 1931 2685 requlariter
1949 2593 2035 2661 ob
2063 2595 2466 2685 exceptiones
2495 2618 2571 2663 ex

280 2707 651 2791 paupertate
696 2708 807 2772 aut
847 2702 1043 2771 nimis
1083 2726 1281 2794 parvo
1332 2724 1608 2771 numero
1651 2701 2122 2769 canonicorum
2174 2702 2345 2768 infra
2381 2723 2574 2790 expo-

281 2807 560 2874 nendas.

375 2906 460 2974 ll.
510 2907 623 2973 An
665 2910 1016 2998 aliquoties
1054 2923 1407 2978 teneantur
1445 2913 1754 2980 canonici
1797 2909 1892 2978 ad
1922 2910 2156 3000 plures
2202 2908 2429 2977 eadem
2470 2909 2578 2978 dic

281 3011 718 3082 celebrandas
744 3014 982 3081 missas
1008 3017 1512 3083 conventuales?
1539 3057 1628 3067 —
1654 3016 1761 3084 Sic
1791 3018 1985 3084 habet
2013 3014 2396 3083 Benedictus
2425 3015 2578 3086 XlV

284 3119 784 3213 (Institutiones
807 3120 1028 3189 eccles.
1046 3171 1063 3206 ,
1092 3120 1244 3189 inst.
1276 3121 1395 3188 107
1409 3176 1426 3209 ,
1456 3122 1586 3211 §m
1620 3145 1636 3188 :
1676 3148 1710 3187 α
1734 3122 1969 3190 Praeter
1993 3122 2263 3189 missam
2287 3143 2578 3190 conven-

291 3249 325 3291 ι(
349 3227 599 3293 tualem
638 3223 929 3315 quotidie
959 3224 1435 3310 celebrandam,
1478 3225 1774 3293 Rubricae
1819 3228 2168 3295 secundam
2212 3249 2286 3296 ac
2324 3226 2574 3295 tertiam

293 3353 326 3393 ι(
350 3331 596 3420 pariter
641 3329 906 3398 missam
956 3331 1452 3398 conventualem
1509 3331 1924 3422 praecipiunt,
1982 3355 2125 3420 quae
2174 3333 2365 3401 certis
2416 3334 2577 3402 anni

294 3457 327 3498 α
353 3435 585 3505 diebus
617 3437 1028 3526 contingunt.
1073 3435 1142 3506 Si
1178 3437 1474 3507 officium
1507 3459 1741 3506 novem
1780 3435 2138 3506 lectionum
2167 3440 2275 3507 fiat
2307 3440 2376 3507 in
2406 3438 2579 3520 Qua-

298 3564 329 3603 «
355 3540 776 3632 dragesimae,
818 3541 1289 3630 Rogationum,
1328 3543 1618 3624 Quatuor
1657 3551 2034 3635 temporum
2076 3566 2151 3612 ac
2182 3542 2579 3633 Vigiliarum

296 3669 327 3711 α
352 3647 553 3733 feriis,
612 3653 774 3714 tunc
816 3646 947 3714 duo
980 3667 1161 3714 sacra
1203 3650 1652 3716 conventualia
1690 3650 2031 3738 jubentur,
2084 3670 2297 3716 unum
2345 3667 2584 3734 nempe

299 3776 329 3815 «
354 3776 472 3844 pro
491 3753 870 3823 celebritate
892 3753 1020 3820 diei
1043 3758 1185 3843 post
1208 3752 1491 3832 tertiam,
1522 3753 1799 3821 alterum
1825 3777 1942 3845 pro
1966 3755 2123 3823 feria
2146 3757 2287 3844 post
2309 3772 2576 3822 nonam.

299 3885 332 3926 α
356 3860 424 3930 Si
455 3862 641 3930 inter
680 3859 988 3930 Octavam
1015 3859 1316 3951 Corporis
1344 3858 1584 3928 Christi
1624 3859 2044 3951 pervigilium
2079 3859 2348 3946 accidat,
2386 3859 2583 3932 etiam

303 3992 336 4033 α
357 3967 489 4037 duo
516 3989 705 4037 sacra
735 3967 1069 4036 statuenda
1096 3973 1274 4049 sunt,
1305 3968 1597 4059 primum
1638 3991 1875 4060 nempe
1903 3970 1984 4038 de
2020 3974 2266 4051 octava,
2303 3970 2582 4039 alterum

306 4098 340 4138 κ
361 4075 440 4143 de
476 4073 847 4167 pervigilio,
882 4074 1069 4156 Quod
1104 4074 1159 4143 si
1186 4096 1419 4146 novem
1449 4077 1810 4144 lectionum
1843 4075 2136 4142 officium
2165 4075 2488 4148 indicatur
2510 4078 2583 4147 in

351 4264 414 4325 (ι)
444 4263 630 4328 Capite
656 4261 783 4315 Cum
802 4265 1055 4327 creatura,
1082 4263 1147 4314 de
1170 4263 1508 4315 celebratione
1540 4261 1705 4323 miss„
1736 4259 1774 4313 1.
1805 4261 1890 4324 111,
1926 4261 2283 4325 Decretallum,
2306 4268 2387 4316 tit.
2411 4267 2488 4314 ⁴1.
2518 4282 2584 4297 -

295 4339 445 4394 Paulo
467 4343 624 4394 aliter
641 4354 701 4393 ac
723 4341 940 4394 habetur
969 4346 1023 4394 in
1048 4343 1265 4408 Corpore
1290 4344 1417 4405 juris
1448 4345 1646 4394 textum
1671 4343 1841 4393 cttaVIt
1865 4342 2162 4395 Benedictus
2187 4345 2298 4393 XIV
2319 4355 2382 4393 ex
2405 4336 2588 4388 collec-

303 4424 436 4475 tione
457 4424 671 4475 Ciconil.
2431 4433 2435 4437 ’
