2930 4982
445 337 571 395 406
1141 333 1149 341 “
1414 342 1757 389 'macutus

444 464 702 531 interest
725 462 923 531 choro
951 486 968 531 ε
1007 488 1042 527 «
1074 460 1242 530 Nam
1271 461 1385 553 (ait
1424 459 1586 528 ibid.
1629 458 2138 550 Scarfantonius)
2168 481 2317 528 cum
2343 460 2417 526 in
2448 481 2520 528 eo
2546 483 2703 551 prae-

442 589 588 638 sens
624 575 739 652 est,
783 574 845 634 et
890 567 1125 635 assistit
1167 567 1248 634 ad
1287 565 1511 633 divina
1558 565 1772 634 officia
1802 587 1954 634 cum
1998 564 2325 633 canonicis
2359 571 2422 631 et
2458 565 2597 632 aliis
2618 588 2707 635 ec·

440 674 648 743 clesiae
677 673 1014 753 ministris,
1044 673 1307 762 dignior
1339 695 1454 741 seu
1484 672 1650 741 alius
1679 672 2156 764 praesidentiam
2186 671 2432 738 habens
2466 673 2704 741 nomine

441 780 706 871 capituli
749 801 879 848 non
930 786 1179 848 exercet
1218 781 1329 870 jus
1372 779 1741 869 corrigendi
1776 785 1840 848 et
1876 778 2236 847 mulctandi
2280 776 2703 868 delinquentes

441 887 752 977 privative
773 886 851 953 ad
874 887 1092 977 ipsum
1122 886 1542 978 Episcopum,
1580 886 1688 953 sed
1717 885 1797 954 ad
1827 907 2168 954 summum
2198 889 2458 951 tantum
2487 906 2705 952 cumu-

439 991 633 1059 lative
681 1014 837 1061 cum
868 993 1019 1076 illo;
1054 991 1304 1060 etiamsi
1351 992 1536 1059 nulla
1588 990 1816 1058 decani
1863 1012 1977 1058 seu
2029 990 2293 1057 alterius
2343 989 2618 1079 deputati
2644 991 2699 1056 in

441 1097 825 1185 corrigendo
860 1098 1255 1187 negligentia
1302 1098 1741 1184 interveniret,
1771 1097 1871 1164 vel
1895 1096 2146 1164 etiamsi
2184 1094 2696 1164 immemorabilis

443 1210 853 1271 concurreret
876 1205 1280 1272 observantia
1320 1205 1495 1294 quod
1528 1205 1702 1273 solus
1730 1205 2074 1295 deputatus
2109 1226 2146 1270 a
2174 1203 2458 1293 capitulo
2473 1202 2700 1292 juberet

441 1309 512 1373 in
542 1309 740 1377 choro
785 1316 845 1376 et
892 1310 1239 1399 corrigeret
1291 1310 1784 1400 delinquentes3
1840 1312 1992 1400 quia
2030 1311 2169 1378 haec
2220 1331 2356 1378 non
2406 1316 2563 1379 esset
2592 1309 2695 1377 nisi

441 1415 806 1504 corruptela
845 1421 909 1484 et
952 1416 1217 1501 abusus,
1255 1439 1411 1485 cum
1451 1417 1723 1487 inferior
1764 1417 2128 1487 excluderet
2167 1417 2250 1484 ab
2280 1417 2574 1485 exercitio
2602 1418 2692 1507 ju-

440 1520 831 1591 risdictionis
860 1525 1259 1614 superiorem
1290 1531 1353 1593 et
1384 1530 1599 1616 caput.
1629 1551 1664 1591 »

528 1624 684 1693 Haec
708 1628 976 1697 facultas
1017 1631 1086 1697 in
1112 1631 1396 1721 capit‘ulo
1433 1629 1803 1718 corrigendi
1832 1630 2282 1720 delinquentes
2313 1630 2484 1697 circa
2510 1626 2692 1695 divina

440 1728 675 1815 officia,
735 1736 1016 1803 exerceri
1067 1742 1270 1825 potest
1315 1737 1511 1803 etiam
1573 1742 1800 1804 contra
1858 1736 2166 1826 ipsosmet
2221 1735 2587 1824 capitulares
2628 1731 2689 1798 de

442 1837 689 1922 gremio
713 1840 1067 1926 existentes,
1104 1840 1258 1932 (Pro
1287 1864 1418 1932 quo
1443 1841 1616 1909 citat
1642 1841 2166 1933 Scarfantonius
2187 1841 2413 1909 varios
2435 1851 2687 1908 auctores

443 1950 506 2005 et
533 1939 892 2012 decisiones
923 1945 1163 2037 Rotae.)

542 2074 577 2113 «
613 2049 987 2143 Eademque
1033 2053 1300 2121 facultas
1336 2053 1703 2120 extenditur
1753 2053 1944 2120 etiam
1985 2054 2066 2121 ad
2119 2053 2457 2121 condenda
2502 2054 2691 2120 statuta

446 2158 721 2245 poenalia
751 2168 972 2229 contra
997 2161 1254 2229 eosdem
1280 2160 1661 2251 capitulares
1688 2166 1744 2227 et
1763 2159 2043 2228 ecclesiae
2070 2160 2402 2229 ministros
2424 2161 2491 2226 in
2517 2156 2690 2226 officio

446 2260 921 2353 delinquenteS,
972 2267 1335 2335 dummodo
1362 2287 1495 2334 non
1523 2266 1830 2333 excedant
1854 2267 2125 2333 modum
2167 2265 2465 2334 fraternae
2490 2283 2694 2333 correc-

446 2365 639 2436 tionis
665 2391 739 2438 ac
770 2372 926 2439 levis
970 2374 1254 2453 mulctae,
1307 2374 1464 2462 quia
1499 2373 1806 2442 correctio
1835 2377 1896 2439 et
1924 2373 2224 2441 coercitio
2267 2395 2385 2463 pro
2429 2370 2702 2460 gravibus

444 2471 695 2542 delictis
721 2482 815 2545 est
850 2484 1032 2547 actus
1076 2479 1579 2568 jurisdictionis,
1618 2501 1847 2569 quamg
1892 2472 2380 2570 praescindendo
2404 2501 2441 2547 a
2468 2474 2709 2569 speciali

446 2579 785 2667 privilegio
840 2605 954 2650 seu
1007 2585 1514 2653 immemorabili
1545 2587 2041 2671 consuetudine,
2098 2608 2233 2653 non
2284 2589 2544 2674 possunt
2596 2603 2712 2648 nec

443 2682 637 2749 etiam
660 2690 883 2753 contra
907 2687 1051 2756 illos
1075 2689 1154 2756 de
1171 2687 1435 2778 *gremio
1465 2712 1754 2758 exercere
1783 2692 2066 2781 capitula
2106 2691 2223 2759 nisi
2245 2689 2385 2757 sede
2413 2692 2712 2772 vacante;

445 2788 573 2856 nisi
601 2791 747 2858 talia
778 2798 1009 2862 statuta
1038 2795 1319 2885 poenalia
1346 2796 1540 2863 etiam
1571 2797 1942 2864 excedentia
1977 2795 2415 2887 praescriptam
2455 2799 2712 2874 metam,

444 2896 644 2964 robur
670 2899 1062 2990 accepissent
1100 2924 1138 2970 a
1168 2903 1660 2971 confirmatione
1691 2903 2018 2995 Episcopi,
2048 2905 2120 2970 in
2149 2925 2281 2993 quo
2313 2900 2545 2969 residet
2578 2899 2710 2968 sub·

442 3004 819 3073 stantialiter
851 3008 1219 3097 jurisdictio
1276 3015 1339 3077 et
1386 3010 1482 3078 vis
1539 3011 1847 3079 coactiva.
1898 3034 1934 3074 »
1994 3007 2524 3100 (ScarfantoniuS,
2577 3011 2618 3073 t·
2660 3002 2700 3086 ¹2

445 3126 593 3195 pag.
625 3107 735 3194 20,
767 3132 835 3179 n.
859 3112 945 3181 43
987 3120 1050 3181 et
1077 3136 1242 3204 seq„
1268 3117 1463 3185 editio
1493 3116 1713 3199 Lucae‚
1754 3117 1832 3185 17
1839 3115 1980 3208 23.)

542 3238 576 3278 «
617 3214 927 3287 Canonici
977 3242 1110 3288 non
1157 3228 1431 3312 possunt
1467 3246 1504 3290 a
1535 3224 1819 3313 capitulo
1869 3245 2022 3292 voce
2071 3222 2340 3313 privari,
2392 3242 2595 3311 neque
2639 3215 2700 3284 ad

451 3342 485 3382 ι(
530 3320 742 3389 officia
789 3324 1122 3395 inhabiles
1164 3327 1476 3396 declarari
1539 3329 1868 3421 (Barbosa,
1920 3333 2016 3395 De
2065 3328 2436 3412 canonici3‚
2495 3349 2550 3394 c.
2609 3321 2696 3403 42,

454 3446 489 3486 c<
534 3444 601 3489 n.
649 3424 753 3492 16.
799 3429 1204 3520 —Fagnan.
1249 3434 1318 3500 in
1368 3456 1427 3502 c.
1492 3436 1663 3502 Cum
1704 3433 1950 3518 omneS,
2004 3457 2073 3503 n.
2132 3433 2247 3521 38,
2294 3437 2392 3501 De
2454 3427 2694 3516 const.)“,

453 3553 487 3593 «
531 3536 592 3597 et
609 3530 957 3603 declaravit
1022 3536 1217 3606 Sacra
1286 3539 1715 3630 Congregatio
1793 3542 2056 3611 concilii
2135 3540 2228 3631 (in
2305 3539 2560 3618 Pisana,
2629 3531 2696 3601 25

448 3638 505 3703 ι(
522 3638 702 3728 junii
748 3640 970 3732 1695).
1004 3669 1038 3707 »
1077 3643 1467 3735 (Monacelii,
1505 3650 1606 3714 tit.
1648 3648 1718 3732 2,
1747 3650 2025 3717 formula
2051 3648 2120 3733 4,
2151 3647 2373 3715 adnot.
2415 3647 2549 3733 16.)

531 3744 677 3814 Non
704 3748 934 3816 inutile
986 3751 1110 3817 erit
1156 3753 1560 3841 praemissam
1605 3755 1967 3824 doctrinam
2010 3755 2088 3823 de
2116 3758 2423 3844 potestate
2460 3744 2694 3842 capituli

443 3854 654 3938 quoad
675 3854 952 3944 poenalia
979 3857 1366 3926 confirmare
1386 3857 1757 3930 auctoritate
1780 3861 1990 3930 Sacrae
2012 3860 2543 3951 Congregationis
2573 3873 2698 3923 con-

444 3956 603 4025 cilii.
639 3958 748 4028 Sic
776 3963 1053 4030 habetur
1089 3962 1158 4030 in
1215 3965 1544 4034 Thesauro
1591 3968 2103 4051 resolutionum,
2174 3965 2316 4052 Vll,
2354 3988 2503 4057 pag.
2546 3959 2693 4031 163:

536 4086 571 4124 «
614 4064 990 4155 Capitulum
1016 4072 1394 4141 cathedralis
1422 4074 1706 4143 ecclesiae
1726 4075 2154 4158 Civitatensis,
2186 4079 2378 4142 utens
2404 4076 2695 4164 praetenso

448 4187 482 4227 «
520 4164 671 4251 jure
705 4173 1260 4248 animadvertendi
1300 4181 1370 4248 in
1403 4203 1555 4250 suos
1593 4182 2004 4273 capitulareS,
2035 4182 2119 4250 ob
2147 4180 2479 4271 quoddam
2509 4196 2697 4246 asser-

448 4298 482 4338 «
527 4276 669 4337 tum
698 4271 1006 4344 delictum
1034 4305 1073 4350 a
1100 4288 1411 4356 canonico
1441 4286 1690 4356 Joanne
1719 4287 2028 4359 Gonzalez
2056 4285 2444 4373 admissum,
2479 4281 2701 4351 nedum

445 4403 479 4443 «
526 4400 680 4447 eum
725 4381 1061 4449 mulctavit
1111 4411 1300 4477 poena
1353 4400 1716 4488 tercentum
1755 4397 2027 4485 triginta
2077 4393 2428 4483 regalium,
2492 4403 2699 4456 verum
