2930 4982
1163 347 1242 394 nn
1286 346 1616 395 carnotis.
2420 338 2544 395 377

287 493 318 532 α
359 467 624 552 dicatur,
673 473 1143 556 consequenter
1183 467 1601 536 asserendum
1662 474 1756 535 est
1799 466 1978 535 illam
2017 465 2547 556 jurisdictionem

273 598 304 636 «
350 594 608 640 manare
654 595 691 640 a
743 571 939 662 Papa,
992 572 1350 662 haberique
1410 594 1482 640 ex
1548 573 2044 650 consuetudine,
2098 572 2351 640 favente
2395 574 2548 662 jure

277 708 309 747 «
350 681 686 750 communi
715 687 776 749 et
806 682 1001 748 tacito
1029 702 1351 751 consensu
1386 682 1744 751 Pontificis.
1781 680 2010 769 Neque
2039 682 2103 749 id
2133 681 2402 750 involvit
2427 684 2547 751 ali-

275 811 304 852 «
346 789 499 877 quid
529 808 928 878 repugnanS‚
964 788 1067 855 vel
1104 788 1608 856 incommodum
1642 786 1933 877 aliquod,
1969 786 2077 853 sed
2106 786 2319 876 potius
2363 788 2544 856 valde

266 923 297 964 ι(
330 898 661 988 probabile
690 904 815 984 est;
841 897 997 987 quia
1019 899 1386 989 capitulum
1420 900 1813 967 clericorum
1850 917 2049 987 capax
2077 902 2170 963 est
2196 897 2545 986 spiritualis

262 1030 293 1070 α
326 1003 884 1093 jurisdictionis..
929 1002 996 1071 Si
1049 1026 1198 1070 vero
1254 1005 1512 1072 dicatur
1552 1005 1948 1085 secundum,
2000 1002 2172 1090 quod
2224 1002 2417 1068 etiam
2454 1008 2548 1069 est

259 1136 290 1174 «
336 1112 486 1178 satis
525 1109 890 1200 probabile,
934 1109 1287 1176 dicendum
1319 1116 1797 1200 consequenter
1825 1114 1919 1176 est
1948 1108 2099 1175 talia
2136 1112 2372 1174 statuta
2416 1127 2546 1174 non

258 1241 290 1280 α
335 1217 654 1305 obligare,
702 1217 826 1284 nisi
854 1215 924 1281 in
960 1217 1023 1283 vi
1056 1218 1417 1303 juramenti
1452 1217 1629 1306 quod
1671 1216 1811 1283 fieri
1849 1215 2032 1297 solet,
2073 1218 2135 1281 et
2180 1214 2247 1280 in
2282 1216 2346 1280 vi
2377 1213 2547 1302 pacti

255 1347 287 1387 (ι
333 1331 398 1390 et
425 1321 870 1413 promissionis
893 1343 1038 1410 quae
1062 1322 1222 1390 solet
1246 1325 1442 1391 etiam
1476 1322 1895 1390 intercedere.
1932 1346 1968 1385 »

333 1429 399 1496 4.
441 1428 748 1496 Confutat
788 1429 1273 1496 distinctionem
1312 1430 1486 1497 inter
1515 1435 1750 1497 statuta
1795 1426 2114 1494 directiva
2149 1431 2211 1493 et
2253 1426 2547 1493 coactiva

254 1555 353 1603 seu
389 1555 658 1626 poenam
708 1536 1138 1623 imponentia,
1186 1536 1514 1625 adquam
1573 1540 1923 1603 recurrunt
1970 1533 2169 1622 aliqui
2219 1539 2539 1614 auctores,

254 1647 598 1708 asserentes
624 1640 904 1708 coactiva
941 1662 1074 1708 non
1116 1663 1299 1730 posse
1338 1642 1480 1709 fieri
1517 1664 1554 1709 a
1588 1640 1904 1732 capitum,
1943 1638 2110 1706 bene
2150 1659 2302 1705 vero
2331 1636 2538 1705 direc-

254 1745 409 1815 tiva:
446 1772 481 1810 «
519 1745 673 1813 Non
708 1746 893 1815 video
917 1769 1052 1815 esse
1086 1748 1514 1815 necessariam
1560 1746 1996 1815 differentiam
2056 1745 2236 1812 illam
2288 1741 2370 1810 de
2402 1742 2542 1831 iege

263 1878 292 1917 «
334 1853 578 1943 poenali
605 1853 708 1921 vel
734 1874 866 1921 non
904 1854 1182 1943 poenali:
1219 1877 1370 1922 nam
1417 1876 1575 1923 cum
1604 1853 2059 1943 jurisdictione
2091 1858 2364 1940 utraque
2403 1851 2541 1918 fieri

260 1983 293 2023 ι(
334 1966 565 2050 potest,
591 1960 820 2028 etsine
839 1960 1291 2050 jurisdictione
1325 1966 1567 2028 neutra
1615 1960 1767 2027 ferri
1801 1965 2006 2050 potest
2045 1964 2355 2047 tanquam
2394 1978 2545 2023 vera

259 2088 292 2127 «
332 2063 468 2132 lex:
517 2065 588 2131 in
628 2066 687 2132 vi
724 2073 939 2132 autem
989 2065 1438 2155 promissionis
1489 2070 1775 2153 utroque
1812 2066 2003 2131 etiam
2042 2064 2234 2131 modo
2265 2062 2404 2128 fieri
2436 2083 2546 2151 po·

257 2192 295 2231 ι(
340 2173 497 2251 test3
550 2170 723 2237 sicut
758 2170 1046 2259 quotidie
1074 2171 1242 2237 fiunt
1277 2177 1467 2261 pacta
1507 2170 1875 2260 poenalia...
1926 2168 2179 2236 Verum
2207 2175 2424 2235 tamen
2454 2173 2548 2233 est

259 2298 296 2338 a
343 2273 517 2339 hanc
572 2277 882 2364 privatam
936 2279 1402 2344 correctionem
1462 2297 1597 2344 non
1658 2297 1845 2366 posse
1897 2274 2150 2341 extendi
2197 2272 2279 2340 ad
2324 2292 2549 2362 poenas

262 2404 297 2443 α
343 2400 496 2466 qua-3
523 2401 596 2446 ex
618 2380 1070 2468 jurisdictione
1093 2381 1404 2470 pendent,
1434 2387 1508 2449 ut
1538 2386 1694 2449 sunt
1716 2401 2027 2448 censurae.
2058 2405 2092 2443 »

340 2483 498 2554 Haec
525 2484 804 2557 Suaresii
828 2489 1124 2557 doctrina
1150 2488 1244 2558 sic
1274 2489 1524 2557 resumi
1550 2511 1738 2580 posse
1764 2487 2056 2556 videtur:
2086 2487 2150 2554 1⁰
2173 2484 2435 2556 Certum
2457 2489 2551 2551 est

254 2591 611 2680 capitulum
640 2615 822 2683 posse
856 2595 1141 2663 condere
1171 2596 1396 2685 aliqua
1433 2600 1701 2678 statuta3
1738 2594 1809 2662 2⁰
1831 2598 2032 2686 potest
2063 2594 2200 2661 sine
2230 2612 2550 2659 consensu

254 2692 554 2786 Episcopi
571 2705 847 2769 statuere
862 2701 941 2770 de
963 2702 1331 2771 minoribus
1351 2724 1503 2791 quae
1530 2726 1572 2794 p
1590 2701 1871 2769 ertinent
1889 2703 1967 2769 ad
1986 2701 2233 2769 bonum
2252 2697 2549 2765 ordinem

264 2805 329 2865 et
348 2803 636 2885 regimen
656 2808 945 2895 capituli,
975 2798 1109 2876 n'on
1143 2809 1220 2875 de
1246 2809 1659 2896 gravioribus
1680 2830 1697 2889 ;
1722 2805 1787 2874 3⁰
1811 2808 2137 2872 incertum
2160 2805 2455 2869 remanet
2474 2821 2557 2866 an

261 2913 502 2976 statuta
536 2930 573 2975 a
602 2914 882 3002 capitulo
907 2915 1166 2981 condita
1205 2917 1337 2981 sint
1363 2936 1534 2980 verae
1566 2915 1742 2999 leges
1769 2933 1844 2977 ex
1877 2909 2334 2998 jurisdictione
2361 2926 2555 2994 quam

259 3015 530 3085 haberet
572 3018 937 3109 capitulum
977 3025 1355 3104 manantes,
1394 3039 1479 3085 an
1533 3022 1793 3083 tantum
1846 3014 2138 3102 obligent
2178 3014 2242 3078 vi
2286 3013 2453 3103 pacti
2500 3017 2562 3078 et

260 3125 744 3211 promissionis3
786 3124 858 3190 4⁰
889 3129 1164 3215 possunt
1189 3130 1406 3193 autem
1453 3124 1574 3191 ista
1613 3127 1845 3190 statuta
1873 3142 2008 3190 esse
2032 3120 2221 3188 etiam
2248 3117 2549 3210 poenalia.

1388 3371 1441 3429 V

958 3518 1192 3569 citantur
1209 3516 1449 3569 nonnulli
1478 3516 1564 3567 alii
1587 3515 1816 3566 doctores
1829 3552 1841 3564 .

350 3709 410 3776 1ο
444 3706 739 3777 Rubeus.
765 3743 856 3757 -
879 3703 988 3774 Sic
1017 3705 1207 3772 habet
1252 3707 1322 3771 in
1375 3726 1572 3794 opere
1613 3724 1730 3771 suo
1760 3702 1868 3769 cui
1899 3700 2125 3768 titulus
2155 3692 2557 3784 Sinqularia

265 3833 338 3879 cx
361 3817 551 3882 Rotoe
586 3810 1030 3880 decisionibus
1078 3811 1257 3902 (tom.
1288 3809 1339 3893 l,
1404 3831 1562 3900 pag.
1605 3807 1763 3892 303,
1816 3808 1966 3874 edit.
2023 3805 2273 3883 Romae,
2332 3797 2551 3888 1624),

266 3918 584 3988 disserens
602 3920 669 3986 in
700 3919 1097 3986 decisionem
1121 3916 1249 3985 diei
1280 3915 1319 3985 3
1341 3915 1609 3984 decemb
1624 3915 1715 3983 ris
1753 3912 1952 3998 1593,
1984 3930 2201 3979 coram
2230 3905 2555 3992 Corduba,

267 4023 329 4092 in
353 4048 546 4095 causa
570 4025 927 4093 Ilerdensi:

360 4159 391 4197 α
419 4132 552 4201 Ubi
578 4131 819 4199 dicitur
849 4131 1025 4220 quod
1051 4129 1414 4221 capitulum
1462 4150 1601 4194 non
1645 4129 1851 4215 potest
1878 4126 2151 4189 statuere
2185 4141 2379 4210 super
2407 4115 2563 4187 resi-

279 4262 310 4300 «
354 4239 769 4324 dentia,ve1
824 4260 1017 4329 super
1058 4243 1224 4304 statu
1294 4233 1585 4301 ecclesiae
1650 4231 1789 4297 sine
1857 4248 2166 4295 consensu
2224 4217 2560 4313 Episcopi,

282 4366 315 4407 (ι
356 4347 644 4415 maxime
687 4344 949 4435 quando
987 4344 1207 4411 statuit
1252 4339 1740 4432 impositionem
1789 4355 2019 4427 poenae,
2053 4333 2206 4422 quia
2234 4336 2326 4395 est
2366 4319 2566 4413 juris-
