2930 4982
1242 330 1323 376 m:
1360 330 1690 382 enimus.
2494 336 2618 395 367

325 442 579 526 cordia,
619 443 1009 534 privileqiis
1047 445 1157 514 vel
1198 451 1775 522 consuetudinibus
1816 456 2019 526 etiam
2057 460 2621 536 immemorabili·

323 550 467 619 bus,
512 549 862 640 Postquam
902 551 1042 621 haec
1096 556 1483 625 memoravit
1531 557 1602 626 in
1654 560 1823 629 dicta
1862 561 2041 632 bulla
2086 565 2392 638 Urbanus
2439 570 2615 654 Vlll,

322 657 666 725 confirmat
715 658 1079 747 praemissas
1107 661 1577 733 declarationes
1624 666 1730 734 his
1756 668 2019 739 verbis:
2061 674 2196 743 Nos
2224 674 2616 747 inviolabili

317 760 850 831 declarationum
893 786 1009 833 seu
1050 765 1465 836 decretorum
1512 770 1895 840 eorumdem
1935 773 2377 849 observationi
2399 805 2612 873 quan·

319 881 466 937 tum
488 891 638 936 cum
660 868 942 936 Domino
959 893 1318 960 possumus
1332 876 1673 945 consulere
1695 877 2024 959 volentes,
2048 893 2232 949 motu
2243 887 2606 977 proprio...

312 971 800 1042 declarationes
819 995 933 1041 seu
955 974 1216 1046 decreta
1241 982 1563 1072 praefata,
1608 1006 1760 1052 cum
1788 984 2104 1054 omnibus
2132 998 2196 1054 et
2226 988 2566 1080 sinqulis
2538 1017 2612 1064 tn

310 1079 409 1146 eis
434 1079 757 1147 contentis
772 1080 825 1146 A
822 1080 1163 1171 postolzca
1182 1085 1584 1155 auctoritate
1602 1098 1824 1158 tenore
1836 1092 2272 1181 praesentium
2282 1109 2613 1188 perpetuo

305 1185 780 1276 approbamus
821 1198 886 1254 et
926 1187 1417 1277 confirmamus.
1468 1190 1641 1282 Ergo
1691 1195 2040 1285 apostolica
2088 1201 2466 1271 auctoritate
2503 1204 2614 1275 de-

305 1293 535 1360 cisum
584 1297 875 1360 remanet
934 1314 1118 1383 posse
1161 1293 1554 1387 Episcopum
1610 1319 1685 1366 ex
1742 1300 2016 1371 decretis
2042 1300 2441 1376 Tridentinis
2485 1333 2614 1401 per

301 1398 627 1489 seipsum,
670 1418 746 1466 ac
783 1399 1058 1489 proinde
1104 1399 1346 1489 absque
1395 1424 1714 1473 consensu
1772 1406 2067 1497 capituli,
2119 1431 2507 1499 cognoscere
2549 1423 2613 1484 et

304 1501 588 1570 definire
612 1523 837 1570 causas
864 1503 1242 1574 criminales
1272 1527 1503 1575 eorum
1534 1507 1653 1597 qui
1685 1529 1821 1577 non
1848 1517 2000 1578 sunt
2029 1511 2111 1580 de
2144 1515 2448 1605 capitulo.

404 1608 643 1678 Mirum
678 1614 772 1676 est
807 1609 978 1677 hanc
1003 1611 1166 1677 tanti
1197 1614 1514 1681 momenti
1555 1614 1861 1683 bullam
1841 1639 1915 1684 m
1944 1618 2068 1686 hac
2098 1622 2451 1708 quaestione
2475 1646 2607 1695 non

302 1717 499 1786 citari
525 1738 738 1805 neque
774 1738 811 1782 a
847 1715 1028 1799 Rota,
1061 1738 1269 1806 neque
1297 1719 1380 1787 ab
1407 1722 1836 1791 auctoribus:
1877 1723 2024 1792 ideo
2056 1725 2241 1813 forte,
2277 1732 2435 1818 quia
2457 1741 2607 1802 ante

303 1824 561 1891 editum
603 1822 966 1890 bullarium
1008 1822 1386 1892 Romanum
1427 1825 1813 1916 hujusmodi
1835 1831 2227 1902 documenta
2253 1834 2441 1905 facile
2469 1861 2606 1930 prae

301 1930 616 1998 manibus
646 1928 937 1997 doctores
967 1950 1100 1995 non
1127 1929 1478 2010 habebant.

402 2033 607 2102 Valde
630 2039 848 2102 autem
880 2038 1100 2101 notatu
1142 2033 1420 2122 dignum
1446 2040 1539 2102 est
1561 2057 1677 2126 per
1715 2057 1859 2105 eam
1884 2039 2135 2108 bullam
2168 2043 2369 2114 simul
2393 2046 2607 2116 decla-

300 2142 473 2218 rari,
510 2140 907 2229 Episcopum
950 2158 1175 2206 causas
1218 2139 1593 2208 criminales
1632 2143 2101 2211 canonicorum
2128 2154 2192 2215 et
2213 2151 2604 2239 dignitatum

308 2265 703 2333 cognoscere
739 2265 875 2311 non
916 2265 1101 2333 posse
1133 2243 1262 2310 nisi
1297 2265 1454 2311 cum
1493 2243 1750 2312 duobus
1793 2245 2126 2336 adjunctis
2149 2271 2177 2333 ;
2219 2254 2415 2342 idque
2447 2258 2606 2324 dum

302 2351 531 2441 agitur
568 2351 648 2419 de
696 2350 984 2440 capitulo
1019 2350 1193 2438 quod
1236 2350 1606 2417 declaratur
1647 2374 1781 2419 non
1801 2370 2204 2445 exemptum.
2234 2357 2302 2427 ld
2334 2363 2608 2451 probare

303 2457 595 2538 videtur,
642 2461 932 2547 tempore
980 2454 1228 2524 Urbani
1262 2453 1437 2541 Vlll,
1488 2454 1819 2525 decretum
1851 2459 1906 2527 T
1907 2461 2313 2533 ridentinum
2331 2467 2413 2537 de
2444 2470 2608 2539 duo-

300 2565 432 2633 bus
458 2566 781 2656 adjunctis
821 2564 982 2656 (cap.
1035 2563 1099 2648 6,
1148 2584 1304 2632 5555.
1359 2563 1502 2654 25),
1543 2565 1943 2635 intellectum
1975 2569 2172 2640 fuisse
2190 2571 2269 2641 de
2291 2578 2603 2667 capitulis

300 2672 505 2738 etiam
532 2695 662 2740 non
686 2670 1027 2762 exemptis3
1065 2676 1125 2738 et
1158 2691 1381 2738 revera
1411 2670 1676 2739 nullum
1709 2680 1802 2742 est
1847 2676 2119 2746 verbum
2146 2680 2216 2747 in
2241 2687 2418 2750 textu
2445 2683 2606 2754 Tri-

308 2777 579 2843 dentino
621 2777 797 2865 quod
840 2778 1331 2868 dispositionem
1377 2778 1615 2846 limitet
1657 2780 1736 2846 ad
1786 2783 2072 2870 capitula
2130 2794 2453 2875 exempta.
2520 2791 2608 2858 At

312 2901 498 2961 vero,
527 2888 599 2948 ut
636 2882 1014 2948 monuimus
1057 2890 1234 2971 parte
1280 2903 1377 2964 111,
1426 2903 1570 2971 cap.
1608 2883 1672 2969 1,
1704 2885 1746 2973 ξ
1787 2886 1855 2969 ὃ,
1909 2889 2248 2975 praevaluit
2294 2898 2605 2965 sententia

304 2988 633 3077 opposita,
661 2988 835 3054 hanc
856 2986 1100 3053 scilicet
1128 2988 1682 3076 praescriptionem
1705 2989 2072 3059 Tridentini
2103 2998 2362 3066 concilii
2389 3002 2467 3070 de
2495 3004 2602 3072 ad-

305 3085 615 3160 hibendis
645 3093 730 3160 ab
763 3091 1083 3183 Episcopo
1125 3091 1383 3159 duobus
1429 3092 1759 3161 canonicis
1802 3098 2238 3187 cojudicibuS,
2291 3109 2602 3197 respicere

308 3203 562 3267 tantum
603 3197 885 3289 capitula
921 3204 1219 3289 exempta
1246 3225 1264 3285 3
1313 3202 1507 3287 atque
1536 3203 1732 3284 certa,
1758 3205 1820 3266 et
1853 3209 2024 3270 extra
2052 3227 2310 3276 omnem
2334 3227 2595 3283 contro-

304 3306 619 3392 versiam,
648 3309 723 3372 ut
763 3306 853 3371 ait
880 3303 1248 3372 Cardinalis
1269 3303 1349 3371 de
1376 3302 1582 3389 Luca,
1623 3308 1821 3373 evasit
1864 3313 2183 3381 sententia
2212 3316 2459 3402 eadem,
2490 3331 2598 3391 ut-

305 3419 455 3502 pote
486 3435 523 3479 a
568 3411 1183 3501 congregationibus
1216 3409 1668 3479 Cardinalium
1714 3418 1775 3479 et
1822 3415 2007 3503 praxi
2039 3416 2347 3493 Romanae
2387 3430 2594 3496 Curiae

307 3522 706 3605 canonizata,
742 3517 809 3585 id
829 3522 947 3603 est,
975 3517 1045 3584 in
1074 3515 1371 3605 regulam
1402 3522 1676 3606 recepta.

398 3625 491 3693 Ex
534 3624 827 3693 adductis
869 3623 1357 3690 auctoritatibus
1404 3622 1696 3710 sequitur
1744 3628 2090 3697 tenendam
2137 3635 2409 3701 omnino
2464 3657 2596 3704 5555

308 3733 661 3822 expositam
704 3728 1071 3798 doctrinam
1096 3729 1177 3796 de
1209 3749 1343 3795 non
1381 3727 1688 3816 requisito
1722 3731 1991 3820 capituli
2016 3758 2335 3805 consensu
2368 3740 2437 3805 in
2470 3763 2596 3830 pu-

310 3834 566 3909 niendis
594 3835 677 3901 ab
723 3833 1041 3925 Episcopo
1080 3832 1491 3901 subditorum
1538 3836 1925 3906 excessibus.
1977 3840 2137 3920 Quae
2164 3842 2458 3913 doctrina
2504 3848 2595 3918 sic

310 3940 587 4008 breviter
613 3941 856 4007 resumi
884 3944 1137 4030 potest:

402 4047 467 4114 1⁰
494 4046 636 4115 De
615 4068 762 4136 Jure
792 4047 1130 4114 communi
1154 4065 1290 4115 non
1311 4053 1455 4168 eget
1480 4047 1884 4138 Episcopus
1869 4072 1933 4116 m
1956 4051 2301 4139 puniendis
2329 4061 2597 4128 excessi-

307 4152 430 4222 bus
455 4151 849 4221 clericorum
896 4145 1219 4225 consensu
1266 4153 1773 4241 cujuscumque,
1821 4159 2078 4243 excepto
2105 4177 2252 4226 casu
2282 4162 2593 4252 degrada-

306 4258 525 4341 tionis,
572 4279 691 4348 pro
731 4278 864 4346 quo
899 4257 1257 4345 requiritur
1302 4254 1597 4346 plurium
1627 4253 2098 4345 Episcoporum
2128 4262 2480 4349 judicium,
2533 4267 2596 4325 et

307 4365 563 4433 casibus
617 4370 939 4454 perpetuae
1013 4360 1453 4451 suspensionis
1495 4366 1555 4425 et
1595 4359 1912 4429 interdicti
1973 4366 2042 4430 in
2100 4366 2419 4440 ecclesiaS,
2478 4378 2592 4447 pro
