2930 4982
404 341 438 395 2
452 342 530 396 52
1373 346 1720 394 TRACTATUS

402 493 535 540 non
565 475 867 540 tenentur
903 469 1363 560 genuflectere,
1411 469 1569 536 dum
1620 467 1758 557 ipse
1797 467 2038 558 populo
2066 464 2442 534 solemniter
2480 462 2686 533 bene-

400 577 579 664 dicit,
611 598 821 665 neque
862 597 1018 644 eum
1061 575 1409 642 abeuntem
1455 595 1666 663 usque
1711 572 1793 640 ad
1839 573 2110 642 rhedam
2153 571 2464 641 associare
2498 569 2685 662 (apud

401 682 786 767 Gardellini‚
814 705 882 750 n.
928 682 1100 750 1486
1123 718 1212 734 —
1241 681 1411 752 1499
1440 678 1782 770 -1546).

493 790 602 860 15⁰
630 790 850 859 Prima
896 789 1175 879 dignitas
1212 789 1484 880 capituli
1523 788 1825 877 fungitur
1853 786 2068 856 officio
2108 785 2464 877 presbyteri
2507 785 2688 854 assis·

399 897 592 966 tentis
631 896 952 987 Episcopo
999 894 1352 964 celebranti
1394 918 1511 964 seu
1550 894 1891 962 assistenti.
1940 892 2120 960 Idem
2152 897 2470 982 *praestare
2505 891 2689 960 debet

403 1004 476 1071 in
524 1003 974 1072 benedictione
1020 1004 1463 1089 candelarum,
1520 1003 1813 1071 cinerum
1867 1007 1931 1069 et
1979 1001 2383 1091 palmarum:
2441 999 2532 1067 ita
2579 1000 2687 1069 de-

404 1108 613 1178 cisum
641 1131 678 1176 a
716 1107 784 1177 S.
821 1108 1339 1199 Congregatione
1370 1110 1624 1178 rituum
1658 1108 1806 1175 vide
1830 1108 2004 1198 apud
2035 1104 2416 1186 Gardellini,
2450 1111 2500 1174 t.
2518 1103 2683 1192 vm,

399 1238 468 1284 n.
505 1214 706 1281 4484.

482 1322 592 1389 16⁰
623 1321 935 1391 Canonici
963 1321 1255 1390 assistere
1281 1320 1599 1412 Episcopo
1630 1324 1971 1389 renuentes
2007 1319 2329 1411 plectendi
2364 1324 2521 1388 sunt
2553 1318 2686 1389 aliis

396 1427 610 1517 poenis
656 1427 826 1495 ultra
877 1414 1294 1497 amissionem
1349 1425 1890 1493 distributionum
1943 1425 2034 1514 (n.
2088 1424 2258 1492 1447
2299 1424 2684 1494 collectionis

398 1530 852 1620 Gardellianae)
866 1583 882 1598 .

485 1636 778 1706 Pomorum
809 1636 923 1705 ΙΙΙ.
962 1675 1053 1688 -
1093 1636 1336 1704 Debita
1381 1636 1718 1726 Episcopo
1770 1634 1995 1725 quoad
2028 1635 2545 1704 associationem.
2597 1672 2684 1689 —·

397 1742 577 1812 Sicut
605 1744 874 1812 debetur
909 1742 1306 1834 pontificalia
1349 1744 1675 1811 exercenti
1719 1742 2036 1834 Episcopo
2078 1742 2463 1829 assistentia,
2504 1742 2685 1811 ita-et

395 1849 628 1916 iisdem
667 1849 746 1916 de
788 1849 999 1916 causis
1027 1854 1274 1916 certum
1315 1853 1410 1916 est
1446 1848 1506 1916 ei
1549 1848 1770 1915 deberi
1806 1848 2318 1917 associationem.
2355 1848 2518 1930 Quae
2543 1847 2682 1939 Epi-

396 1956 573 2045 scopi
599 1954 951 2023 associandi
973 1955 1070 2022 lex
1102 1953 1194 2022 sic
1221 1954 1292 2021 in
1335 1953 1789 2022 Caeremoniali
1812 1953 2285 2045 Episcoporum
2308 1954 2681 2046 exprimitur

399 2059 469 2150 (l.
518 2059 570 2140 1,
610 2083 669 2129 c.
732 2060 833 2151 15)
863 2087 878 2130 :
932 2061 1102 2128 Cum
1127 2060 1500 2152 Episcopus
1542 2061 1640 2128 rei
1667 2059 1912 2128 divinae
1936 2059 2340 2151 peraqendoe
2368 2082 2571 2129 causa
2605 2056 2685 2126 ad

397 2165 735 2234 ecclesiam
764 2177 1078 2235 venturus
1112 2167 1263 2251 erit,
1306 2167 1443 2235 sive
1471 2168 1745 2259 ipsemet
1787 2166 2237 2236 celebraturus
2261 2167 2378 2253 sit,
2415 2168 2557 2234 sive
2591 2165 2682 2233 al-

400 2284 522 2353 ter,
551 2272 785 2342 debent
807 2274 1109 2343 canonici
1136 2297 1384 2355 omnes,
1417 2276 1489 2342 in
1516 2297 1745 2343 eorum
1768 2274 2198 2343 ecclesiastico
2226 2287 2290 2343 et
2319 2272 2680 2343 canonicali

396 2379 659 2466 habitu,
686 2381 1271 2471 appropinquante
1289 2381 1482 2466 hora,
1507 2380 1600 2448 ad
1614 2382 1815 2448 illum
1832 2377 2148 2465 accedere,
2180 2403 2461 2471 eumque
2479 2398 2675 2471 cappa

398 2481 794 2552 indutum...
831 2485 924 2552 ad
946 2486 1282 2564 ecclesiam
1309 2486 1878 2578 proqredientem,
1910 2487 2227 2556 comitari
2259 2500 2324 2557 et
2354 2486 2672 2557 deducere.

397 2590 746 2656 Proeibunt
767 2590 1146 2679 familiares
1173 2594 1514 2685 Episcopi,
1550 2607 1615 2662 et
1659 2596 1740 2685 (si
1777 2592 2016 2687 aderit)
2058 2595 2513 2685 maqistratus,
2560 2603 2683 2660 aut

399 2695 528 2763 alii
557 2694 810 2763 nobiles
850 2707 914 2764 et
945 2696 1243 2766 illustres
1274 2701 1406 2768 viri
1443 2701 1828 2770 immediate
1857 2715 2015 2771 ante
2043 2703 2486 2794 Episcopum:
2535 2713 2685 2766 tunc

402 2802 544 2892 ipse
586 2803 980 2895 Episcopus,
1025 2815 1089 2871 et
1127 2818 1283 2895 post
1325 2830 1481 2875 eum
1512 2820 1863 2898 sequentur
1919 2810 2237 2882 Canonici
2282 2807 2448 2894 bini,
2479 2807 2684 2898 juxta

400 2908 752 2999 antiquam
790 2919 854 2977 et
884 2911 1272 2979 canonicam
1301 2912 1755 3004 disciplinam.
1801 2914 1997 2998 Quod
2030 2916 2091 2984 si
2121 2915 2330 3007 fuerit
2359 2910 2687 3003 Archiepi·

398 3037 630 3105 scopus
675 3028 797 3084 aut
839 3015 1019 3084 alius
1061 3028 1253 3086 utens
1291 3042 1502 3100 cruce,
1538 3021 1685 3113 ipsa
1733 3025 1898 3090 crux
1936 3021 2318 3091 immediate
2366 3033 2524 3090 ante
2566 3019 2686 3087 Ar-

403 3121 883 3212 clziepiscopum
934 3146 1065 3215 per
1137 3125 1428 3215 aliquem
1495 3126 1928 3218 capellanum
1987 3127 2342 3219 deferetur,
2403 3125 2685 3217 imaqine

402 3225 705 3315 crucifixi
745 3226 838 3295 ad
865 3229 1445 3322 Archiepiscopum
1489 3255 1822 3316 conversa,
1870 3235 2047 3303 inter
2081 3258 2287 3356 quam
2332 3246 2397 3303 et
2438 3230 2686 3302 Archie-

388 3328 741 3420 piscopum
768 3336 1004 3414 nullus
1029 3339 1298 3407 omnino
1326 3338 1642 3425 incedat;
1670 3352 1767 3409 est
1799 3342 1977 3410 enim
2021 3343 2280 3462 insiqne
2313 3341 2541 3434 ipsius.
2584 3340 2683 3404 Eo

402 3433 629 3503 ordine
673 3440 1028 3528 procedent
1075 3467 1277 3535 usque
1322 3445 1416 3514 ad
1456 3459 1732 3537 portam
1765 3448 2178 3574 primariam
2224 3447 2532 3517 ecclesiae.
2585 3443 2684 3512 Ibi

399 3539 667 3631 diqnior
691 3568 773 3613 ea·
790 3548 1091 3640 capitulo
1101 3552 1411 3643 porrzqet
1447 3554 1780 3645 Episcopo
1817 3557 2258 3647 aspersorium
2299 3578 2454 3623 cum
2476 3549 2681 3621 osculo

402 3653 757 3740 aspersorii
784 3668 848 3721 et
884 3678 1179 3726 manus..
1193 3660 1339 3727 ‚In
1381 3659 1712 3728 redeundo
1741 3660 1912 3730 idem
1938 3661 2098 3730 ordo
2125 3673 2453 3730 servatur.
2500 3695 2585 3711 -
2614 3654 2681 3722 ln

401 3756 572 3826 libri
583 3765 800 3829 autem
826 3760 853 3830 1
880 3763 1086 3853 capite
1109 3764 1176 3849 2,
1202 3766 1294 3834 sic
1319 3767 1766 3858 praescribitur
1792 3771 2021 3857 quoad-
2016 3768 2364 3837 reditum.
2388 3760 2683 3859 procedet

402 3860 497 3926 ad
521 3862 742 3932 locum
767 3889 903 3934 suoe
929 3867 1414 3956 habitationi&
1450 3895 1644 3992 quem
1684 3872 1947 3963 diqnior
1971 3874 2089 3941 ille
2115 3872 2194 3940 de
2231 3872 2562 3990 capitulo?
2588 3865 2684 3935 di·

403 3963 596 4032 misso
620 3970 952 4083 pluviali,
986 3985 1049 4039 et
1088 3974 1219 4041 alii
1252 3977 1554 4044 canonici
1586 3978 1658 4044 in
1694 3978 1929 4046 habitu
1964 3979 2340 4047 canonicali
2378 3976 2684 4047 comiten-

405 4079 546 4153 tur,
587 4070 647 4137 si
681 4072 1015 4145 habitatio
1042 4078 1167 4145 erit
1195 4080 1510 4203 contiqua
1541 4085 1650 4151 vel
1682 4085 1898 4152 vicina
1923 4082 2255 4169 ecclesioe;
2288 4084 2350 4152 si
2370 4104 2524 4151 vero
2550 4077 2689 4149 ἀίει

404 4175 681 4257 tantior,
708 4202 910 4270 usque
932 4183 1026 4252 ad
1037 4200 1318 4277 portam
1345 4188 1555 4280 ipsius
1582 4191 1883 4260 ecclesioe.

284 4384 289 4389 ·
490 4280 676 4352 Certa
703 4286 974 4375 quidem
1018 4290 1091 4357 in
1127 4294 1250 4360 hoc
1294 4300 1471 4363 textu
1512 4316 1815 4387 expressa
1841 4298 1965 4366 fuit
2007 4296 2366 4367 associandi
2394 4287 2690 4385 Episcopi

401 4388 724 4478 obligatio.
759 4391 848 4460 At
900 4414 1052 4461 vero
1082 4399 1402 4484 quomodo
1449 4404 1534 4470 sit
1562 4404 1785 4473 multis
1831 4406 1901 4474 in
1925 4405 2194 4474 casibus
2237 4397 2683 4492 intelligenda,
