2930 4982
424 331 549 388 506
1405 336 1749 384 TRAGTATUS

521 487 556 528 «
594 460 751 529 Tota
787 460 954 543 haec,
989 464 1061 526 ut
1091 478 1260 544 reor,
1296 455 1732 525 controversia
1775 454 2010 545 pendet
2035 475 2074 523 a
2092 453 2533 546 disputatione
2559 454 2716 525 olim

430 594 464 635 α
504 567 676 658 apud
747 565 1037 634 doctores
1058 615 1078 651 ,
1151 567 1306 631 teste
1390 561 1740 630 Benedicto
1827 558 1979 628 XIV
2047 558 2167 650 (De
2255 583 2406 650 syn.
2493 559 2714 642 dicec„

429 699 462 737 ι(
507 673 550 740 l.
595 693 686 751 iv,
727 692 786 738 c.
827 669 898 751 8,
928 692 998 739 n.
1040 666 1180 758 10),
1219 668 1526 737 excitata:
1569 672 1796 737 utrum
1826 686 2064 754 nempe
2098 665 2458 754 capitulum
2495 665 2570 733 vi
2615 667 2720 734 de-

428 803 462 843 «
508 776 665 844 creti
689 773 1061 843 Tridentini
1085 773 1261 865 (sess,
1292 773 1404 857 24,
1441 795 1499 841 c,
1539 772 1648 859 19,
1678 776 1775 851 De
1802 769 1960 861 ref.)
1991 777 2318 839 teneretur
2341 772 2433 838 ita
2455 771 2721 840 univer-

429 909 463 949 «
507 904 646 951 sam
701 903 887 950 suam
937 878 1456 969 jurisdictionem
1509 880 1666 973 huic
1715 877 1976 947 officiali
2023 899 2142 945 suo
2195 878 2608 947 committere
2655 884 2721 947 ut

429 1014 462 1052 α
505 987 760 1056 nullam
788 985 913 1055 sibi
942 992 1149 1076 posset
1176 987 1547 1076 relinquere
1576 984 1975 1054 facultatem.
2007 982 2238 1051 Paucis
2262 983 2556 1073 profecto
2587 989 2720 1075 post

429 1119 464 1159 α
508 1092 879 1162 absolutum
904 1091 1258 1162 concilium
1287 1093 1480 1162 annis
1507 1115 1641 1159 non
1673 1113 1806 1159 una
1831 1090 2187 1180 eademque
2215 1096 2351 1157 erat
2380 1090 2507 1158 hac
2529 1112 2717 1181 super

429 1225 464 1266 α
504 1223 573 1269 re
614 1200 956 1267 doctorum
1005 1201 1344 1267 sententia.
1399 1197 1723 1267 Nonnulli
1770 1197 1952 1265 enim
1999 1195 2315 1287 putabant
2355 1197 2717 1286 capitulum

430 1332 463 1369 «
509 1326 691 1396 posse
719 1306 1005 1395 aliquam
1038 1304 1517 1394 jurisdictionis
1550 1327 1683 1372 suae
1711 1309 1963 1394 partem
2003 1301 2130 1370 sibi
2155 1323 2572 1370 reservare...
2610 1303 2717 1393 (ibi

429 1439 463 1479 (ι
505 1419 919 1502 exponuntur
971 1412 1263 1501 ipsorum
1328 1412 1638 1495 rationes,
1691 1409 1859 1477 inter
1909 1429 2072 1498 quas
2119 1407 2358 1475 decisio
2411 1407 2596 1475 Rotae
2647 1408 2717 1475 in

431 1545 464 1583 α
510 1517 995 1598 Maurianensz',
1028 1517 1114 1586 25
1136 1517 1294 1608 julii
1329 1516 1527 1599 1626,
1568 1537 1786 1584 coram
1816 1513 2159 1595 Piroyano,
2195 1519 2257 1581 et
2286 1512 2411 1581 alia
2440 1513 2718 1603 Congre-

427 1652 461 1692 «
509 1625 788 1712 gationis
835 1624 1120 1708 concilii,
1177 1624 1259 1692 13
1326 1622 1701 1693 novembris
1751 1622 1946 1706 1651,
2002 1620 2121 1690 lib.
2176 1643 2221 1689 x
2266 1619 2714 1708 Decretorum,

427 1755 462 1795 ι(
512 1751 660 1821 pag.
702 1729 827 1797 155
854 1735 917 1797 et
946 1730 1125 1819 156).
1177 1754 1213 1794 »

516 1862 551 1903 «
602 1834 689 1902 Ea
741 1839 958 1901 tamen
996 1835 1218 1925 opinio
1270 1857 1415 1924 quae
1452 1835 1639 1924 juxta
1676 1833 2107 1901 Benedictum
2152 1829 2307 1899 XlV
2360 1829 2529 1920 (loco
2582 1830 2717 1922 cit.)

428 1967 462 2007 «
509 1940 946 2009 communiter
999 1940 1281 2008 invaluit
1335 1945 1509 2007 tenet
1559 1940 1925 2030 capitulum
1977 1936 2148 2005 nihil
2186 1957 2369 2026 posse
2412 1936 2494 2004 de
2530 1936 2717 2026 juris-

426 2071 462 2111 «
502 2046 786 2113 dictione
818 2067 935 2113 sua
992 2044 1116 2114 sibi
1163 2045 1555 2134 relinquere,
1615 2046 1727 2113 sed
1766 2065 2034 2112 ornnem
2080 2063 2198 2110 suo
2244 2040 2494 2109 vicario
2544 2063 2712 2109 com-

428 2176 463 2216 «
510 2151 763 2219 mittere
810 2150 1124 2219 debere...
1168 2150 1543 2219 Jurisdictio
1580 2150 1806 2218 vicarii
1848 2147 2217 2239 capitularis
2259 2147 2496 2233 eadem
2533 2148 2713 2215 estin

430 2282 463 2321 ι(
509 2256 613 2323 his
637 2279 783 2344 quae
813 2263 965 2324 sunt
988 2255 1158 2345 juris
1186 2255 1556 2324 communis
1589 2278 1735 2345 quae
1767 2254 1888 2322 fuit
1919 2253 2221 2343 Episcopi
2261 2251 2355 2342 (S.
2399 2251 2705 2342 Congreg.

431 2387 463 2424 (ι
511 2360 1007 2451 Episcoporum,
1028 2364 1099 2428 in
1119 2362 1439 2448 Reatina,
1472 2362 1513 2428 2
1543 2383 1693 2429 nov.
1730 2359 1964 2451 1603);
1995 2363 2184 2447 atque
2208 2356 2713 2425 vicariodeman-

430 2491 465 2532 ι(
514 2467 656 2534 dari
685 2466 872 2535 debet
913 2467 1302 2558 simpliciter
1331 2473 1392 2534 et
1427 2467 1744 2547 absolute,
1777 2487 1852 2533 ac
1889 2465 2025 2533 sine
2052 2463 2188 2531 ulla
2225 2462 2594 2539 conditione
2620 2461 2713 2530 vel

434 2600 466 2639 «
505 2573 822 2659 clausula,
856 2579 930 2641 ut
958 2573 1160 2640 libere
1184 2578 1497 2661 tanquam
1526 2572 1910 2641 Ordinarius
1939 2571 2140 2661 possit
2161 2568 2480 2657 justitiam
2510 2567 2710 2633 admi-

434 2707 467 2744 «
508 2669 780 2748 nistrare
803 2705 818 2762 3
852 2679 1007 2745 alias
1024 2684 1186 2744 esset
1206 2679 1388 2745 nulla
1406 2679 1633 2745 electio
1652 2677 1763 2768 (ita
1781 2678 1974 2746 Sacra
1985 2677 2228 2763 Congr.
2248 2676 2705 2761 Episcoporum

436 2810 467 2849 «
515 2786 585 2852 in
618 2787 969 2876 Cajetana‚
1023 2783 1110 2851 20
1138 2785 1418 2851 octobris
1451 2783 1675 2875 1587).
1720 2782 1892 2850 Hinc
1930 2804 2066 2849 uno
2094 2805 2206 2850 ore
2237 2784 2520 2850 asserunt
2548 2778 2709 2846 doc·—

435 2918 467 2956 «
513 2898 702 2975 toreS,
746 2893 921 2980 quod
966 2892 1244 2981 exceptis
1292 2891 1371 2958 iis
1401 2913 1547 2979 quae
1590 2895 1877 2981 spectant
1913 2889 1994 2956 ad
2032 2890 2334 2957 ordinem
2378 2885 2711 2975 Episcopa-

434 3021 466 3060 «
514 2995 672 3076 lem,
723 2997 1042 3086 quidquid
1072 2997 1462 3087 praedicatur
1505 2997 1584 3062 de
1625 2994 1931 3084 capitum,
1965 2993 2111 3061 sede
2149 2998 2442 3076 vacante,
2490 3012 2629 3059 vere
2654 2993 2709 3056 et

436 3126 469 3165 «
514 3102 772 3190 proprie
802 3104 1107 3169 convenit
1133 3103 1373 3169 vicario
1403 3100 1741 3191 capitulari
1770 3122 1843 3166 ex
1875 3098 2016 3189 ipso
2038 3101 2211 3187 jure.
2250 3124 2287 3162 »

514 3205 653 3274 Sibi
699 3214 914 3296 postea
961 3208 1190 3296 oincit
1236 3209 1565 3275 consultor
1620 3207 2012 3274 decisionem
2062 3204 2129 3274 S.
2186 3199 2707 3293 Congregationis

424 3312 688 3377 concilii
741 3314 834 3399 (in
868 3315 1370 3398 Camanecensz',
1402 3316 1444 3382 4
1483 3314 1848 3392 decembris
1890 3312 2088 3392 1632,
2119 3313 2234 3380 lib.
2272 3335 2389 3381 xiv
2423 3311 2709 3379 Decreto-

423 3436 602 3496 rum,
653 3438 804 3504 pag.
860 3417 1016 3503 483)
1066 3418 1140 3483 in
1181 3441 1309 3504 qua
1359 3419 1439 3484 ad
1490 3420 1838 3506 quaesitum
1886 3441 1973 3486 an
2020 3418 2289 3486 facultas
2345 3422 2707 3507 competens

425 3520 757 3613 Episcopis
805 3520 1028 3610 vigore
1081 3522 1343 3589 concilii
1390 3522 1761 3592 Tridentini
1804 3527 2226 3593 transferatur
2275 3526 2357 3592 ad
2398 3523 2707 3591 vicarium

426 3631 876 3721 capitularem,
911 3629 1285 3722 respondit:
1340 3631 1394 3695 T
1395 3631 1726 3720 ransferri
1759 3631 1829 3697 in
1865 3631 2192 3698 vicarium
2238 3629 2707 3719 capitularem,

425 3734 572 3802 sede
616 3735 1006 3826 Episcopalz'
1038 3744 1340 3815 vacante,
1390 3733 1745 3803 dummodo
1801 3735 1959 3801 talis
1992 3736 2293 3826 facultas
2336 3731 2711 3823 specialiter

413 3859 542 3924 per
565 3842 947 3932 capitulum
975 3838 1187 3908 eidem
1213 3840 1459 3907 vicario
1496 3840 1748 3907 tributa
1773 3840 2006 3929 fuerit.
2108 3877 2113 3886 =

473 3981 476 3984 ¹
514 3941 729 4012 Refert
774 3948 989 4035 postea
1023 3946 1417 4013 decisionem
1464 3944 1547 4011 21
1605 3944 1894 4012 decemb.
1951 3943 2112 4011 1791
2153 3943 2222 4010 in
2248 3936 2712 4022 Dertlzonensi,

424 4040 590 4108 libro
642 4070 730 4113 vn
772 4049 1218 4137 Decretorum,
1266 4071 1414 4139 pag.
1460 4049 1536 4115 31
1579 4073 1594 4116 :
1650 4048 2099 4139 Conqreqatz'o
2152 4049 2426 4117 concilii
2473 4043 2713 4116 censuit

425 4146 833 4216 scribendum
887 4154 982 4219 ad
1020 4153 1347 4222 vicarium
1390 4153 1701 4244 capituli,
1751 4154 1896 4222 sede
1945 4165 2247 4235 vacante,
2289 4153 2711 4243 deputatum,

413 4250 955 4345 jurisdictionem
1006 4260 1473 4349 Episcopalem
1519 4259 1820 4348 defuncti
1889 4261 2020 4352 ipsi
2093 4281 2269 4327 nunc
2328 4267 2711 4349 competere,

426 4360 667 4430 nedum
689 4355 1113 4449 spiritualem
1131 4363 1248 4430 sed
1257 4367 1679 4444 universam.
