2930 4982
1123 375 1200 420 nn
1246 374 1573 420 cunnus.
2366 367 2483 424 40¹

218 495 401 566 Sacra
443 496 957 585 Congregatione
986 495 1242 563 concilii
1275 519 1290 574 ;
1343 516 1489 585 quae
1536 495 1715 563 verbi
1754 497 1956 584 gratia
1996 495 2090 587 (in
2143 496 2492 582 Oriolensi‚

223 600 295 668 17
335 601 488 667 maii
527 601 722 694 1599)
757 601 1123 694 respondit:
1165 601 1387 670 Licere
1429 601 1789 692 EpiscopO,
1830 599 1920 667 ad
1963 623 2239 693 eumque
2270 605 2497 695 perti-

218 729 359 776 nere
392 729 613 795 eoqere
654 706 981 799 synodum
1022 706 1456 775 dioeeesunum
1499 706 1745 797 absque
1788 728 2098 773 consensu
2136 720 2194 774 et
2225 708 2496 779 consilio

222 810 518 904 capituli.
555 811 713 882 Item
750 814 844 906 (in
878 812 1356 903 Fulginatensi,
1390 834 1565 879 anno
1610 810 1809 896 1639,
1843 811 2016 878 libro
2060 832 2167 880 xvi
2204 813 2497 885 Decreto·

219 943 387 1010 rum,
414 944 567 1013 pag.
604 919 754 1009 150)
782 920 862 988 ad
884 919 1195 988 dubium:
1231 920 1338 986 An
1367 920 1740 1009 Episcopus
1748 920 1967 1011 possit
1984 918 2314 1009 synodum
2340 919 2501 989 dioe-

221 1049 522 1096 cesanam
551 1026 875 1095 consuetis
896 1024 1297 1115 temporibus
1318 1047 1719 1116 conqreqare
1743 1048 1876 1093 non
1907 1025 2221 1119 requisito
2248 1047 2509 1092 assensu

220 1133 320 1201 vel
347 1134 625 1203 consilio
651 1131 960 1223 capituli,
995 1131 1366 1221 respondit:
1386 1152 1583 1222 posse
1610 1152 1755 1213 non·
1772 1132 2089 1223 requisito
2119 1153 2391 1200 assensu
2416 1130 2518 1199 vel

217 1239 495 1307 consilio
539 1236 844 1328 capituli.
885 1261 932 1299 ·«
961 1234 1217 1304 Grande
1259 1234 1622 1302 absurdum
1664 1236 1846 1317 soret,
1892 1237 1982 1306 ait
2022 1236 2517 1306 Scarsantonius

226 1370 259 1410 «
310 1345 476 1434 (loco
514 1343 750 1433 citato),
791 1342 965 1431 quod
1007 1343 1100 1429 id,
1139 1341 1314 1430 quod
1355 1342 1481 1409 sub
1518 1363 1712 1431 poena
1743 1342 2083 1435 Episcopis
2118 1344 2507 1435 imponitur,

230 1474 263 1514 α
306 1450 619 1540 penderet
647 1470 683 1516 a
708 1470 981 1516 suorum
1013 1446 1450 1537 capitulorum
1488 1468 1831 1517 consensu.
1871 1475 1907 1515 »
1944 1507 1953 1515 .

305 1555 370 1623 2.
401 1555 670 1623 Certum
694 1560 787 1623 est
815 1554 886 1621 in
920 1550 1274 1621 condendis
1301 1554 1547 1620 statutis
1572 1552 1706 1621 sive
1732 1553 2304 1624 constitutionibus
2328 1575 2520 1644 syno-

226 1660 467 1730 dalibus
486 1661 891 1751 Episcopum
909 1681 1039 1728 non
1060 1659 1350 1748 indigere
1379 1680 1703 1728 consensu
1722 1662 2021 1752 capituli.
2057 1660 2169 1729 Est
2187 1662 2521 1731 unanimis

232 1771 716 1837 canonistarum
782 1768 1073 1835 doctrina
1140 1765 1308 1856 (vide
1348 1772 1693 1837 tractatum
1738 1791 1961 1838 meum
2016 1773 2112 1837 De
2157 1771 2521 1863 EpiscopO,

236 1876 343 1943 ubi
369 1881 431 1944 et
457 1879 556 1942 De
578 1872 831 1964 synodo
851 1871 1220 1940 dioecesana
1248 1894 1324 1939 ex
1351 1874 1635 1961 professo
1665 1874 1991 1966 disserui).
2015 1875 2199 1944 Ratio
2224 1882 2341 1959 est,
2365 1876 2524 1965 quia

231 1981 398 2049 solus
434 1981 797 2071 Episcopus
835 1980 1028 2046 habet
1060 1978 1615 2067 jurisdictionem3
1654 1980 1827 2068 quod
1866 1982 1978 2069 jus
2024 1983 2526 2049 monarchicum

235 2084 538 2176 Episcopi
577 2086 1005 2172 scinderetur,
1046 2084 1122 2175 si,
1132 2084 1244 2172 jus
1285 2084 1608 2175 statue-ndi
1639 2084 1944 2173 penderet
1971 2087 2167 2153 etiam
2197 2109 2234 2154 a
2262 2085 2531 2177 capituli

234 2212 587 2270 consensu,
623 2198 694 2258 ut
719 2192 985 2259 tradunt
1010 2187 1248 2257 Suarez
1277 2189 1391 2277 (De
1429 2188 1711 2277 leqibus,
1735 2189 1784 2256 l.
1820 2210 1908 2266 iv,
1948 2211 2005 2257 c.
2043 2191 2110 2271 5,
2143 2188 2301 2258 dub.
2339 2190 2435 2279 2),
2474 2195 2537 2260 et

235 2295 378 2362 fuse
425 2294 716 2362 Lotterus
759 2295 877 2385 (De
917 2317 988 2360 re
1035 2293 1272 2381 benef„
1317 2293 1365 2359 l.
1406 2314 1453 2375 1,
1482 2297 1706 2380 quaest.
1738 2293 1850 2376 21,
1881 2316 1949 2361 n.
1986 2294 2072 2360 42
2104 2301 2165 2373 et
2203 2294 2340 2385 89).

323 2399 392 2468 3.
436 2399 612 2468 Citra
638 2398 1139 2470 controversiam
1168 2403 1282 2482 est,
1318 2396 1804 2466 constitutiones
1831 2401 2167 2489 synodales
2212 2401 2534 2472 faciendas

240 2528 374 2577 esse
419 2530 572 2575 cum
612 2508 886 2576 consilio
927 2506 1231 2599 capituli.
1275 2531 1310 2571 «
1353 2501 1690 2596 Alioquin,
1738 2529 1869 2576 non
1918 2509 2224 2598 requisito
2266 2509 2537 2578 consilio

246 2640 282 2681 α
326 2616 622 2706 capituli,
654 2617 906 2685 decreta
943 2614 1277 2704 synodalia
1308 2635 1442 2681 non
1488 2614 1772 2681 valerent
1793 2641 1812 2701 ;
1858 2639 1892 2679 »
1933 2615 2021 2682 ita
2050 2613 2537 2684 Scart'antonius

244 2721 315 2810 (t.
335 2721 419 2808 ΙΙ,
441 2746 508 2811 p.
548 2724 699 2803 125,
727 2724 882 2792 edit.
907 2722 1128 2806 Lucae,
1163 2719 1383 2812 1723),
1411 2720 1524 2810 qui
1547 2720 1869 2811 plurimas
1894 2721 2081 2788 affert
2103 2722 2539 2807 auctoritateS,

244 2826 417 2892 inter
444 2849 605 2914 quas
627 2828 1066 2917 Pignatellum
1097 2828 1295 2919 (conS.
1337 2827 1462 2894 187
1499 2849 1611 2893 seu
1645 2827 1800 2911 180,
1835 2849 1902 2893 n.
1949 2827 2017 2912 6,
2057 2832 2105 2892 t.
2155 2825 2205 2916 l)
2235 2850 2251 2908 3
2288 2826 2543 2895 Gavan-

248 2930 702 3022 tumMPruccis
726 2932 1109 2999 dioecesanae
1126 2932 1390 3021 synodi,
1423 2952 1567 3021 cap.
1593 2953 1683 3010 w,
1717 2932 1760 3021 ἓ
1785 2932 1850 3014 3,
1881 2953 1947 2997 n.
1984 2929 2070 3020 1),
2097 2937 2158 2997 et
2180 2933 2339 3000 duas
2362 2934 2546 3002 deci-

248 3036 461 3106 siones
488 3037 705 3107 Sacrae
734 3037 1265 3128 Congregationis
1298 3035 1584 3104 concilii.

342 3150 411 3217 4.
447 3148 556 3215 An
586 3146 799 3213 valere
828 3142 1148 3212 censenda
1176 3142 1257 3210 sit
1284 3140 1707 3224 consuetudo,
1742 3142 1796 3209 si
1827 3141 2067 3211 alicubi
2096 3145 2365 3235 vigeret,
2415 3167 2545 3215 non

256 3252 628 3346 requirendi
655 3250 1043 3341 praedictum
1076 3248 1343 3338 capituli
1370 3247 1765 3316 consilium?
1789 3248 2195 3319 Affirmative
2224 3251 2383 3320 olim
2408 3254 2547 3322 An-

258 3382 559 3445 caranus3
613 3359 722 3427 sed
778 3356 973 3425 talem
1026 3356 1563 3425 consuetudinem
1619 3378 1753 3423 esse
1813 3357 2345 3439 irrationabilem,
2427 3385 2546 3431 nec

263 3469 526 3558 proinde
562 3463 947 3534 servandam
983 3467 1152 3529 tenet
1191 3459 1679 3530 Scarfantonius
1713 3461 1878 3553 (loco
1920 3464 2132 3556 citato)
2182 3490 2338 3535 cum
2379 3466 2546 3536 Hos·

267 3576 473 3662 tiensi,
505 3570 867 3643 Massobrio
896 3575 961 3637 et
979 3567 1290 3636 Gavanto.

347 3683 409 3750 5.
437 3683 545 3750 An
576 3675 944 3770 Episcopus
967 3678 1260 3740 teneatur
1286 3672 1497 3761 quoad
1526 3676 1758 3740 statuta
1785 3674 2118 3762 synodalia
2140 3698 2270 3742 non
2298 3680 2551 3744 tantum

272 3788 616 3876 requirere,
660 3783 769 3850 sed
806 3782 1003 3848 etiam
1047 3777 1228 3866 sequi
1270 3776 1617 3845 consilium
1659 3779 1969 3869 capituli?
2004 3818 2097 3832 -—
2132 3779 2368 3868 Magna
2395 3779 2555 3849 olim

275 3892 431 3960 inter
455 3889 823 3961 canonistas
851 3886 1056 3954 extitit
1076 3886 1197 3953 hac
1219 3886 1298 3952 de
1322 3907 1391 3951 re
1416 3885 1872 3953 controversia.
1905 3884 2128 3953 Postea
2149 3891 2367 3953 tamen
2394 3908 2557 3978 prae-

279 3998 468 4066 valuit
480 4005 542 4066 et
559 4017 712 4065 com
720 3992 936 4061 munis
952 3992 1147 4061 evasit
1165 3990 1385 4082 opinio
1401 4014 1544 4081 quae
1570 3993 1778 4078 docet,
1793 3990 2191 4080 Episcopum
2209 4012 2339 4058 non
2348 3992 2559 4059 teneri

280 4103 396 4170 nisi
416 4104 483 4171 in
505 4102 770 4171 casibus
790 4100 860 4166 in
876 4100 1027 4189 jure
1050 4097 1384 4187 expressis,
1408 4095 1487 4162 Et
1509 4096 1598 4161 ita
1616 4096 1863 4184 pluries
1890 4094 2182 4161 decisum
2199 4102 2291 4164 est
2308 4120 2345 4166 a
2363 4097 2562 4167 Sacra

285 4205 791 4300 Congregatione
823 4205 1119 4290 concilii;
1152 4202 1332 4270 verbi
1363 4199 1594 4290 gratia,
1627 4200 1697 4264 in
1729 4197 2122 4288 Hispalensi,
2168 4200 2257 4270 26
2290 4217 2563 4271 novem-

291 4312 630 4399 hris1699,
660 4314 741 4381 ad
765 4312 1075 4380 dubium:
1099 4310 1208 4377 An
1226 4304 1783 4395 Archiepiscopus
1801 4303 1942 4374 sine
1964 4306 2074 4374 sui
2098 4306 2391 4397 capituli
2413 4315 2564 4366 con-

288 4439 470 4490 sensu
514 4419 730 4504 possit
785 4418 857 4485 in
892 4415 1266 4484 dioecesana
1319 4408 1572 4501 synodo
1611 4408 1883 4480 condere
1929 4422 2194 4479 statuta
2246 4411 2324 4475 de
2375 4397 2564 4468 rebus

2211 4528 2284 4572 αα
