2930 4982
1182 322 1263 367 DE
1303 319 1637 369 (tamnus.
2430 315 2553 371 329

292 443 448 511 sium
481 444 884 534 praescripta
940 443 1297 533 quantitas
1352 464 1580 508 annuo
1628 443 1841 532 spatio
1892 454 2267 527 superetur,
2326 444 2556 513 eadem

292 548 464 618 Sacra
491 548 914 639 Congregatio
947 548 1277 640 respondit
1307 547 1468 615 istos
1498 546 1727 614 haberi
1737 570 1865 638 pro
1896 548 2295 617 absentibus.
2331 548 2557 640 (Apud

292 654 693 723 Benedictum
724 654 900 735 XlV,
933 655 1075 723 loco
1104 654 1348 743 citat0.)

370 759 443 828 V.
478 760 602 841 Qui
651 781 994 851 nunquam
1033 767 1129 830 est
1163 760 1393 829 absens
1437 783 1554 851 per
1591 766 1718 829 tres
1761 783 2013 831 menses
2039 767 2404 856 continuos,
2441 770 2556 840 sed

286 876 485 937 tamen
526 893 642 963 per
682 871 1003 938 absentias
1059 891 1208 937 suas
1271 874 1533 960 superat
1579 869 1865 960 spatium
1914 871 2117 939 trium
2170 878 2490 945 mensium
2518 897 2558 948 a

285 974 654 1045 Tridentino
712 978 1213 1066 permissorum,
1261 997 1346 1043 an
1386 976 1726 1043 habendus
1764 976 1850 1043 sit
1898 981 2208 1067 tanquam
2248 985 2359 1070 qui
2390 984 2560 1053 ultra

280 1084 527 1152 licitum
566 1090 826 1173 tempus
877 1079 1181 1170 abfuerit,
1225 1089 1417 1172 atque
1459 1082 1673 1173 poenis
1711 1082 2076 1151 Tridentini
2133 1084 2371 1155 decreti
2414 1087 2565 1156 sub-

272 1191 482 1278 jacere
522 1190 795 1257 debeat?
836 1228 922 1241 —
972 1188 1233 1258 Certum
1282 1195 1376 1257 est
1420 1190 1616 1257 talem
1666 1189 1951 1258 abfuisse
1999 1191 2169 1260 ultra
2221 1198 2483 1285 tempus
2526 1215 2566 1263 a

276 1295 657 1364 Tridentino
691 1317 1066 1364 concessum
1101 1301 1162 1363 et
1200 1296 1533 1386 subJacere
1579 1297 1811 1387 poenis.
1856 1296 2097 1365 Casum
2141 1307 2564 1390 proposuerat

276 1401 653 1472 Mutinensis
691 1402 1075 1493 Episcopus,
1121 1404 1456 1493 postulans
1486 1424 1571 1470 an
1600 1408 1824 1471 contra
1868 1404 2203 1474 decretum
2239 1405 2566 1475 Tridenti-

279 1530 429 1576 num
473 1515 739 1599 agerent
793 1509 913 1599 qui
956 1508 1209 1576 absunt
1258 1508 1445 1576 ultra
1504 1521 1633 1576 tres
1680 1531 1951 1592 menses,
2006 1511 2124 1578 sed
2174 1512 2565 1581 intermissis

279 1613 508 1696 diebus‘,
553 1628 636 1682 ut
676 1627 901 1682 tamen
947 1625 1086 1683 toto
1128 1616 1300 1683 anni
1329 1615 1551 1706 spatio
1581 1614 1793 1681 simul
1826 1614 2097 1683 collecti
2132 1629 2197 1684 et
2234 1618 2305 1685 in
2351 1640 2564 1686 unum

279 1744 623 1790 numerum
681 1720 960 1805 redacti,
1026 1722 1350 1790 trimestre
1404 1721 1704 1811 spatium
1765 1734 2078 1812 superent
2098 1744 2129 1808 ,·
2180 1725 2287 1792 vel
2330 1726 2564 1817 potius

282 1830 477 1897 trium
527 1829 859 1896 mensium
914 1828 1304 1895 continuam
1348 1828 1721 1895 absentiam
1771 1827 1990 1896 adesse
2042 1842 2394 1920 oporteat:
2432 1853 2566 1920 quo

278 1930 455 2017 dat0,
510 1933 874 2003 verendum
914 1955 999 2000 ne
1038 1934 1238 2000 cuivis
1282 1944 1525 2023 pateat
1578 1932 1672 1999 ad
1714 1956 1906 2000 suam
1942 1956 2069 2024 pro
2118 1936 2314 2001 libito
2345 1948 2408 2001 et
2441 1936 2568 2002 im-

269 2061 446 2129 pune
494 2039 920 2109 deserendam
984 2051 1046 2107 et
1101 2037 1568 2129 fraudandam
1620 2039 2007 2106 ecclesiam:
2064 2063 2226 2107 nam
2296 2040 2569 2131 sinqulo

276 2147 597 2226 trimestri
624 2148 842 2238 spatio
881 2146 941 2213 si
960 2168 1082 2235 per
1125 2145 1290 2212 duos
1332 2145 1437 2212 vel
1471 2157 1599 2212 tres
1622 2141 1760 2210 dies
1815 2144 1960 2232 quis
2002 2144 2344 2230 inserviat,
2387 2170 2568 2212 nun-

274 2273 487 2341 quam
516 2252 654 2319 labi
664 2253 973 2341 patietur
1005 2262 1132 2317 tres
1170 2273 1418 2318 menses
1445 2249 1820 2329 continuos,
1853 2259 1917 2315 et
1948 2248 2079 2315 levi
2114 2249 2377 2338 neqotio
2406 2249 2575 2316 illu-

274 2354 387 2425 det
420 2357 733 2445 ecclesioe,
785 2368 849 2424 et
876 2380 919 2423 a
961 2357 1225 2424 concilii
1251 2355 1478 2447 poenis
1507 2378 1573 2423 se
1601 2355 1863 2423 eximet.
1912 2353 2106 2422 Sacra
2146 2353 2572 2446 Congregatio

274 2465 651 2556 respondit:
695 2486 832 2532 non
866 2475 1165 2555 oportere
1209 2462 1588 2553 (absentiam
1621 2484 1757 2531 esse
1785 2485 1899 2554 per
1936 2467 2062 2531 tres
2109 2484 2365 2531 menses
2410 2485 2569 2532 con-

277 2570 583 2662 tinuam),
616 2570 733 2639 sed
767 2573 935 2639 satis
962 2594 1095 2639 esse
1135 2569 1319 2661 quod
1349 2570 1484 2638 dies
1523 2571 1859 2652 absentiae,
1910 2592 2320 2661 quamquam
2365 2570 2571 2637 inter-

262 2678 519 2767 polati,
543 2690 853 2770 superent
875 2679 1222 2747 trimestre.
1251 2679 1476 2769 (Apud
1501 2678 1930 2746 Benedictum
1950 2675 2129 2759 XIV,
2154 2678 2296 2743 loco
2321 2675 2567 2764 citato.)

362 2782 618 2850 V1.1n
681 2786 1132 2877 computandis
1188 2786 1399 2853 tribus
1460 2785 1766 2852 absentiae
1823 2782 2162 2849 mensibus
2230 2803 2366 2846 non
2417 2787 2572 2845 sunt

278 2888 708 2954 numerandae
754 2890 931 2956 horae
979 2892 1089 2956 sed
1128 2896 1384 2956 tantum
1418 2888 1556 2954 dies
1582 2924 1673 2938 —
1701 2887 1806 2953 die
1840 2885 1915 2952 17
1946 2884 2151 2974 junii,
2183 2904 2355 2948 anno
2399 2879 2571 2948 1594

274 2987 479 3058 Sacra
527 2991 959 3083 Congregatio
1002 2994 1258 3060 concilii
1304 2993 1690 3060 declaravit.
1743 2989 1837 3058 ad
1875 2987 2406 3056 constituendum
2444 3010 2572 3055 ser·

274 3094 517 3162 vitium
567 3119 803 3166 novem
864 3099 1194 3166 mensium
1247 3120 1385 3166 non
1437 3120 1565 3165 esse
1637 3094 2044 3186 colliqendas
2086 3105 2567 3185 punctaturas,

277 3202 475 3290 quasi
513 3203 567 3270 ii
606 3205 726 3293 qui
772 3227 1010 3273 novem
1032 3217 1263 3296 partes
1301 3215 1876 3296 punctaturarum
1918 3224 1999 3269 ex
2039 3199 2376 3268 duodecim
2421 3222 2567 3289 quoe

279 3327 356 3373 ex
389 3309 667 3376 servitio
715 3312 921 3379 totius
965 3312 1140 3379 anni
1182 3312 1573 3402 conflantur
1615 3307 2030 3399 deserviendo
2082 3306 2388 3388 tulerint,
2419 3328 2564 3374 ser-

280 3413 440 3480 vitio
483 3437 720 3483 novem
770 3419 1094 3486 mensium
1123 3417 1339 3486 debito
1378 3416 1858 3509 satisfecerint;
1895 3413 2012 3482 sed
2033 3415 2207 3505 ipsos
2241 3411 2373 3481 dies
2406 3412 2565 3480 resi-

281 3519 530 3588 dentiae
554 3535 620 3589 et
658 3524 935 3610 servitii,
967 3525 1101 3592 sive
1130 3526 1433 3593 continui
1454 3525 1704 3614 fuerint
1723 3523 1860 3591 sive
1883 3521 2300 3612 interpolati,
2331 3538 2567 3586 nume-

280 3626 528 3695 randos
553 3650 707 3709 esse,
730 3640 808 3695 ut
823 3652 1173 3698 numerum
1193 3632 1572 3721 compleant
1599 3630 1924 3697 dictorum
1953 3650 2189 3696 novem
2207 3623 2559 3691 mensium.

285 3732 380 3824 (L.
420 3736 463 3803 8
513 3736 965 3822 Decretorum‚
1007 3760 1074 3828 p.
1124 3736 1211 3805 92
1251 3759 1287 3804 a
1331 3744 1509 3825 tergo
1549 3775 1641 3788 —
1684 3736 1879 3803 relata
1920 3758 1957 3802 a
1986 3733 2336 3801 Benedicto
2381 3724 2564 3812 xlv,

283 3837 421 3909 loco
451 3841 696 3933 citato.)

370 3946 517 4016 Vll.
548 3948 654 4017 An
678 3954 740 4016 et
764 3943 1081 4038 quatenus
1105 3950 1475 4038 requiratur
1492 3948 1755 4017 licentia
1775 3944 2079 4037 Episcopi
2099 3940 2187 4008 'ad
2206 3939 2564 4007 absentiam

285 4053 485 4121 trium
541 4057 870 4123 mensium
898 4049 939 4124 a'
972 4055 1352 4125 Tridentino
1404 4077 1773 4125 concessam
1797 4054 1833 4119 ‘t
1884 4087 1975 4101 -
2025 4049 2131 4114 An.
2179 4046 2564 4137 diqnitates,

290 4161 588 4230 canonici
591 4163 1060 4284 ‚portionarii‚
1090 4176 1387 4230 cantores
1411 4173 1533 4228 aut
1557 4160 1688 4225 alii
1712 4155 2038 4246 officiales
2058 4155 2323 4245 possint
2350 4153 2570 4218 abesse

290 4284 331 4328 α
354 4269 617 4336 servitio
658 4270 939 4338 ecclesiae
974 4270 1113 4337 sine
1138 4269 1410 4338 licentia
1430 4263 1803 4355 Episcopi?
1834 4264 1908 4329 S.
1952 4258 2387 4352 Conqreqatio
2421 4265 2569 4312 ⁶6⁷²·

292 4374 421 4443 suit
446 4397 582 4444 non
608 4377 853 4468 requiri
843 4376 1215 4444 licentiam
1228 4373 1547 4464 Episcopi
1568 4369 1828 4460 quando
1857 4368 2252 4461 diqnitates,
2273 4356 2569 4424 canotum
