2930 4982
354 350 481 406 376
525 318 530 321 μ
1305 360 1647 409 ruamus

1452 597 1545 658 lv

754 740 1251 795 Doctrtnoe'Suaresii
1285 746 1522 810 analysis.
1549 746 1640 807 (De
1667 743 1905 809 Leqz‘bu3‚
1935 746 1970 796 Ι.
2001 750 2050 805 4,
2073 759 2124 796 c.
2159 748 2229 808 6.)

441 907 490 975 l.
546 933 581 971 «
637 907 849 976 Potest
898 931 1034 978 esse
1079 932 1290 978 sermo
1335 911 1437 979 vel
1467 911 1546 980 de
1599 912 1852 979 statutis
1898 910 2339 1000 obligantibus
2393 917 2638 980 tantum

356 1039 392 1078 «
441 1015 797 1103 ipsummet
833 1015 1217 1106 capitulum,
1256 1017 1354 1083 vel
1396 1018 1475 1084 de
1518 1017 1994 1107 pertinentibus
2020 1019 2101 1085 ad
2128 1023 2353 1086 *totum
2383 1017 2639 1108 Episco-

359 1145 394 1182 α
441 1125 664 1210 patum
696 1120 794 1187 vel
837 1121 1116 1189 clerum.
1165 1121 1396 1189 Primo
1435 1143 1590 1210 ergo
1618 1129 1712 1190 est
1757 1129 2037 1209 certum,
2083 1122 2441 1212 capitulum
2475 1124 2639 1190 nihil

358 1250 393 1289 ι(
441 1247 649 1315 posse,
693 1227 946 1295 vivente
992 1227 1336 1318 Episcop0,
1387 1234 1665 1296 statuere
1703 1228 1783 1295 de
1824 1228 1927 1299 his
1964 1229 2159 1297 rebus
2191 1251 2335 1319 quae
2377 1230 2455 1296 ad
2486 1229 2638 1297 alios

357 1356 393 1395 «
438 1332 783 1421 pertinent,
815 1334 968 1422 quia
1007 1334 1257 1403 nullam
1291 1334 1487 1402 habet
1507 1334 2060 1424 jurisdictionem.
2086 1334 2388 1403 Secundo
2415 1357 2638 1403 conve·

357 1462 392 1503 ι(
442 1439 636 1507 niunt
689 1463 915 1509 omnes
973 1464 1154 1531 posse
1202 1441 1423 1530 aliqua
1470 1447 1701 1510 statuta
1744 1442 1951 1510 facere
1992 1442 2378 1532 pertinentia
2413 1441 2493 1508 ad
2531 1441 2637 1508 sei·

364 1572 398 1610 α
444 1567 637 1636 psum
665 1569 776 1614 seu
807 1547 1189 1637 capitulares
1211 1569 1382 1616 suos.
1410 1546 1726 1615 Dubitant
1756 1546 2301 1616 autem‘doctores
2334 1569 2417 1614 an
2450 1545 2640 1636 possit

364 1676 398 1714 α
439 1672 513 1717 ea
551 1651 756 1718 facere
780 1674 897 1742 per
931 1674 997 1720 se
1026 1653 1163 1719 sine
1192 1642 1514 1720 consensu
1543 1652 1870 1743 Episcopi,
1902 1651 2014 1721 vel'
2044 1653 2235 1720 illum
2259 1654 2566 1742 requirat.
2594 1675 2623 1712 »

357 1752 801 1844 Expositisque
844 1757 1207 1824 rationibus
1241 1757 1611 1845 dubitandi,
1637 1758 1731 1826 sic
1762 1760 1969 1848 pergit
1998 1757 2338 1827 Suaresius
2365 1782 2383 1824 ε

445 1858 514 1925 2.
553 1885 587 1923 α
612 1858 1000 1929 Communis
1030 1867 1246 1930 tamen
1273 1862 1581 1930 resolutio
1607 1869 1726 1946 est,
1749 1863 2004 1931 minora
2027 1864 2357 1952 quaedam,
2380 1884 2525 1952 quae
2551 1883 2639 1930 so-

368 1989 403 2028 «
454 1964 598 2033 lum
642 1968 971 2057 pertinent
993 1968 1072 2036 ad
1102 1968 1353 2036 bonum
1387 1969 1684 2036 ordinem
1714 1976 1776 2036 et
1813 1971 2106 2059 regimen
2140 1969 2433 2060 capituli,
2463 1989 2636 2058 posse

373 2096 407 2134 ι(
451 2071 534 2138 ab
576 2072 716 2163 ipso
745 2075 935 2142 statui
976 2075 1116 2143 sine
1166 2076 1660 2143 confirmatione
1690 2075 2074 2167 Episcopi...
2125 2075 2202 2144 In
2240 2073 2636 2164 gravioribus

372 2201 405 2238 «
453 2182 668 2244 autem
702 2201 847 2267 quae
875 2187 1166 2271 spectant
1196 2181 1277 2248 ad
1306 2201 1439 2247 suae
1480 2181 1767 2248 ecclesiae
1814 2181 2181 2264 commoda,
2217 2187 2280 2247 et
2314 2181 2397 2248 ad
2426 2181 2636 2248 obser-

370 2308 405 2345 «
452 2282 736 2351 vantiam
784 2288 1201 2376 antiquarum
1245 2287 1829 2374 consuetudinum,
1872 2287 2307 2356 necessarium
2337 2308 2475 2354 esse
2504 2306 2638 2353 con·

370 2413 404 2449 κ
452 2409 716 2456 sensum
758 2392 1086 2483 Episcopi.
1126 2419 1159 2457 »
1192 2393 1472 2483 Exponit
1508 2393 1706 2460 simul
1738 2396 2142 2463 auctoritates
2169 2414 2317 2481 quae
2347 2411 2639 2459 commu-

366 2515 516 2559 nem
551 2496 731 2564 illam
762 2499 1125 2565 doctrinam
1155 2500 1439 2566 firmant.

453 2600 520 2669 3.
565 2601 779 2668 Refert
807 2609 1020 2691 postea
1047 2604 1510 2691 objectionem,
1557 2611 1780 2677 contra
1821 2604 2198 2694 praedictam
2231 2621 2632 2672 communem

366 2707 748 2775 sententiam
797 2708 937 2775 fieri
968 2709 1272 2777 solitam:
1334 2735 1368 2773 «
1410 2710 1788 2800 Capitulum
1829 2711 2081 2778 nullam
2124 2706 2633 2797 habetjurisdic-

374 2838 409 2877 «
450 2814 717 2895 tionem,
751 2835 963 2903 neque
992 2836 1324 2904 magnam,
1361 2837 1573 2904 neque
1606 2838 1911 2907 parvam3
1967 2838 2123 2906 ergo
2155 2815 2397 2883 nullam
2429 2813 2639 2900 legem

373 2944 408 2982 α
456 2918 729 2987 omnino
759 2920 964 2988 facere
993 2925 1217 3011 potest,
1260 2920 1416 3010 quia
1442 2920 1542 2988 lex
1574 2921 1998 2989 essentialiter
2026 2928 2121 2989 est
2144 2925 2328 2988 actus
2349 2918 2644 3009 jurisdic-

377 3049 409 3086 «
446 3025 659 3093 tioniS.
702 3051 748 3090 »-
778 3025 992 3093 Refert
1035 3026 1191 3094 item
1220 3027 1704 3117 responsionem
1745 3049 1895 3118 quae
1934 3028 2091 3095 solet
2118 3028 2276 3094 huic
2304 3023 2639 3115 objectioni

366 3130 533 3217 fieri,
562 3152 796 3222 nempe
825 3154 840 3199 z
885 3131 1125 3213 «Quod
1149 3132 1513 3201 statuere'in
1539 3133 1856 3202 decisione
1880 3156 2227 3202 causarum
2248 3137 2312 3199 et
2328 3153 2523 3221 super
2544 3128 2640 3195 his

376 3262 409 3299 (ι
454 3260 600 3325 quae
623 3240 946 3328 pertinent
968 3240 1046 3305 ad
1061 3239 1618 3327 jurisdictionem,
1643 3245 1736 3307 est
1754 3240 2233 3329 jurisdictionis
2251 3237 2529 3330 proprie.
2560 3235 2642 3302 At

376 3365 408 3403 «
456 3361 606 3409 vero
626 3348 898 3409 statuere
919 3364 1049 3410 non
1066 3365 1200 3411 esse
1215 3343 1716 3432 jurisdictioni5‚
1738 3346 1895 3433 quia
1915 3346 2364 3428 universitates
2382 3347 2641 3435 possunt

373 3470 409 3510 «
459 3446 668 3514 facere
691 3453 923 3515 statuta
950 3449 1024 3515 in
1048 3448 1323 3535 negotiis
1352 3448 1431 3515 ad
1455 3470 1561 3516 eas
1585 3451 2052 3538 spectantibuS,
2084 3450 2235 3518 licet
2252 3447 2639 3540 jurisdictio·

371 3578 405 3619 ι(
453 3574 606 3620 nem
632 3539 767 3622 non
798 3554 1100 3623 habeant.
1136 3580 1169 3618 »
1199 3552 1372 3621 Tum
1404 3554 1563 3644 quid
1593 3554 1731 3646 ipse
1759 3557 1991 3623 sentiat
2010 3556 2216 3647 aperit
2244 3555 2368 3623 hoc
2401 3553 2588 3621 modo
2618 3571 2632 3615 :

459 3685 494 3724 a
523 3658 646 3729 Sed
683 3662 823 3751 jam
873 3659 940 3751 in
987 3661 1308 3751 superiori
1351 3660 1522 3728 libro
1573 3660 1655 3751 (c.
1706 3660 1773 3751 2)
1805 3660 1960 3738 dixi,
2014 3659 2154 3729 sine
2194 3656 2639 3749 jurisdictione

369 3792 403 3828 α
443 3789 575 3835 non
620 3789 757 3835 esse
786 3767 1120 3857 propriam
1177 3768 1415 3855 legem,
1453 3767 1606 3834 licet
1647 3769 1850 3858 possit
1890 3789 2022 3835 esse
2067 3767 2366 3855 quaedam
2422 3761 2641 3851 regula

370 3896 402 3933 «
445 3874 754 3963 operandi
784 3897 859 3941 ex
898 3872 1322 3940 conventione
1367 3873 1676 3963 partium,
1713 3874 1960 3941 habens
1999 3872 2287 3961 aliquam
2317 3871 2448 3936 vim
2483 3866 2643 3934 obli·

281 3999 290 4024 »
366 4001 400 4037 «
448 3978 645 4063 gandi
692 4003 767 4047 ex
827 3981 889 4047 vi
960 3963 1405 4070 promissionis
1470 3978 1573 4044 vel
1635 3980 1833 4068 pacti,
1894 4000 2024 4046 non
2086 3977 2272 4066 legis,
2333 3974 2516 4043 Unde
2569 3972 2642 4037 in

368 4104 401 4141 «
449 4086 751 4171 praesenti
787 4086 1132 4153 dicendum
1174 4090 1293 4168 est,
1320 4082 1423 4150 vel
1459 4084 1828 4173 capitulum
1862 4083 2101 4151 habere
2123 4081 2639 4172 jurisdictionem

368 4212 400 4250 (ι
443 4186 521 4254 ad
564 4189 897 4257 condenda
942 4197 1177 4258 statuta
1222 4191 1704 4281 proportionata
1758 4190 1872 4258 tali
1920 4188 2378 4257 communitati
2421 4188 2481 4251 et
2525 4178 2638 4246 tali

369 4318 400 4356 «
447 4294 758 4379 materiae,
787 4294 890 4359 vel
918 4296 1037 4361 ista
1080 4301 1309 4362 statuta
1354 4319 1484 4364 non
1514 4318 1647 4364 esse
1681 4298 1972 4387 proprias
2000 4295 2199 4384 leges,
2230 4292 2340 4360 sed
2365 4289 2634 4357 ordina-

366 4425 401 4462 α
438 4403 642 4471 tiones
671 4398 983 4492 quasdam
1013 4399 1135 4467 sub
1157 4399 1372 4487 aliqua
1407 4402 1712 4471 fidelitate
1741 4402 2122 4491 obligantes.
2156 4399 2235 4469 Et
2263 4399 2318 4467 si
2348 4397 2629 4489 primum
