<?xml version="1.0" encoding="UTF-8"?>
<!DOCTYPE html PUBLIC "-//W3C//DTD XHTML 1.0 Transitional//EN"
    "http://www.w3.org/TR/xhtml1/DTD/xhtml1-transitional.dtd">
<html xmlns="http://www.w3.org/1999/xhtml" xml:lang="en" lang="en">
 <head>
  <title>
</title>
<meta http-equiv="Content-Type" content="text/html;charset=utf-8" />
  <meta name='ocr-system' content='tesseract 3.04.00' />
  <meta name='ocr-capabilities' content='ocr_page ocr_carea ocr_par ocr_line ocrx_word'/>
</head>
<body>
  <div class='ocr_page' id='page_1' title='image "./tractatusdecapi00bouigoog_0280.png"; bbox 0 0 2930 4982; ppageno 0'>
   <div class='ocr_carea' id='block_1_1' title="bbox 435 331 1755 386">
    <p class='ocr_par' dir='ltr' id='par_1_1' title="bbox 435 331 1755 386">
     <span class='ocr_line' id='line_1_1' title="bbox 435 331 1755 386; baseline 0.001 -9"><span class='ocrx_word' id='word_1_1' title='bbox 435 335 469 386; x_wconf 76' lang='lat'>‘2</span> <span class='ocrx_word' id='word_1_2' title='bbox 482 331 558 384; x_wconf 76' lang='lat'>58</span> <span class='ocrx_word' id='word_1_3' title='bbox 1414 331 1755 378; x_wconf 72' lang='lat' dir='ltr'>TRACTATUS</span> 
     </span>
    </p>
   </div>
   <div class='ocr_carea' id='block_1_2' title="bbox 321 448 2824 4372">
    <p class='ocr_par' dir='ltr' id='par_1_2' title="bbox 419 448 2824 2029">
     <span class='ocr_line' id='line_1_2' title="bbox 439 448 2694 543; baseline -0.001 -18"><span class='ocrx_word' id='word_1_4' title='bbox 439 485 476 525; x_wconf 83' lang='lat'>«</span> <span class='ocrx_word' id='word_1_5' title='bbox 504 458 662 527; x_wconf 90' lang='lat' dir='ltr'>olim</span> <span class='ocrx_word' id='word_1_6' title='bbox 715 475 789 521; x_wconf 86' lang='lat' dir='ltr'>ex</span> <span class='ocrx_word' id='word_1_7' title='bbox 848 452 1191 543; x_wconf 87' lang='lat' dir='ltr'>privilegio</span> <span class='ocrx_word' id='word_1_8' title='bbox 1240 449 1417 518; x_wconf 91' lang='lat' dir='ltr'>idem</span> <span class='ocrx_word' id='word_1_9' title='bbox 1458 454 1756 541; x_wconf 81' lang='lat' dir='ltr'>poterant</span> <span class='ocrx_word' id='word_1_10' title='bbox 1812 449 2072 518; x_wconf 81' lang='lat' dir='ltr'>abbates</span> <span class='ocrx_word' id='word_1_11' title='bbox 2120 448 2619 533; x_wconf 84' lang='lat' dir='ltr'>monachorum3</span> <span class='ocrx_word' id='word_1_12' title='bbox 2649 460 2694 522; x_wconf 81' lang='lat' dir='ltr'>et</span> 
     </span>
     <span class='ocr_line' id='line_1_3' title="bbox 439 553 2690 646; baseline -0.002 -17"><span class='ocrx_word' id='word_1_13' title='bbox 439 589 474 629; x_wconf 76' lang='grc' dir='ltr'>α</span> <span class='ocrx_word' id='word_1_14' title='bbox 504 560 731 632; x_wconf 88' lang='lat' dir='ltr'>deinde</span> <span class='ocrx_word' id='word_1_15' title='bbox 763 579 935 626; x_wconf 89' lang='lat' dir='ltr'>anno</span> <span class='ocrx_word' id='word_1_16' title='bbox 970 556 1142 624; x_wconf 78' lang='lat'><strong>1628</strong></span> <span class='ocrx_word' id='word_1_17' title='bbox 1173 555 1299 623; x_wconf 85' lang='lat' dir='ltr'>fuit</span> <span class='ocrx_word' id='word_1_18' title='bbox 1324 553 1429 623; x_wconf 92' lang='lat' dir='ltr'>his</span> <span class='ocrx_word' id='word_1_19' title='bbox 1456 554 1582 623; x_wconf 88' lang='lat' dir='ltr'>tale</span> <span class='ocrx_word' id='word_1_20' title='bbox 1617 555 2039 646; x_wconf 86' lang='lat' dir='ltr'>privilegium</span> <span class='ocrx_word' id='word_1_21' title='bbox 2076 553 2430 622; x_wconf 90' lang='lat' dir='ltr'>limitatum</span> <span class='ocrx_word' id='word_1_22' title='bbox 2467 577 2580 645; x_wconf 87' lang='lat' dir='ltr'>per</span> <span class='ocrx_word' id='word_1_23' title='bbox 2600 556 2690 625; x_wconf 89' lang='lat' dir='ltr'>de·</span> 
     </span>
     <span class='ocr_line' id='line_1_4' title="bbox 435 660 2690 752; baseline -0.002 -17"><span class='ocrx_word' id='word_1_24' title='bbox 435 695 469 735; x_wconf 86' lang='lat'>«</span> <span class='ocrx_word' id='word_1_25' title='bbox 501 672 753 739; x_wconf 90' lang='lat' dir='ltr'>cretum</span> <span class='ocrx_word' id='word_1_26' title='bbox 801 663 1013 733; x_wconf 85' lang='lat' dir='ltr'>Sacrae</span> <span class='ocrx_word' id='word_1_27' title='bbox 1067 663 1318 729; x_wconf 89' lang='lat' dir='ltr'>rituum</span> <span class='ocrx_word' id='word_1_28' title='bbox 1374 661 1935 751; x_wconf 79' lang='lat' dir='ltr'>CongregationiS.</span> <span class='ocrx_word' id='word_1_29' title='bbox 1990 660 2203 742; x_wconf 87' lang='lat' dir='ltr'>Quare</span> <span class='ocrx_word' id='word_1_30' title='bbox 2249 662 2612 752; x_wconf 88' lang='lat' dir='ltr'>accepimus</span> <span class='ocrx_word' id='word_1_31' title='bbox 2641 665 2690 731; x_wconf 90' lang='lat' dir='ltr'>in</span> 
     </span>
     <span class='ocr_line' id='line_1_5' title="bbox 435 766 2689 857; baseline -0.002 -15"><span class='ocrx_word' id='word_1_32' title='bbox 435 801 470 842; x_wconf 88' lang='lat'>«</span> <span class='ocrx_word' id='word_1_33' title='bbox 498 770 808 849; x_wconf 80' lang='lat' dir='ltr'>historiiS‚</span> <span class='ocrx_word' id='word_1_34' title='bbox 850 768 1026 857; x_wconf 93' lang='lat' dir='ltr'>quod</span> <span class='ocrx_word' id='word_1_35' title='bbox 1057 772 1317 836; x_wconf 87' lang='lat' dir='ltr'>sanctus</span> <span class='ocrx_word' id='word_1_36' title='bbox 1341 766 1611 835; x_wconf 83' lang='lat' dir='ltr'>Carolus</span> <span class='ocrx_word' id='word_1_37' title='bbox 1639 766 2050 835; x_wconf 83' lang='lat' dir='ltr'>Borromaeus</span> <span class='ocrx_word' id='word_1_38' title='bbox 2075 766 2431 856; x_wconf 80' lang='lat' dir='ltr'>saepissime</span> <span class='ocrx_word' id='word_1_39' title='bbox 2460 769 2689 837; x_wconf 87' lang='lat' dir='ltr'>missam</span> 
     </span>
     <span class='ocr_line' id='line_1_6' title="bbox 435 871 2713 970; baseline -0 -26"><span class='ocrx_word' id='word_1_40' title='bbox 435 905 468 944; x_wconf 85' lang='lat'>«</span> <span class='ocrx_word' id='word_1_41' title='bbox 500 875 956 970; x_wconf 88' lang='lat' dir='ltr'>pontificaliter</span> <span class='ocrx_word' id='word_1_42' title='bbox 985 873 1401 941; x_wconf 89' lang='lat' dir='ltr'>celebrabat..</span> <span class='ocrx_word' id='word_1_43' title='bbox 1417 924 1431 940; x_wconf 92' lang='lat'>.</span> <span class='ocrx_word' id='word_1_44' title='bbox 1464 871 1566 941; x_wconf 88' lang='lat' dir='ltr'>Ac</span> <span class='ocrx_word' id='word_1_45' title='bbox 1601 872 1680 941; x_wconf 92' lang='lat' dir='ltr'>de</span> <span class='ocrx_word' id='word_1_46' title='bbox 1721 895 1905 941; x_wconf 87' lang='lat' dir='ltr'>servo</span> <span class='ocrx_word' id='word_1_47' title='bbox 1941 871 2060 940; x_wconf 92' lang='lat' dir='ltr'>Dei</span> <span class='ocrx_word' id='word_1_48' title='bbox 2102 871 2183 941; x_wconf 90' lang='lat' dir='ltr'>D.</span> <span class='ocrx_word' id='word_1_49' title='bbox 2226 871 2414 941; x_wconf 88' lang='lat' dir='ltr'>Petro</span> <span class='ocrx_word' id='word_1_50' title='bbox 2450 873 2713 965; x_wconf 83' lang='lat' dir='ltr'>Georgio&#39;</span> 
     </span>
     <span class='ocr_line' id='line_1_7' title="bbox 431 978 2690 1070; baseline 0.001 -22"><span class='ocrx_word' id='word_1_51' title='bbox 431 1011 466 1049; x_wconf 88' lang='lat'>«</span> <span class='ocrx_word' id='word_1_52' title='bbox 497 981 892 1052; x_wconf 90' lang='lat' dir='ltr'>Odescalcho</span> <span class='ocrx_word' id='word_1_53' title='bbox 919 979 1360 1048; x_wconf 80' lang='lat' dir='ltr'>Alexandrino</span> <span class='ocrx_word' id='word_1_54' title='bbox 1385 979 1731 1070; x_wconf 90' lang='lat' dir='ltr'>Episcopo,</span> <span class='ocrx_word' id='word_1_55' title='bbox 1761 1000 1837 1048; x_wconf 92' lang='lat' dir='ltr'>ac</span> <span class='ocrx_word' id='word_1_56' title='bbox 1860 978 2092 1047; x_wconf 88' lang='lat' dir='ltr'>deinde</span> <span class='ocrx_word' id='word_1_57' title='bbox 2116 978 2598 1068; x_wconf 88' lang='lat' dir='ltr'>Viglebanensi,</span> <span class='ocrx_word' id='word_1_58' title='bbox 2620 983 2690 1051; x_wconf 87' lang='lat' dir='ltr'>le-</span> 
     </span>
     <span class='ocr_line' id='line_1_8' title="bbox 427 1072 2689 1182; baseline 0.001 -27"><span class='ocrx_word' id='word_1_59' title='bbox 427 1115 461 1157; x_wconf 89' lang='lat'>«</span> <span class='ocrx_word' id='word_1_60' title='bbox 494 1090 715 1182; x_wconf 85' lang='lat' dir='ltr'>gimus</span> <span class='ocrx_word' id='word_1_61' title='bbox 766 1087 837 1154; x_wconf 91' lang='lat' dir='ltr'>in</span> <span class='ocrx_word' id='word_1_62' title='bbox 881 1088 1022 1177; x_wconf 90' lang='lat' dir='ltr'>ejus</span> <span class='ocrx_word' id='word_1_63' title='bbox 1062 1087 1193 1154; x_wconf 80' lang='lat' dir='ltr'>vita</span> <span class='ocrx_word' id='word_1_64' title='bbox 1235 1072 1806 1177; x_wconf 46' lang='lat' dir='ltr'>quod&#39;indefessus</span> <span class='ocrx_word' id='word_1_65' title='bbox 1848 1098 1994 1154; x_wconf 80' lang='lat' dir='ltr'>erat</span> <span class='ocrx_word' id='word_1_66' title='bbox 2026 1086 2097 1154; x_wconf 80' lang='lat' dir='ltr'>in</span> <span class='ocrx_word' id='word_1_67' title='bbox 2149 1087 2397 1155; x_wconf 79' lang='lat' dir='ltr'>cunctis</span> <span class='ocrx_word' id='word_1_68' title='bbox 2440 1089 2689 1178; x_wconf 80' lang='lat' dir='ltr'>functio·</span> 
     </span>
     <span class='ocr_line' id='line_1_9' title="bbox 424 1192 2688 1289; baseline 0 -25"><span class='ocrx_word' id='word_1_69' title='bbox 424 1223 460 1289; x_wconf 68' lang='grc' dir='ltr'>ς(</span> <span class='ocrx_word' id='word_1_70' title='bbox 486 1194 679 1264; x_wconf 79' lang='lat' dir='ltr'>nibus</span> <span class='ocrx_word' id='word_1_71' title='bbox 717 1192 1266 1284; x_wconf 70' lang='lat' dir='ltr'>pontificalibuS,</span> <span class='ocrx_word' id='word_1_72' title='bbox 1316 1203 1381 1260; x_wconf 84' lang='lat' dir='ltr'>et</span> <span class='ocrx_word' id='word_1_73' title='bbox 1430 1203 1575 1259; x_wconf 84' lang='lat' dir='ltr'>tam</span> <span class='ocrx_word' id='word_1_74' title='bbox 1619 1195 1957 1282; x_wconf 74' lang='lat' dir='ltr'>frequem,</span> <span class='ocrx_word' id='word_1_75' title='bbox 2007 1199 2085 1260; x_wconf 88' lang='lat' dir='ltr'>ut</span> <span class='ocrx_word' id='word_1_76' title='bbox 2125 1194 2362 1281; x_wconf 86' lang='lat' dir='ltr'>passim</span> <span class='ocrx_word' id='word_1_77' title='bbox 2406 1195 2688 1265; x_wconf 86' lang='lat' dir='ltr'>diceretur</span> 
     </span>
     <span class='ocr_line' id='line_1_10' title="bbox 423 1297 2687 1392; baseline 0 -22"><span class='ocrx_word' id='word_1_78' title='bbox 423 1298 457 1370; x_wconf 70' lang='grc' dir='ltr'>ὰ</span> <span class='ocrx_word' id='word_1_79' title='bbox 486 1301 862 1392; x_wconf 85' lang='lat' dir='ltr'>Viglebani‚</span> <span class='ocrx_word' id='word_1_80' title='bbox 891 1300 971 1368; x_wconf 92' lang='lat' dir='ltr'>D.</span> <span class='ocrx_word' id='word_1_81' title='bbox 1007 1299 1485 1368; x_wconf 89' lang='lat' dir='ltr'>Odescalchum</span> <span class='ocrx_word' id='word_1_82' title='bbox 1512 1300 1705 1389; x_wconf 89' lang='lat' dir='ltr'>plura</span> <span class='ocrx_word' id='word_1_83' title='bbox 1749 1305 2131 1390; x_wconf 89' lang='lat' dir='ltr'>paramenta</span> <span class='ocrx_word' id='word_1_84' title='bbox 2177 1297 2490 1368; x_wconf 80' lang='lat' dir='ltr'>attrivisse</span> <span class='ocrx_word' id='word_1_85' title='bbox 2521 1323 2687 1390; x_wconf 89' lang='lat' dir='ltr'>quam</span> 
     </span>
     <span class='ocr_line' id='line_1_11' title="bbox 424 1405 2687 1501; baseline 0.001 -26"><span class='ocrx_word' id='word_1_86' title='bbox 424 1436 459 1476; x_wconf 86' lang='lat'>«</span> <span class='ocrx_word' id='word_1_87' title='bbox 486 1414 735 1501; x_wconf 86' lang='lat' dir='ltr'>septem</span> <span class='ocrx_word' id='word_1_88' title='bbox 778 1407 1276 1498; x_wconf 64' lang='lat' dir='ltr'>praedecessores</span> <span class='ocrx_word' id='word_1_89' title='bbox 1311 1409 1452 1496; x_wconf 81' lang='lat' dir='ltr'>ejus</span> <span class='ocrx_word' id='word_1_90' title='bbox 1494 1405 1897 1498; x_wconf 86' lang='lat' dir='ltr'>Episcopos),</span> <span class='ocrx_word' id='word_1_91' title='bbox 1939 1405 2110 1490; x_wconf 85' lang='lat' dir='ltr'>aliis,</span> <span class='ocrx_word' id='word_1_92' title='bbox 2153 1406 2450 1495; x_wconf 89' lang='lat' dir='ltr'>inquam,</span> <span class='ocrx_word' id='word_1_93' title='bbox 2492 1407 2687 1477; x_wconf 88' lang='lat' dir='ltr'>diebus</span> 
     </span>
     <span class='ocr_line' id='line_1_12' title="bbox 422 1501 2823 1611; baseline -0 -28"><span class='ocrx_word' id='word_1_94' title='bbox 422 1542 456 1583; x_wconf 77' lang='grc' dir='ltr'>α</span> <span class='ocrx_word' id='word_1_95' title='bbox 484 1537 618 1585; x_wconf 92' lang='lat' dir='ltr'>non</span> <span class='ocrx_word' id='word_1_96' title='bbox 657 1520 959 1583; x_wconf 89' lang='lat' dir='ltr'>tenentur</span> <span class='ocrx_word' id='word_1_97' title='bbox 1007 1515 1303 1581; x_wconf 88' lang='lat' dir='ltr'>canonici</span> <span class='ocrx_word' id='word_1_98' title='bbox 1345 1514 1472 1582; x_wconf 92' lang='lat' dir='ltr'>nisi</span> <span class='ocrx_word' id='word_1_99' title='bbox 1503 1536 1580 1582; x_wconf 88' lang='lat' dir='ltr'>ex</span> <span class='ocrx_word' id='word_1_100' title='bbox 1614 1501 1980 1582; x_wconf 73' lang='lat' dir='ltr'>urbanitate</span> <span class='ocrx_word' id='word_1_101' title='bbox 2022 1513 2122 1581; x_wconf 91' lang='lat' dir='ltr'>illi</span> <span class='ocrx_word' id='word_1_102' title='bbox 2163 1512 2421 1589; x_wconf 86' lang='lat' dir='ltr'>obviam</span> <span class='ocrx_word' id='word_1_103' title='bbox 2459 1515 2689 1603; x_wconf 87' lang='lat' dir='ltr'>prodire</span> <span class='ocrx_word' id='word_1_104' title='bbox 2812 1545 2823 1611; x_wconf 44' lang='grc' dir='ltr'>ᾖ</span> 
     </span>
     <span class='ocr_line' id='line_1_13' title="bbox 424 1618 2690 1713; baseline 0 -26"><span class='ocrx_word' id='word_1_105' title='bbox 424 1648 456 1688; x_wconf 91' lang='lat'>«</span> <span class='ocrx_word' id='word_1_106' title='bbox 484 1643 699 1713; x_wconf 89' lang='lat' dir='ltr'>usque</span> <span class='ocrx_word' id='word_1_107' title='bbox 728 1620 807 1688; x_wconf 93' lang='lat' dir='ltr'>ad</span> <span class='ocrx_word' id='word_1_108' title='bbox 830 1619 1146 1711; x_wconf 88' lang='lat' dir='ltr'>palatium</span> <span class='ocrx_word' id='word_1_109' title='bbox 1195 1618 1516 1685; x_wconf 89' lang='lat' dir='ltr'>inclusive</span> <span class='ocrx_word' id='word_1_110' title='bbox 1547 1642 1563 1686; x_wconf 71' lang='grc' dir='ltr'>ε</span> <span class='ocrx_word' id='word_1_111' title='bbox 1594 1640 1979 1708; x_wconf 87' lang='lat' dir='ltr'>quanquam</span> <span class='ocrx_word' id='word_1_112' title='bbox 2010 1620 2203 1686; x_wconf 87' lang='lat' dir='ltr'>etiam</span> <span class='ocrx_word' id='word_1_113' title='bbox 2230 1619 2457 1686; x_wconf 86' lang='lat' dir='ltr'>talibus</span> <span class='ocrx_word' id='word_1_114' title='bbox 2481 1618 2690 1688; x_wconf 88' lang='lat' dir='ltr'>diebus</span> 
     </span>
     <span class='ocr_line' id='line_1_14' title="bbox 420 1725 2824 1816; baseline -0.004 -19"><span class='ocrx_word' id='word_1_115' title='bbox 420 1734 832 1798; x_wconf 86' lang='lat' dir='ltr'>«teneantur</span> <span class='ocrx_word' id='word_1_116' title='bbox 861 1727 1068 1816; x_wconf 88' lang='lat' dir='ltr'>aliqui</span> <span class='ocrx_word' id='word_1_117' title='bbox 1100 1748 1177 1794; x_wconf 85' lang='lat' dir='ltr'>ex</span> <span class='ocrx_word' id='word_1_118' title='bbox 1218 1725 1555 1793; x_wconf 90' lang='lat' dir='ltr'>canonicis</span> <span class='ocrx_word' id='word_1_119' title='bbox 1600 1725 1682 1792; x_wconf 93' lang='lat' dir='ltr'>ad</span> <span class='ocrx_word' id='word_1_120' title='bbox 1718 1731 1974 1816; x_wconf 86' lang='lat' dir='ltr'>portam</span> <span class='ocrx_word' id='word_1_121' title='bbox 2019 1726 2305 1793; x_wconf 85' lang='lat' dir='ltr'>ecclesiae</span> <span class='ocrx_word' id='word_1_122' title='bbox 2345 1725 2442 1793; x_wconf 91' lang='lat' dir='ltr'>illi</span> <span class='ocrx_word' id='word_1_123' title='bbox 2482 1747 2689 1794; x_wconf 87' lang='lat' dir='ltr'>occur-</span> <span class='ocrx_word' id='word_1_124' title='bbox 2810 1784 2824 1815; x_wconf 23' lang='grc' dir='ltr'>,ζ</span> 
     </span>
     <span class='ocr_line' id='line_1_15' title="bbox 421 1830 2685 1923; baseline -0.003 -20"><span class='ocrx_word' id='word_1_125' title='bbox 421 1863 456 1903; x_wconf 74' lang='grc' dir='ltr'><strong>α</strong></span> <span class='ocrx_word' id='word_1_126' title='bbox 486 1858 627 1905; x_wconf 90' lang='lat' dir='ltr'>rere</span> <span class='ocrx_word' id='word_1_127' title='bbox 666 1859 682 1901; x_wconf 72' lang='grc' dir='ltr'>ε</span> <span class='ocrx_word' id='word_1_128' title='bbox 735 1834 924 1902; x_wconf 89' lang='lat' dir='ltr'>sicuti</span> <span class='ocrx_word' id='word_1_129' title='bbox 973 1832 1411 1923; x_wconf 86' lang='lat' dir='ltr'>pariformiter</span> <span class='ocrx_word' id='word_1_130' title='bbox 1456 1831 1847 1899; x_wconf 85' lang='lat' dir='ltr'>servandum</span> <span class='ocrx_word' id='word_1_131' title='bbox 1888 1837 2007 1918; x_wconf 87' lang='lat' dir='ltr'>est,</span> <span class='ocrx_word' id='word_1_132' title='bbox 2057 1831 2322 1920; x_wconf 89' lang='lat' dir='ltr'>quando</span> <span class='ocrx_word' id='word_1_133' title='bbox 2362 1830 2685 1921; x_wconf 81' lang='lat' dir='ltr'>Episcopus</span> 
     </span>
     <span class='ocr_line' id='line_1_16' title="bbox 419 1935 2680 2029; baseline -0.004 -20"><span class='ocrx_word' id='word_1_134' title='bbox 419 1969 453 2010; x_wconf 88' lang='lat'>«</span> <span class='ocrx_word' id='word_1_135' title='bbox 481 1943 565 2011; x_wconf 93' lang='lat' dir='ltr'>ob</span> <span class='ocrx_word' id='word_1_136' title='bbox 590 1942 788 2009; x_wconf 89' lang='lat' dir='ltr'>aliam</span> <span class='ocrx_word' id='word_1_137' title='bbox 807 1959 1297 2029; x_wconf 86' lang='lat' dir='ltr'>quamcumque</span> <span class='ocrx_word' id='word_1_138' title='bbox 1322 1958 1588 2006; x_wconf 89' lang='lat' dir='ltr'>causam</span> <span class='ocrx_word' id='word_1_139' title='bbox 1616 1937 1694 2004; x_wconf 92' lang='lat' dir='ltr'>ad</span> <span class='ocrx_word' id='word_1_140' title='bbox 1731 1938 2066 2006; x_wconf 90' lang='lat' dir='ltr'>ecclesiam</span> <span class='ocrx_word' id='word_1_141' title='bbox 2093 1939 2349 2009; x_wconf 86' lang='lat' dir='ltr'>venerit</span> <span class='ocrx_word' id='word_1_142' title='bbox 2379 1935 2680 2028; x_wconf 87' lang='lat' dir='ltr'>privatim.</span> 
     </span>
    </p>

    <p class='ocr_par' dir='ltr' id='par_1_3' title="bbox 321 2042 2824 4372">
     <span class='ocr_line' id='line_1_17' title="bbox 506 2042 2824 2146; baseline -0.002 -34"><span class='ocrx_word' id='word_1_143' title='bbox 506 2046 665 2115; x_wconf 89' lang='lat' dir='ltr'>«Ne</span> <span class='ocrx_word' id='word_1_144' title='bbox 712 2068 864 2114; x_wconf 86' lang='lat' dir='ltr'>vero</span> <span class='ocrx_word' id='word_1_145' title='bbox 913 2045 1265 2119; x_wconf 86' lang='lat' dir='ltr'>turbentur</span> <span class='ocrx_word' id='word_1_146' title='bbox 1308 2043 1530 2111; x_wconf 89' lang='lat' dir='ltr'>divina</span> <span class='ocrx_word' id='word_1_147' title='bbox 1582 2043 1799 2111; x_wconf 79' lang='lat' dir='ltr'>officia</span> <span class='ocrx_word' id='word_1_148' title='bbox 1828 2049 2092 2134; x_wconf 90' lang='lat' dir='ltr'>propter</span> <span class='ocrx_word' id='word_1_149' title='bbox 2132 2044 2492 2112; x_wconf 90' lang='lat' dir='ltr'>solemnem</span> <span class='ocrx_word' id='word_1_150' title='bbox 2516 2042 2679 2109; x_wconf 87' lang='lat' dir='ltr'>illam</span> <span class='ocrx_word' id='word_1_151' title='bbox 2798 2081 2824 2146; x_wconf 42' lang='grc' dir='ltr'>ἃ]</span> 
     </span>
     <span class='ocr_line' id='line_1_18' title="bbox 419 2148 2824 2252; baseline -0.002 -31"><span class='ocrx_word' id='word_1_152' title='bbox 419 2181 454 2221; x_wconf 71' lang='grc' dir='ltr'>ι(</span> <span class='ocrx_word' id='word_1_153' title='bbox 483 2153 840 2245; x_wconf 85' lang='lat' dir='ltr'>praestitam</span> <span class='ocrx_word' id='word_1_154' title='bbox 898 2173 934 2219; x_wconf 90' lang='lat' dir='ltr'>a</span> <span class='ocrx_word' id='word_1_155' title='bbox 996 2156 1128 2218; x_wconf 87' lang='lat' dir='ltr'>toto</span> <span class='ocrx_word' id='word_1_156' title='bbox 1196 2149 1480 2240; x_wconf 89' lang='lat' dir='ltr'>capitulo</span> <span class='ocrx_word' id='word_1_157' title='bbox 1537 2150 2056 2232; x_wconf 83' lang='lat' dir='ltr'>associationem,</span> <span class='ocrx_word' id='word_1_158' title='bbox 2130 2150 2318 2219; x_wconf 90' lang='lat' dir='ltr'>debet</span> <span class='ocrx_word' id='word_1_159' title='bbox 2365 2148 2684 2240; x_wconf 88' lang='lat' dir='ltr'>Episcopus</span> <span class='ocrx_word' id='word_1_160' title='bbox 2782 2195 2824 2252; x_wconf 47' lang='lat' dir='ltr'>,et</span> 
     </span>
     <span class='ocr_line' id='line_1_19' title="bbox 416 2256 2823 2374; baseline -0.002 -48"><span class='ocrx_word' id='word_1_161' title='bbox 416 2286 452 2326; x_wconf 73' lang='grc' dir='ltr'>ι(</span> <span class='ocrx_word' id='word_1_162' title='bbox 482 2267 725 2330; x_wconf 85' lang='lat' dir='ltr'>certam</span> <span class='ocrx_word' id='word_1_163' title='bbox 767 2259 998 2325; x_wconf 88' lang='lat' dir='ltr'>horam</span> <span class='ocrx_word' id='word_1_164' title='bbox 1032 2256 1131 2324; x_wconf 89' lang='lat' dir='ltr'>sui</span> <span class='ocrx_word' id='word_1_165' title='bbox 1159 2257 1476 2324; x_wconf 87' lang='lat' dir='ltr'>adventus</span> <span class='ocrx_word' id='word_1_166' title='bbox 1512 2257 1905 2347; x_wconf 84' lang='lat' dir='ltr'>significare,</span> <span class='ocrx_word' id='word_1_167' title='bbox 1948 2278 2100 2346; x_wconf 86' lang='lat' dir='ltr'>quae</span> <span class='ocrx_word' id='word_1_168' title='bbox 2137 2258 2220 2325; x_wconf 89' lang='lat' dir='ltr'>sit</span> <span class='ocrx_word' id='word_1_169' title='bbox 2243 2263 2530 2347; x_wconf 91' lang='lat' dir='ltr'>tempore</span> <span class='ocrx_word' id='word_1_170' title='bbox 2561 2274 2684 2323; x_wconf 86' lang='lat' dir='ltr'>con·</span> <span class='ocrx_word' id='word_1_171' title='bbox 2773 2304 2823 2374; x_wconf 47' lang='lat' dir='ltr'>Q</span> 
     </span>
     <span class='ocr_line' id='line_1_20' title="bbox 424 2362 2824 2457; baseline -0.001 -27"><span class='ocrx_word' id='word_1_172' title='bbox 424 2391 459 2431; x_wconf 85' lang='lat'>«</span> <span class='ocrx_word' id='word_1_173' title='bbox 492 2388 679 2454; x_wconf 86' lang='lat' dir='ltr'>gruo.</span> <span class='ocrx_word' id='word_1_174' title='bbox 711 2365 899 2445; x_wconf 88' lang='lat' dir='ltr'>Quod</span> <span class='ocrx_word' id='word_1_175' title='bbox 921 2364 1001 2450; x_wconf 89' lang='lat' dir='ltr'>si,</span> <span class='ocrx_word' id='word_1_176' title='bbox 1024 2368 1255 2430; x_wconf 85' lang='lat' dir='ltr'>statuta</span> <span class='ocrx_word' id='word_1_177' title='bbox 1282 2363 1362 2430; x_wconf 94' lang='lat' dir='ltr'>de</span> <span class='ocrx_word' id='word_1_178' title='bbox 1394 2384 1714 2431; x_wconf 90' lang='lat' dir='ltr'>consensu</span> <span class='ocrx_word' id='word_1_179' title='bbox 1741 2363 2045 2455; x_wconf 90' lang='lat' dir='ltr'>Episcopi</span> <span class='ocrx_word' id='word_1_180' title='bbox 2073 2365 2234 2432; x_wconf 91' lang='lat' dir='ltr'>hora</span> <span class='ocrx_word' id='word_1_181' title='bbox 2274 2363 2495 2442; x_wconf 87' lang='lat' dir='ltr'>officii,</span> <span class='ocrx_word' id='word_1_182' title='bbox 2521 2362 2684 2430; x_wconf 85' lang='lat' dir='ltr'>fuerit</span> <span class='ocrx_word' id='word_1_183' title='bbox 2766 2409 2824 2457; x_wconf 53' lang='grc' dir='ltr'>«ι</span> 
     </span>
     <span class='ocr_line' id='line_1_21' title="bbox 417 2467 2823 2564; baseline -0 -29"><span class='ocrx_word' id='word_1_184' title='bbox 417 2494 454 2535; x_wconf 75' lang='grc' dir='ltr'>ι(</span> <span class='ocrx_word' id='word_1_185' title='bbox 484 2467 706 2537; x_wconf 87' lang='lat' dir='ltr'>datum</span> <span class='ocrx_word' id='word_1_186' title='bbox 731 2468 1045 2535; x_wconf 91' lang='lat' dir='ltr'>ultimum</span> <span class='ocrx_word' id='word_1_187' title='bbox 1072 2489 1407 2558; x_wconf 86' lang='lat' dir='ltr'>campanae</span> <span class='ocrx_word' id='word_1_188' title='bbox 1440 2467 1743 2558; x_wconf 58' lang='lat' dir='ltr'>signum,</span> <span class='ocrx_word' id='word_1_189' title='bbox 1769 2491 1902 2538; x_wconf 91' lang='lat' dir='ltr'>non</span> <span class='ocrx_word' id='word_1_190' title='bbox 1931 2474 2239 2538; x_wconf 90' lang='lat' dir='ltr'>tenentur</span> <span class='ocrx_word' id='word_1_191' title='bbox 2266 2468 2552 2538; x_wconf 90' lang='lat' dir='ltr'>canonici</span> <span class='ocrx_word' id='word_1_192' title='bbox 2567 2488 2682 2535; x_wconf 88' lang='lat' dir='ltr'>am·</span> <span class='ocrx_word' id='word_1_193' title='bbox 2768 2491 2823 2564; x_wconf 51' lang='lat' dir='ltr'>,fit</span> 
     </span>
     <span class='ocr_line' id='line_1_22' title="bbox 409 2574 2824 2672; baseline -0.001 -26"><span class='ocrx_word' id='word_1_194' title='bbox 409 2601 457 2646; x_wconf 87' lang='lat'>.«</span> <span class='ocrx_word' id='word_1_195' title='bbox 485 2575 658 2667; x_wconf 91' lang='lat' dir='ltr'>plius</span> <span class='ocrx_word' id='word_1_196' title='bbox 689 2578 1075 2663; x_wconf 86' lang='lat' dir='ltr'>exspectare,</span> <span class='ocrx_word' id='word_1_197' title='bbox 1123 2574 1234 2642; x_wconf 93' lang='lat' dir='ltr'>sed</span> <span class='ocrx_word' id='word_1_198' title='bbox 1294 2583 1565 2664; x_wconf 90' lang='lat' dir='ltr'>possunt</span> <span class='ocrx_word' id='word_1_199' title='bbox 1607 2577 1915 2645; x_wconf 91' lang='lat' dir='ltr'>inchoare</span> <span class='ocrx_word' id='word_1_200' title='bbox 1961 2578 2288 2660; x_wconf 84' lang='lat' dir='ltr'>officium;</span> <span class='ocrx_word' id='word_1_201' title='bbox 2320 2599 2396 2654; x_wconf 34' lang='lat' dir='ltr'>,ac</span> <span class='ocrx_word' id='word_1_202' title='bbox 2442 2575 2682 2655; x_wconf 88' lang='lat' dir='ltr'>deinde,</span> <span class='ocrx_word' id='word_1_203' title='bbox 2797 2603 2824 2672; x_wconf 50' lang='grc' dir='ltr'><strong><em>γ</em></strong></span> 
     </span>
     <span class='ocr_line' id='line_1_23' title="bbox 402 2678 2824 2785; baseline 0.001 -37"><span class='ocrx_word' id='word_1_204' title='bbox 402 2708 455 2780; x_wconf 41' lang='grc' dir='ltr'>ἰ(</span> <span class='ocrx_word' id='word_1_205' title='bbox 481 2679 744 2771; x_wconf 91' lang='lat' dir='ltr'>quando</span> <span class='ocrx_word' id='word_1_206' title='bbox 761 2678 1065 2746; x_wconf 89' lang='lat' dir='ltr'>inchoato</span> <span class='ocrx_word' id='word_1_207' title='bbox 1088 2678 1304 2747; x_wconf 81' lang='lat' dir='ltr'>officio</span> <span class='ocrx_word' id='word_1_208' title='bbox 1322 2679 1976 2771; x_wconf 59' lang='lat' dir='ltr'>Episcopus&#39;yenerit,</span> <span class='ocrx_word' id='word_1_209' title='bbox 2002 2684 2150 2752; x_wconf 89' lang='lat' dir='ltr'>satis</span> <span class='ocrx_word' id='word_1_210' title='bbox 2171 2685 2296 2752; x_wconf 89' lang='lat' dir='ltr'>erit</span> <span class='ocrx_word' id='word_1_211' title='bbox 2317 2682 2483 2771; x_wconf 90' lang='lat' dir='ltr'>quod</span> <span class='ocrx_word' id='word_1_212' title='bbox 2500 2679 2682 2769; x_wconf 88' lang='lat' dir='ltr'>aliqui</span> <span class='ocrx_word' id='word_1_213' title='bbox 2778 2729 2824 2785; x_wconf 50' lang='lat' dir='ltr'>,m</span> 
     </span>
     <span class='ocr_line' id='line_1_24' title="bbox 422 2784 2674 2879; baseline -0.001 -25"><span class='ocrx_word' id='word_1_214' title='bbox 422 2814 458 2854; x_wconf 75' lang='grc' dir='ltr'>ι(</span> <span class='ocrx_word' id='word_1_215' title='bbox 489 2810 565 2856; x_wconf 83' lang='lat' dir='ltr'>ex</span> <span class='ocrx_word' id='word_1_216' title='bbox 590 2784 926 2855; x_wconf 86' lang='lat' dir='ltr'>canonicis</span> <span class='ocrx_word' id='word_1_217' title='bbox 960 2807 996 2853; x_wconf 96' lang='lat' dir='ltr'>e</span> <span class='ocrx_word' id='word_1_218' title='bbox 1025 2785 1223 2853; x_wconf 89' lang='lat' dir='ltr'>choro</span> <span class='ocrx_word' id='word_1_219' title='bbox 1251 2785 1612 2873; x_wconf 86' lang='lat' dir='ltr'>discedant,</span> <span class='ocrx_word' id='word_1_220' title='bbox 1647 2793 1710 2870; x_wconf 89' lang='lat' dir='ltr'>et</span> <span class='ocrx_word' id='word_1_221' title='bbox 1741 2789 2005 2858; x_wconf 84' lang='lat' dir='ltr'>obviam</span> <span class='ocrx_word' id='word_1_222' title='bbox 2030 2789 2136 2858; x_wconf 69' lang='grc'>1111</span> <span class='ocrx_word' id='word_1_223' title='bbox 2154 2794 2303 2859; x_wconf 90' lang='lat' dir='ltr'>eant</span> <span class='ocrx_word' id='word_1_224' title='bbox 2324 2790 2400 2857; x_wconf 88' lang='lat' dir='ltr'>ad</span> <span class='ocrx_word' id='word_1_225' title='bbox 2430 2794 2674 2879; x_wconf 88' lang='lat' dir='ltr'>portam,</span> 
     </span>
     <span class='ocr_line' id='line_1_25' title="bbox 409 2894 2824 2992; baseline 0.002 -36"><span class='ocrx_word' id='word_1_226' title='bbox 409 2921 460 2961; x_wconf 74' lang='grc' dir='ltr'>,κ</span> <span class='ocrx_word' id='word_1_227' title='bbox 486 2894 889 2984; x_wconf 84' lang='lat' dir='ltr'>porrigentes</span> <span class='ocrx_word' id='word_1_228' title='bbox 928 2894 1387 2980; x_wconf 88' lang='lat' dir='ltr'>aspersorium.</span> <span class='ocrx_word' id='word_1_229' title='bbox 2786 2925 2824 2992; x_wconf 46' lang='lat' dir='ltr'><em>W</em></span> 
     </span>
     <span class='ocr_line' id='line_1_26' title="bbox 411 2998 2807 3090; baseline 0 -27"><span class='ocrx_word' id='word_1_230' title='bbox 411 3071 416 3076; x_wconf 44' lang='grc'>,</span> <span class='ocrx_word' id='word_1_231' title='bbox 517 3024 550 3063; x_wconf 92' lang='lat'>«</span> <span class='ocrx_word' id='word_1_232' title='bbox 580 2998 944 3082; x_wconf 89' lang='lat' dir='ltr'>Dubitabis,</span> <span class='ocrx_word' id='word_1_233' title='bbox 977 3020 1061 3066; x_wconf 90' lang='lat' dir='ltr'>an</span> <span class='ocrx_word' id='word_1_234' title='bbox 1104 2998 1468 3089; x_wconf 82' lang='lat' dir='ltr'>capitulum</span> <span class='ocrx_word' id='word_1_235' title='bbox 1504 2998 1733 3068; x_wconf 89' lang='lat' dir='ltr'>debeat</span> <span class='ocrx_word' id='word_1_236' title='bbox 1761 3001 2065 3069; x_wconf 83' lang='lat' dir='ltr'>interesse</span> <span class='ocrx_word' id='word_1_237' title='bbox 2094 3002 2392 3070; x_wconf 91' lang='lat' dir='ltr'>concioni</span> <span class='ocrx_word' id='word_1_238' title='bbox 2423 3005 2679 3089; x_wconf 90' lang='lat' dir='ltr'>tempore</span> <span class='ocrx_word' id='word_1_239' title='bbox 2794 3060 2807 3090; x_wconf 44' lang='lat' dir='ltr'><em>D</em></span> 
     </span>
     <span class='ocr_line' id='line_1_27' title="bbox 427 3101 2681 3196; baseline -0.004 -20"><span class='ocrx_word' id='word_1_240' title='bbox 427 3132 462 3176; x_wconf 64' lang='grc' dir='ltr'>α</span> <span class='ocrx_word' id='word_1_241' title='bbox 492 3104 803 3173; x_wconf 89' lang='lat' dir='ltr'>adventus</span> <span class='ocrx_word' id='word_1_242' title='bbox 833 3108 895 3171; x_wconf 84' lang='lat' dir='ltr'>et</span> <span class='ocrx_word' id='word_1_243' title='bbox 922 3102 1457 3192; x_wconf 84' lang='lat' dir='ltr'>quadragesimae,</span> <span class='ocrx_word' id='word_1_244' title='bbox 1488 3104 1750 3194; x_wconf 88' lang='lat' dir='ltr'>quando</span> <span class='ocrx_word' id='word_1_245' title='bbox 1779 3104 1990 3173; x_wconf 89' lang='lat' dir='ltr'>eidem</span> <span class='ocrx_word' id='word_1_246' title='bbox 2022 3106 2285 3174; x_wconf 89' lang='lat' dir='ltr'>interest</span> <span class='ocrx_word' id='word_1_247' title='bbox 2305 3101 2681 3196; x_wconf 72' lang='lat' dir='ltr'>Episcopus?</span> 
     </span>
     <span class='ocr_line' id='line_1_28' title="bbox 421 3208 2678 3302; baseline -0.004 -22"><span class='ocrx_word' id='word_1_248' title='bbox 421 3237 466 3284; x_wconf 70' lang='lat'>,«</span> <span class='ocrx_word' id='word_1_249' title='bbox 492 3210 867 3302; x_wconf 91' lang='lat' dir='ltr'>Respondeo</span> <span class='ocrx_word' id='word_1_250' title='bbox 911 3209 1338 3279; x_wconf 79' lang='lat' dir='ltr'>affirmative:</span> <span class='ocrx_word' id='word_1_251' title='bbox 1374 3215 1436 3279; x_wconf 93' lang='lat' dir='ltr'>et</span> <span class='ocrx_word' id='word_1_252' title='bbox 1467 3211 1558 3278; x_wconf 90' lang='lat' dir='ltr'>ita</span> <span class='ocrx_word' id='word_1_253' title='bbox 1584 3211 1889 3292; x_wconf 86' lang='lat' dir='ltr'>asseritur</span> <span class='ocrx_word' id='word_1_254' title='bbox 1929 3213 2219 3280; x_wconf 91' lang='lat' dir='ltr'>decisum</span> <span class='ocrx_word' id='word_1_255' title='bbox 2247 3235 2285 3280; x_wconf 89' lang='lat' dir='ltr'>a</span> <span class='ocrx_word' id='word_1_256' title='bbox 2319 3211 2506 3282; x_wconf 89' lang='lat' dir='ltr'>Sacra</span> <span class='ocrx_word' id='word_1_257' title='bbox 2531 3208 2678 3275; x_wconf 90' lang='lat' dir='ltr'>Con-</span> 
     </span>
     <span class='ocr_line' id='line_1_29' title="bbox 409 3311 2676 3408; baseline -0.002 -26"><span class='ocrx_word' id='word_1_258' title='bbox 409 3343 465 3408; x_wconf 22' lang='grc' dir='ltr'>ἑκ</span> <span class='ocrx_word' id='word_1_259' title='bbox 493 3318 865 3406; x_wconf 80' lang='lat' dir='ltr'>gregatione</span> <span class='ocrx_word' id='word_1_260' title='bbox 913 3339 1029 3406; x_wconf 93' lang='lat' dir='ltr'>per</span> <span class='ocrx_word' id='word_1_261' title='bbox 1066 3316 1481 3385; x_wconf 91' lang='lat' dir='ltr'>Cardinalem</span> <span class='ocrx_word' id='word_1_262' title='bbox 1520 3318 1599 3384; x_wconf 94' lang='lat' dir='ltr'>de</span> <span class='ocrx_word' id='word_1_263' title='bbox 1635 3316 1818 3385; x_wconf 89' lang='lat' dir='ltr'>Luca</span> <span class='ocrx_word' id='word_1_264' title='bbox 1851 3317 2166 3407; x_wconf 89' lang='lat' dir='ltr'>(discursu</span> <span class='ocrx_word' id='word_1_265' title='bbox 2205 3318 2320 3406; x_wconf 86' lang='lat'>33,</span> <span class='ocrx_word' id='word_1_266' title='bbox 2354 3311 2676 3403; x_wconf 72' lang='lat' dir='ltr'>Miscell.);</span> 
     </span>
     <span class='ocr_line' id='line_1_30' title="bbox 426 3420 2681 3514; baseline -0 -29"><span class='ocrx_word' id='word_1_267' title='bbox 426 3446 462 3485; x_wconf 86' lang='lat'>«</span> <span class='ocrx_word' id='word_1_268' title='bbox 492 3420 686 3512; x_wconf 79' lang='lat' dir='ltr'>quia,-</span> <span class='ocrx_word' id='word_1_269' title='bbox 712 3420 927 3509; x_wconf 92' lang='lat' dir='ltr'>inquit</span> <span class='ocrx_word' id='word_1_270' title='bbox 969 3421 1132 3512; x_wconf 89' lang='lat' dir='ltr'>ipse,</span> <span class='ocrx_word' id='word_1_271' title='bbox 1164 3422 1311 3490; x_wconf 87' lang='lat' dir='ltr'>talis</span> <span class='ocrx_word' id='word_1_272' title='bbox 1350 3423 1750 3490; x_wconf 88' lang='lat' dir='ltr'>interventus</span> <span class='ocrx_word' id='word_1_273' title='bbox 1779 3428 1872 3492; x_wconf 90' lang='lat' dir='ltr'>est</span> <span class='ocrx_word' id='word_1_274' title='bbox 1915 3424 2335 3514; x_wconf 83' lang='lat' dir='ltr'>capitularis3</span> <span class='ocrx_word' id='word_1_275' title='bbox 2386 3420 2681 3512; x_wconf 89' lang='lat' dir='ltr'>siquidem</span> 
     </span>
     <span class='ocr_line' id='line_1_31' title="bbox 429 3520 2683 3618; baseline 0 -29"><span class='ocrx_word' id='word_1_276' title='bbox 429 3550 462 3590; x_wconf 88' lang='lat'>«</span> <span class='ocrx_word' id='word_1_277' title='bbox 490 3529 648 3597; x_wconf 84' lang='lat' dir='ltr'>tunc</span> <span class='ocrx_word' id='word_1_278' title='bbox 686 3527 1132 3617; x_wconf 82' lang='lat' dir='ltr'>repraesentari</span> <span class='ocrx_word' id='word_1_279' title='bbox 1174 3527 1363 3595; x_wconf 90' lang='lat' dir='ltr'>debet</span> <span class='ocrx_word' id='word_1_280' title='bbox 1407 3547 1643 3618; x_wconf 88' lang='lat' dir='ltr'>corpus</span> <span class='ocrx_word' id='word_1_281' title='bbox 1676 3528 2037 3617; x_wconf 57' lang='lat' dir='ltr'>xmysticum</span> <span class='ocrx_word' id='word_1_282' title='bbox 2082 3529 2405 3614; x_wconf 86' lang='lat' dir='ltr'>Ecclesiae,</span> <span class='ocrx_word' id='word_1_283' title='bbox 2447 3550 2516 3596; x_wconf 85' lang='lat' dir='ltr'>ex</span> <span class='ocrx_word' id='word_1_284' title='bbox 2553 3520 2683 3613; x_wconf 89' lang='lat' dir='ltr'>Epi-</span> 
     </span>
     <span class='ocr_line' id='line_1_32' title="bbox 427 3632 2684 3728; baseline 0 -32"><span class='ocrx_word' id='word_1_285' title='bbox 427 3656 460 3697; x_wconf 91' lang='lat'>«</span> <span class='ocrx_word' id='word_1_286' title='bbox 489 3652 678 3726; x_wconf 90' lang='lat' dir='ltr'>scopo</span> <span class='ocrx_word' id='word_1_287' title='bbox 705 3637 1025 3728; x_wconf 19' lang='lat' dir='ltr'>tanquam.</span> <span class='ocrx_word' id='word_1_288' title='bbox 1056 3632 1288 3723; x_wconf 87' lang='lat' dir='ltr'>capite,</span> <span class='ocrx_word' id='word_1_289' title='bbox 1320 3637 1383 3700; x_wconf 91' lang='lat' dir='ltr'>et</span> <span class='ocrx_word' id='word_1_290' title='bbox 1407 3632 1691 3723; x_wconf 90' lang='lat' dir='ltr'>capitulo</span> <span class='ocrx_word' id='word_1_291' title='bbox 1718 3639 2029 3724; x_wconf 87' lang='lat' dir='ltr'>tanquam</span> <span class='ocrx_word' id='word_1_292' title='bbox 2063 3635 2376 3703; x_wconf 91' lang='lat' dir='ltr'>membris</span> <span class='ocrx_word' id='word_1_293' title='bbox 2398 3632 2684 3703; x_wconf 85' lang='lat' dir='ltr'>constitu-</span> 
     </span>
     <span class='ocr_line' id='line_1_33' title="bbox 425 3731 2688 3832; baseline -0.001 -27"><span class='ocrx_word' id='word_1_294' title='bbox 425 3766 461 3807; x_wconf 86' lang='lat'>«</span> <span class='ocrx_word' id='word_1_295' title='bbox 490 3745 660 3809; x_wconf 87' lang='lat' dir='ltr'>tum.</span> <span class='ocrx_word' id='word_1_296' title='bbox 695 3739 847 3809; x_wconf 90' lang='lat' dir='ltr'>Post</span> <span class='ocrx_word' id='word_1_297' title='bbox 877 3737 1243 3822; x_wconf 87' lang='lat' dir='ltr'>absolutam</span> <span class='ocrx_word' id='word_1_298' title='bbox 1268 3731 1418 3807; x_wconf 75' lang='lat' dir='ltr'>ve&#39;ro</span> <span class='ocrx_word' id='word_1_299' title='bbox 1440 3739 1860 3832; x_wconf 83' lang='lat' dir='ltr'>concionem,</span> <span class='ocrx_word' id='word_1_300' title='bbox 1901 3740 2004 3808; x_wconf 85' lang='lat' dir='ltr'>vel</span> <span class='ocrx_word' id='word_1_301' title='bbox 2035 3739 2395 3831; x_wconf 88' lang='lat' dir='ltr'>Episcopus</span> <span class='ocrx_word' id='word_1_302' title='bbox 2425 3736 2688 3829; x_wconf 83' lang='lat' dir='ltr'>expectat</span> 
     </span>
     <span class='ocr_line' id='line_1_34' title="bbox 425 3834 2689 3936; baseline -0.003 -26"><span class='ocrx_word' id='word_1_303' title='bbox 425 3870 461 3911; x_wconf 87' lang='lat'>«</span> <span class='ocrx_word' id='word_1_304' title='bbox 488 3847 804 3934; x_wconf 85' lang='lat' dir='ltr'>usquead</span> <span class='ocrx_word' id='word_1_305' title='bbox 828 3847 1027 3913; x_wconf 87' lang='lat' dir='ltr'>finem</span> <span class='ocrx_word' id='word_1_306' title='bbox 1056 3845 1271 3912; x_wconf 85' lang='lat' dir='ltr'>missae</span> <span class='ocrx_word' id='word_1_307' title='bbox 1300 3845 1630 3929; x_wconf 88' lang='lat' dir='ltr'>solemnis,</span> <span class='ocrx_word' id='word_1_308' title='bbox 1665 3846 1764 3913; x_wconf 88' lang='lat' dir='ltr'>vel</span> <span class='ocrx_word' id='word_1_309' title='bbox 1787 3867 1943 3913; x_wconf 89' lang='lat' dir='ltr'>non.</span> <span class='ocrx_word' id='word_1_310' title='bbox 1974 3844 2046 3913; x_wconf 90' lang='lat' dir='ltr'>Si</span> <span class='ocrx_word' id='word_1_311' title='bbox 2071 3849 2381 3936; x_wconf 85' lang='lat' dir='ltr'>expectat,</span> <span class='ocrx_word' id='word_1_312' title='bbox 2412 3834 2689 3912; x_wconf 86' lang='lat' dir='ltr'>canonici</span> 
     </span>
     <span class='ocr_line' id='line_1_35' title="bbox 425 3937 2824 4052; baseline 0.001 -37"><span class='ocrx_word' id='word_1_313' title='bbox 425 3970 715 4017; x_wconf 87' lang='lat' dir='ltr'>«omnes</span> <span class='ocrx_word' id='word_1_314' title='bbox 756 3974 911 4019; x_wconf 91' lang='lat' dir='ltr'>eum</span> <span class='ocrx_word' id='word_1_315' title='bbox 956 3950 1250 4019; x_wconf 90' lang='lat' dir='ltr'>comitari</span> <span class='ocrx_word' id='word_1_316' title='bbox 1299 3949 1540 4018; x_wconf 90' lang='lat' dir='ltr'>debent</span> <span class='ocrx_word' id='word_1_317' title='bbox 1582 3973 1790 4040; x_wconf 90' lang='lat' dir='ltr'>usque</span> <span class='ocrx_word' id='word_1_318' title='bbox 1841 3951 1922 4019; x_wconf 90' lang='lat' dir='ltr'>ad</span> <span class='ocrx_word' id='word_1_319' title='bbox 1970 3957 2227 4041; x_wconf 90' lang='lat' dir='ltr'>portam</span> <span class='ocrx_word' id='word_1_320' title='bbox 2270 3950 2574 4030; x_wconf 77' lang='lat' dir='ltr'>ecclesiae,</span> <span class='ocrx_word' id='word_1_321' title='bbox 2624 3960 2693 4009; x_wconf 70' lang='lat' dir='ltr'>ac</span> <span class='ocrx_word' id='word_1_322' title='bbox 2802 3937 2824 4052; x_wconf 43' lang='grc'>)’</span> 
     </span>
     <span class='ocr_line' id='line_1_36' title="bbox 321 4035 2824 4149; baseline -0.002 -29"><span class='ocrx_word' id='word_1_323' title='bbox 321 4091 322 4094; x_wconf 60' lang='lat'><em>=</em></span> <span class='ocrx_word' id='word_1_324' title='bbox 420 4079 456 4120; x_wconf 86' lang='lat'>«</span> <span class='ocrx_word' id='word_1_325' title='bbox 484 4054 714 4137; x_wconf 82' lang='lat' dir='ltr'>deinde</span> <span class='ocrx_word' id='word_1_326' title='bbox 738 4049 947 4126; x_wconf 83' lang='lat' dir='ltr'>redire</span> <span class='ocrx_word' id='word_1_327' title='bbox 976 4059 1054 4125; x_wconf 92' lang='lat' dir='ltr'>ad</span> <span class='ocrx_word' id='word_1_328' title='bbox 1078 4056 1401 4126; x_wconf 85' lang='lat' dir='ltr'>chorum:</span> <span class='ocrx_word' id='word_1_329' title='bbox 1435 4059 1658 4127; x_wconf 86' lang='lat' dir='ltr'>sivero</span> <span class='ocrx_word' id='word_1_330' title='bbox 1674 4080 1807 4127; x_wconf 90' lang='lat' dir='ltr'>non</span> <span class='ocrx_word' id='word_1_331' title='bbox 1827 4064 2139 4149; x_wconf 85' lang='lat' dir='ltr'>expectat,</span> <span class='ocrx_word' id='word_1_332' title='bbox 2161 4058 2366 4148; x_wconf 87' lang='lat' dir='ltr'>aliqui</span> <span class='ocrx_word' id='word_1_333' title='bbox 2388 4057 2610 4126; x_wconf 81' lang='lat' dir='ltr'>saltem</span> <span class='ocrx_word' id='word_1_334' title='bbox 2623 4068 2691 4117; x_wconf 85' lang='lat' dir='ltr'>ex</span> <span class='ocrx_word' id='word_1_335' title='bbox 2796 4035 2824 4067; x_wconf 68' lang='lat'>“⁵</span> 
     </span>
     <span class='ocr_line' id='line_1_37' title="bbox 420 4158 2696 4256; baseline 0.001 -31"><span class='ocrx_word' id='word_1_336' title='bbox 420 4187 454 4225; x_wconf 89' lang='lat'>«</span> <span class='ocrx_word' id='word_1_337' title='bbox 483 4161 814 4230; x_wconf 86' lang='lat' dir='ltr'>canonicis</span> <span class='ocrx_word' id='word_1_338' title='bbox 830 4163 1023 4238; x_wconf 85' lang='lat' dir='ltr'>illum</span> <span class='ocrx_word' id='word_1_339' title='bbox 1041 4165 1447 4236; x_wconf 87' lang='lat' dir='ltr'>recedentem</span> <span class='ocrx_word' id='word_1_340' title='bbox 1463 4186 1671 4254; x_wconf 89' lang='lat' dir='ltr'>usque</span> <span class='ocrx_word' id='word_1_341' title='bbox 1697 4166 1774 4233; x_wconf 92' lang='lat' dir='ltr'>ad</span> <span class='ocrx_word' id='word_1_342' title='bbox 1791 4172 2046 4256; x_wconf 87' lang='lat' dir='ltr'>portam</span> <span class='ocrx_word' id='word_1_343' title='bbox 2064 4166 2353 4235; x_wconf 84' lang='lat' dir='ltr'>ecclesiae</span> <span class='ocrx_word' id='word_1_344' title='bbox 2381 4158 2696 4232; x_wconf 86' lang='lat' dir='ltr'>comiten·</span> 
     </span>
     <span class='ocr_line' id='line_1_38' title="bbox 418 4257 2823 4372; baseline -0.002 -35"><span class='ocrx_word' id='word_1_345' title='bbox 418 4296 453 4344; x_wconf 75' lang='grc' dir='ltr'>ς(</span> <span class='ocrx_word' id='word_1_346' title='bbox 484 4273 615 4347; x_wconf 90' lang='lat' dir='ltr'>tur,</span> <span class='ocrx_word' id='word_1_347' title='bbox 642 4288 716 4334; x_wconf 91' lang='lat' dir='ltr'>ac</span> <span class='ocrx_word' id='word_1_348' title='bbox 748 4265 981 4333; x_wconf 90' lang='lat' dir='ltr'>deinde</span> <span class='ocrx_word' id='word_1_349' title='bbox 1008 4269 1088 4334; x_wconf 91' lang='lat' dir='ltr'>ad</span> <span class='ocrx_word' id='word_1_350' title='bbox 1122 4270 1402 4338; x_wconf 87' lang='lat' dir='ltr'>chorum</span> <span class='ocrx_word' id='word_1_351' title='bbox 1443 4272 1728 4340; x_wconf 89' lang='lat' dir='ltr'>redeant.</span> <span class='ocrx_word' id='word_1_352' title='bbox 1770 4296 1804 4336; x_wconf 87' lang='lat'>»</span> <span class='ocrx_word' id='word_1_353' title='bbox 1861 4271 2275 4361; x_wconf 88' lang='lat' dir='ltr'>(Andreucci,</span> <span class='ocrx_word' id='word_1_354' title='bbox 2311 4275 2406 4338; x_wconf 83' lang='lat' dir='ltr'>De</span> <span class='ocrx_word' id='word_1_355' title='bbox 2452 4257 2695 4337; x_wconf 81' lang='lat' dir='ltr'>tuenda</span> <span class='ocrx_word' id='word_1_356' title='bbox 2803 4266 2823 4372; x_wconf 44' lang='grc' dir='ltr'><strong>ἠ</strong></span> 
     </span>
    </p>
   </div>
   <div class='ocr_carea' id='block_1_3' title="bbox 402 4339 2813 4469">
    <p class='ocr_par' dir='ltr' id='par_1_4' title="bbox 402 4339 2813 4469">
     <span class='ocr_line' id='line_1_39' title="bbox 402 4339 2813 4469; baseline -0.001 -27"><span class='ocrx_word' id='word_1_357' title='bbox 402 4399 566 4463; x_wconf 77' lang='lat' dir='ltr'>pace</span> <span class='ocrx_word' id='word_1_358' title='bbox 586 4367 757 4443; x_wconf 58' lang='lat' dir='ltr'>inter</span> <span class='ocrx_word' id='word_1_359' title='bbox 768 4370 1173 4462; x_wconf 79' lang='lat' dir='ltr'>Episcopum</span> <span class='ocrx_word' id='word_1_360' title='bbox 1194 4385 1260 4439; x_wconf 82' lang='lat' dir='ltr'>et</span> <span class='ocrx_word' id='word_1_361' title='bbox 1291 4376 1694 4468; x_wconf 79' lang='lat' dir='ltr'>capitulum,</span> <span class='ocrx_word' id='word_1_362' title='bbox 1711 4383 1888 4469; x_wconf 89' lang='lat' dir='ltr'>parte</span> <span class='ocrx_word' id='word_1_363' title='bbox 1908 4400 1955 4461; x_wconf 91' lang='lat'>1,</span> <span class='ocrx_word' id='word_1_364' title='bbox 1985 4400 2128 4469; x_wconf 88' lang='lat' dir='ltr'>cap.</span> <span class='ocrx_word' id='word_1_365' title='bbox 2154 4378 2220 4463; x_wconf 79' lang='lat'>2,</span> <span class='ocrx_word' id='word_1_366' title='bbox 2242 4401 2311 4448; x_wconf 90' lang='lat' dir='ltr'>n.</span> <span class='ocrx_word' id='word_1_367' title='bbox 2328 4378 2416 4446; x_wconf 82' lang='lat'>46</span> <span class='ocrx_word' id='word_1_368' title='bbox 2443 4381 2502 4445; x_wconf 91' lang='lat' dir='ltr'>et</span> <span class='ocrx_word' id='word_1_369' title='bbox 2528 4362 2691 4456; x_wconf 83' lang='lat' dir='ltr'>seq.)</span> <span class='ocrx_word' id='word_1_370' title='bbox 2798 4339 2813 4442; x_wconf 50' lang='lat' dir='ltr'>f</span> 
     </span>
    </p>
   </div>
   <div class='ocr_carea' id='block_1_4' title="bbox 2804 4451 2824 4486">
    <p class='ocr_par' dir='ltr' id='par_1_5' title="bbox 2804 4451 2824 4486">
     <span class='ocr_line' id='line_1_40' title="bbox 2804 4451 2824 4486; baseline 0.1 -2"><span class='ocrx_word' id='word_1_371' title='bbox 2804 4451 2824 4486; x_wconf 71' lang='lat' dir='ltr'>:l</span> 
     </span>
    </p>
   </div>
   <div class='ocr_carea' id='block_1_5' title="bbox 2821 114 2826 975">
    <p class='ocr_par' dir='ltr' id='par_1_6' title="bbox 2821 114 2826 975">
     <span class='ocr_line' id='line_1_41' title="bbox 2821 114 2826 975; baseline 0 0"><span class='ocrx_word' id='word_1_372' title='bbox 2821 114 2826 975; x_wconf 95' lang='lat' dir='ltr'> </span> 
     </span>
    </p>
   </div>
  </div>
 </body>
</html>
