2930 4982
1069 383 1147 428 DE
1193 382 1519 430 caenum.
2320 379 2444 437 243

1094 632 1379 693 CAPUT
1430 633 1519 692 VI

241 804 301 850 AD
326 805 477 857 QUEM
516 806 592 849 DE
630 805 776 850 JURE
817 805 1085 850 GOMMUNI
1127 805 1468 850 PERTINEAT
1511 804 1793 852 COLLATIO
1830 806 2289 853 CANONICATUUM
2332 808 2409 855 ΕΤ

692 911 1150 956 PRAEBENDARUM
1192 912 1486 957 ECGLESIAE
1532 912 1913 958 COLLEGIATAE

268 1095 563 1166 Vidimus
616 1098 1022 1167 collationem
1079 1099 1582 1167 canonicatuum
1645 1098 2027 1168 cathedralis
2082 1099 2467 1190 regulariter

200 1204 495 1292 pertinere
528 1206 731 1274 simul
774 1207 853 1275 ad
898 1207 1292 1298 Episcopum
1329 1212 1393 1275 et
1429 1207 1813 1298 capitulum.
1867 1234 1900 1272 «
1941 1205 2206 1277 Diversa
2244 1215 2465 1279 tamen

204 1332 231 1372 α
251 1317 330 1379 est
353 1313 587 1401 regula
617 1313 826 1402 quoad
856 1314 1290 1402 provisionem
1337 1312 1605 1381 illorum
1633 1311 1705 1379 in
1742 1312 2031 1381 ecclesiis
2060 1313 2418 1404 collegiatis
2444 1340 2467 1403 3

203 1439 231 1479 «
250 1438 387 1484 nam
439 1418 704 1486 illorum
744 1419 1023 1508 provisio
1053 1418 1459 1508 requlariter
1490 1418 1780 1486 facienda
1825 1424 1918 1486 est
1966 1418 2044 1486 ad
2094 1419 2471 1489 electionem

199 1520 449 1611 «ipsius
480 1524 733 1613 collegii
765 1524 936 1616 (text.
967 1525 1039 1592 in
1064 1546 1206 1614 cap.
1238 1523 1681 1611 Trans-missa,
1700 1522 1795 1591 De
1815 1545 2088 1591 renunc.
2121 1561 2213 1575 —
2240 1528 2301 1592 et
2328 1545 2471 1615 cap.

200 1651 227 1691 ι(
250 1630 713 1719 Siqnificatur,
742 1632 822 1698 de
849 1630 1216 1720 praebenda,
1253 1669 1345 1684 —
1366 1629 1622 1714 Garzia,
1668 1632 1766 1697 De
1814 1629 2165 1721 beneficii&
2198 1637 2377 1722 parte
2405 1651 2474 1716 v,

196 1756 225 1798 α
249 1755 300 1801 0.
328 1737 370 1803 4
390 1788 408 1819 ,
443 1758 510 1804 n.
558 1736 644 1804 58
674 1743 735 1802 et
757 1758 888 1825 seq.
908 1787 927 1823 ,
969 1775 1058 1788 —
1102 1736 1443 1804 cardinalis
1472 1734 1551 1803 de
1594 1735 1796 1819 Luca,
1834 1739 1932 1803 De
1963 1736 2318 1827 beneficiio,
2346 1736 2479 1805 dis-

197 1862 229 1903 «
257 1861 449 1910 cursu
486 1842 592 1926 17,
626 1864 694 1910 n.
729 1843 798 1930 5,
821 1881 912 1894 —
937 1842 1122 1922 Rota,
1152 1843 1391 1910 decisio
1418 1842 1575 1920 157,
1602 1864 1670 1909 n.
1705 1842 1820 1927 22,
1855 1850 2017 1934 part.
2060 1866 2153 1928 vr,
2182 1881 2272 1896 —
2304 1842 2481 1912 deci-

199 1970 230 2010 «
255 1947 343 2016 sio
381 1947 538 2028 133,
569 1971 639 2017 n.
688 1949 756 2033 3,
810 1955 990 2040 parte
1017 1949 1156 2038 vu).
1204 1949 1452 2016 Tamen
1479 1948 1606 2015 hoc
1636 1953 1729 2016 est
1775 1949 2189 2018 solummodo
2220 1970 2479 2032 verum,

197 2076 227 2115 «
250 2055 500 2143 quoties
547 2059 966 2146 praesumptio
1009 2062 1132 2125 stet
1176 2056 1352 2145 quod
1400 2055 1819 2123 canonicatus
1864 2055 2062 2124 dotati
2109 2056 2353 2124 fuerint
2410 2055 2488 2123 de

197 2183 227 2223 «
255 2160 450 2247 bonis
473 2185 548 2232 ac
562 2165 830 2252 juribus
865 2164 1071 2253 ipsius
1114 2163 1500 2250 collegiatae,
1532 2165 1726 2251 prout
1756 2182 2012 2250 semper
2040 2163 2279 2228 militat
2318 2162 2493 2229 dicta

189 2291 223 2331 «
253 2271 688 2356 praesumptio
709 2270 788 2336 ad
814 2272 956 2357 ejus
980 2270 1265 2335 favorem
1296 2268 1503 2356 (Rota,
1533 2265 1857 2333 decisione
1885 2265 2041 2353 157,
2068 2286 2137 2332 n.
2173 2265 2289 2353 25,
2323 2272 2489 2356 part.

189 2396 231 2435 ι(
265 2372 392 2460 v1).
431 2371 630 2439 Secus
652 2394 805 2440 vero
839 2376 1089 2461 quoties
1128 2376 1471 2450 constaret,
1503 2370 1675 2461 quod
1708 2371 1972 2440 illorum
2011 2372 2246 2442 erectio
2282 2377 2497 2442 secuta

194 2502 232 2541 «
265 2475 497 2546 fuisset
523 2478 847 2547 mediante
884 2479 1125 2548 unione
1160 2501 1271 2547 seu
1297 2479 1745 2571 suppressione
1770 2477 2240 2550 beneficiorum
2270 2480 2493 2550 liberae

194 2610 230 2648 «
261 2583 630 2653 collationis
675 2584 1000 2677 Episcopi.
1044 2612 1077 2651 »
1132 2584 1665 2674 (Scarfantonius,
1708 2592 1755 2654 t.
1797 2585 1847 2671 1,
1908 2610 2058 2679 pag.
2115 2588 2221 2673 14,
2265 2611 2336 2658 n.
2377 2588 2490 2673 76,

189 2690 390 2758 editio
414 2691 635 2778 Lucae,
675 2690 904 2782 1723.)

275 2796 446 2864 Item
478 2798 824 2865 cardinalis
871 2798 949 2865 de
981 2798 1163 2866 Luca
1186 2799 1370 2882 dicit,
1417 2820 1553 2868 esse
1577 2799 2077 2890 dispositionem
2110 2798 2290 2887 juris
2322 2794 2501 2864 'com-

189 2904 450 2985 muni-3,
484 2916 560 2968 ut
587 2904 659 2968 in
695 2903 974 2975 ecclesi-‚is
999 2905 1401 2991 colleqiatiS,
1445 2905 1964 2971 canonicatuum
2012 2902 2119 2968 vel
2159 2902 2505 2991 beneficio-

195 3032 356 3077 rum
378 3008 679 3099 provisio
704 3008 1042 3097 pertineat
1066 3008 1158 3074 ad
1181 3009 1403 3098 ipsum
1426 3008 1789 3097 colleqium
1812 3029 1924 3074 seu
1949 3007 2349 3098 capitulum.
2384 3009 2504 3099 (De

205 3116 564 3207 beneficiio,
594 3116 918 3198 discursu,
953 3113 1060 3197 17,
1088 3136 1157 3181 11.
1194 3112 1291 3203 5.)
2020 3107 2021 3110 '

287 3222 476 3290 Idem
500 3222 863 3312 reperimus
887 3219 1176 3288 decisum
1207 3242 1245 3287 a
1275 3218 1342 3287 S.
1378 3218 1536 3288 Rota
1553 3219 1656 3288 his
1679 3220 1891 3288 verbis
1921 3243 1937 3287 z
1980 3246 2013 3286 «
2045 3220 2138 3289 De
2149 3223 2298 3311 jure
2326 3242 2503 3290 com-

213 3351 247 3391 «
273 3328 472 3396 muni
496 3329 606 3418 jus
625 3328 905 3416 eligendi
927 3328 1277 3394 canonicos
1297 3327 1364 3392 in
1395 3326 1748 3416 collegiatis
1768 3333 2009 3417 spectat
2036 3328 2114 3395 ad
2141 3327 2504 3420 capitulum

211 3459 247 3498 «
275 3441 342 3501 et
367 3436 711 3502 canonicos
732 3463 748 3517 ;
773 3436 886 3524 jus
910 3456 1063 3502 vero
1101 3434 1485 3502 instituendi
1509 3439 1750 3526 spectat
1773 3435 1853 3503 ad
1878 3433 2276 3527 Episcopum
2309 3460 2346 3501 »
2385 3433 2505 3526 (ibi

210 3541 496 3610 citantur
534 3541 728 3609 multi
768 3540 1124 3631 doctores);
1194 3565 1229 3605 «
1281 3548 1343 3608 et
1388 3544 1690 3630 quamvis
1727 3541 2060 3630 dispositio
2107 3543 2281 3630 juris
2328 3562 2507 3609 com·

220 3671 256 3711 α
288 3650 513 3724 munis
533 3647 804 3737 recipiat
825 3646 1285 3713 limitationem
1309 3647 1569 3733 quando
1592 3646 1955 3735 Episcopus
1982 3646 2054 3712 in
2081 3645 2314 3742 limine
2348 3645 2511 3711 sun-

226 3777 263 3816 «
291 3753 571 3824 dationis
598 3754 775 3822 dedit
797 3753 1015 3819 dotem
1044 3751 1125 3817 de
1160 3750 1352 3817 bonis
1390 3751 1550 3842 suiS‚
1581 3750 1883 3816 videlicet
1914 3770 2156 3816 mensae
2190 3750 2512 3841 episcopa-

229 3883 263 3921 «
293 3860 405 3948 lis,
448 3866 730 3931 attamen
772 3859 843 3927 in
885 3856 1189 3951 praesenti
1233 3877 1385 3924 casu
1418 3877 1551 3924 non
1587 3860 1789 3947 potest
1832 3854 2191 3946 Episcopus
2236 3856 2510 3949 allegare

230 3990 269 4029 (ι
296 3968 491 4035 talem
504 3967 971 4035 donationem..
990 4016 1005 4032 .
1030 3962 1358 4055 Alleganti
1383 3963 1510 4032 hoc
1526 3962 1649 4031 tale
1666 3961 1885 4032 fecisse
1904 3983 1979 4031 ex
1998 3962 2185 4033 bonis
2201 3968 2508 4058 propriiS,

229 4095 271 4134 α
299 4072 628 4141 incumbit
652 4095 818 4141 onus
854 4070 1169 4163 probandi
1194 4070 1380 4162 plene
1412 4076 1476 4137 et
1501 4069 2018 4138 concludenter..
2035 4097 2088 4160 .;
2126 4093 2200 4140 eo
2223 4074 2376 4163 quia
2404 4073 2516 4140 be-

235 4201 274 4240 «
304 4181 526 4250 neficia
569 4185 1059 4271 praesumuntur
1086 4179 1295 4246 dotata
1338 4177 1417 4244 de
1446 4176 1636 4243 honis
1680 4178 1956 4266 propriis
1984 4180 2278 4269 ejusdem
2310 4178 2519 4248 eccle-

235 4305 275 4343 «
304 4285 430 4354 siae.
463 4314 495 4352 »
532 4287 807 4379 (Decisio
838 4286 995 4369 226,
1024 4308 1090 4352 n.
1126 4287 1155 4352 1
1194 4290 1255 4352 et
1279 4305 1443 4372 seq..
1478 4281 1671 4372 partis
1701 4304 1810 4366 vn,
1840 4283 1996 4375 rec.)

2830 1372 2851 1381 =
2791 306 2876 1333 “212n⁴‡i÷n..vwffl²*·'“*'
2788 210 2809 269 *'
2786 154 2799 177 ’
