2930 4982
358 350 482 409 520
1326 354 1670 402 macutus

1283 562 1575 624 CAPUT
1630 563 1757 622 XII

427 740 507 786 AN
550 739 825 786 incamus
861 735 1248 783 oarlrumms
1289 734 1525 779 manu
1565 732 1923 778 NECESSAmo
1965 731 2177 777 Assum
2217 730 2292 775 nn
2337 730 2574 776 Gnssmo

1332 827 1642 886 currum?

447 1020 483 1062 α
506 993 819 1074 Quamvis
845 1000 1062 1063 autem
1090 992 1282 1063 Sacra
1322 991 1752 1082 Congregatio
1785 990 2027 1074 laudet,
2096 994 2169 1057 ut
2212 989 2650 1058 existentibus

360 1129 393 1169 α
420 1103 754 1194 graduatis
787 1103 889 1170 vel
914 1102 1070 1170 alias
1100 1100 1350 1169 idoneis
1375 1101 1455 1167 de
1486 1100 1794 1191 capitulo,
1836 1098 1937 1164 vel
1967 1098 2046 1164 de
2070 1097 2321 1185 gremio
2351 1097 2647 1166 ecclesiae

358 1208 824 1291 «cathedraliS,
869 1208 937 1276 in
972 1228 1109 1275 uno
1150 1207 1428 1275 istorum
1470 1206 1800 1297 deputatio
1839 1204 2063 1272 cadere
2092 1204 2312 1288 soleat,
2346 1203 2403 1271 si
2430 1209 2656 1272 tamen

359 1341 392 1381 α
434 1315 716 1403 eligatur
741 1314 965 1383 doctor
989 1312 1262 1381 idoneus
1299 1319 1475 1405 extra
1506 1313 1859 1402 gremium,
1905 1332 2038 1378 non
2080 1309 2309 1378 exinde
2337 1316 2524 1379 actus
2552 1335 2658 1381 re-

357 1447 392 1488 «
437 1426 658 1488 manet
702 1418 1049 1487 invalidus.
1103 1416 1419 1497 Quinimo
1476 1418 1541 1485 id
1592 1419 1879 1485 insinuat
1913 1416 2265 1506 ipsummet
2288 1406 2656 1484 concilium

362 1550 399 1593 ι(
443 1524 932 1609 Tridentinum,
983 1523 1145 1591 dum
1195 1521 1407 1614 primo
1434 1523 1581 1591 loco
1610 1524 1742 1613 agit
1787 1524 1866 1590 de
1908 1520 2402 1590 confirmatione
2426 1520 2659 1590 vicarii

364 1658 398 1698 «
424 1630 738 1721 generalis
761 1630 1066 1720 Episcopi
1093 1629 1402 1713 defuncti,
1431 1630 1639 1719 quiin
1673 1627 1927 1717 magnis
1957 1628 2337 1695 dioecesibus
2364 1649 2476 1717 pro
2505 1627 2648 1695 sre-

358 1761 394 1803 «
437 1735 762 1825 quentiori
790 1736 1232 1823 contingentia
1253 1735 1716 1825 supponendus
1745 1739 1840 1802 est
1863 1738 2135 1801 exterus.
2184 1733 2265 1800 Et
2291 1732 2549 1822 quidem
2572 1732 2652 1801 id

357 1876 390 1917 α
435 1849 645 1939 potius
668 1848 1185 1916 commendabile
1215 1848 1494 1934 videtur,
1547 1854 1624 1916 ut
1652 1871 1771 1939 ego
1808 1849 2053 1938 pluries
2100 1870 2249 1916 sum
2298 1852 2649 1939 expertus:

361 1981 393 2019 «
438 1959 580 2021 tum
629 1953 782 2044 quia
808 1955 897 2022 ita
941 1954 1375 2022 conciliantur
1414 1954 1808 2023 factionariae
1857 1954 2205 2022 divisiones
2258 1954 2654 2022 assumendo

366 2086 399 2126 «
443 2062 731 2145 tertium,
765 2066 839 2129 ut
863 2067 1092 2133 neutra
1128 2068 1315 2129 canat
1355 2061 1799 2153 triumphum,
1830 2068 1970 2129 tum
1997 2063 2190 2129 etiam
2231 2061 2392 2150 quia
2444 2061 2655 2129 liben-

365 2191 400 2232 «
444 2166 571 2233 tius
603 2168 1085 2255 recognoscitur
1109 2189 1184 2235 ac
1200 2167 1465 2235 timetur
1494 2168 1601 2235 ille
1634 2167 1930 2258 superior
1956 2168 2074 2256 qui
2091 2157 2332 2235 non'sit
2356 2169 2440 2236 de
2487 2170 2655 2259 capi-

364 2297 400 2339 «
446 2273 699 2353 tulo...,
728 2296 881 2344 cum
913 2275 1130 2364 potius
1161 2274 1335 2366 apud
1364 2275 1750 2366 capitulares
1783 2275 2043 2342 vilescat
2070 2274 2178 2341 illa
2207 2296 2490 2364 persona
2518 2296 2658 2364 quae

368 2402 402 2444 «
448 2380 734 2467 quotidie
764 2381 832 2475 in
864 2382 1062 2448 choro
1109 2381 1269 2448 etin
1298 2382 1585 2450 sacristia
1625 2381 1996 2450 cernitur...
2045 2380 2243 2448 Unde·
2287 2387 2655 2471 propterea,

367 2507 402 2548 ι(
448 2485 1001 2572 quemadmodum
1015 2485 1331 2578 Episcopo
1358 2495 1672 2580 praesente
1701 2494 1890 2579 atque
1916 2493 1989 2556 ut
2013 2488 2378 2578 plurimum
2411 2495 2653 2574 extem,

369 2611 403 2651 α
449 2589 662 2655 adhuc
690 2590 775 2657 ob
805 2591 1039 2660 civicas
1067 2594 1516 2662 {emulationes
1542 2618 1614 2663 ac
1635 2594 1945 2663 sactiones
1976 2595 2345 2685 injungitur
2361 2597 2647 2662 necessi-

365 2717 401 2758 «
448 2697 540 2759 tas
567 2694 850 2761 habendi
872 2697 1192 2763 vicarium
1224 2705 1541 2785 exterum,
1572 2691 1782 2766 multo
1807 2701 2014 2790 magis
2033 2702 2173 2768 fieri
2192 2700 2454 2781 deberet,
2490 2698 2646 2765 sede

369 2825 405 2866 «
441 2807 730 2885 vacante,
763 2801 1078 2891 quoniam
1105 2802 1195 2871 ita
1227 2804 1629 2893 eligerentur
1658 2806 1895 2873 famosi
1934 2808 2223 2875 doctores
2249 2828 2319 2873 ac
2344 2826 2651 2896 personae

371 2934 406 2975 «
452 2931 596 2998 quae
625 2933 700 2977 ex
726 2911 869 2978 aliis
883 2913 1021 3000 jam
1046 2911 1734 3001 peractis‘muneribus
1762 2915 1836 2980 in
1866 2914 2130 3004 regione
2162 2916 2290 2982 sint
2316 2913 2388 2980 in
2413 2934 2655 3001 magna

370 3039 403 3078 «
449 3015 893 3085 aestimatione.
929 3042 963 3081 »
999 3017 1090 3085 Ita
1119 3016 1481 3086 Cardinalis
1505 3020 1583 3086 de
1607 3019 1786 3086 Luca
1813 3018 2322 3109 (Amzotatz'ones
2376 3017 2473 3087 ad
2498 3040 2649 3086 con-

361 3119 505 3201 cil„
531 3121 824 3190 discursu
851 3122 960 3202 31,
996 3124 1075 3190 ad
1107 3125 1307 3192 finem
1342 3125 1459 3192 lib.
1496 3124 1650 3194 XIV
1671 3124 1933 3192 Theatri
1959 3123 2288 3215 veritatis).

449 3227 520 3294 In
567 3229 888 3298 Thesauro
928 3231 1408 3300 resolutionum
1441 3232 1637 3322 (tomo
1675 3231 1972 3316 XXXIII,
2006 3233 2245 3325 pagina
2275 3231 2390 3324 56)
2421 3231 2514 3301 sic
2538 3230 2654 3299 ha-

358 3332 549 3397 betur
580 3357 595 3399 ε
631 3360 663 3396 «
691 3334 1151 3403 Tridentinum
1183 3339 1406 3406 ,sanxit
1436 3340 1708 3407 omnino
1731 3341 2088 3430 capitulum
2112 3340 2343 3419 teneri,
2388 3337 2655 3429 officia-

367 3463 400 3502 «
431 3437 558 3503 lem
582 3460 695 3503 seu
716 3439 1041 3506 vicarium
1065 3442 1249 3529 infra
1273 3456 1415 3510 octo
1463 3444 1598 3512 dies
1645 3448 2064 3528 constituere,
2123 3447 2232 3513 vel
2262 3445 2653 3513 existentem

368 3568 401 3609 «
429 3543 846 3638 confirmare,
873 3544 990 3633 qui
1005 3544 1248 3611 saltem
1277 3546 1522 3637 injure
1542 3552 1862 3619 canonico
1890 3552 1978 3619 sit
2008 3551 2262 3632 doctor,
2302 3551 2415 3618 vel
2455 3551 2654 3616 lieen-

366 3676 401 3716 «
432 3650 660 3734 tiatuS,
707 3649 816 3716 vel
839 3649 1017 3717 alias
1043 3664 1378 3741 quantum
1397 3656 1554 3743 fieri
1564 3669 1795 3746 potest
1825 3657 2118 3733 idoneus.
2153 3655 2336 3724 Nihil
2366 3656 2543 3723 ultra
2571 3655 2652 3721 de

360 3780 397 3821 «
426 3757 707 3846 eligendi
740 3755 988 3824 meritis
1007 3758 1326 3846 quaesivit,
1360 3783 1573 3850 neque
1612 3763 1689 3829 de
1714 3763 1873 3848 cive,
1907 3786 2117 3852 neque
2160 3762 2238 3829 de
2266 3760 2646 3852 capitulari,

359 3885 397 3925 «
426 3884 640 3952 neque
676 3864 754 3931 de
779 3866 1126 3943 ,extrane03
1180 3864 1315 3932 imo
1335 3937 1340 3942 ,
1363 3873 1738 3935 extraneum
1791 3870 2045 3937 videtur
2100 3890 2235 3937 non
2285 3867 2641 3937 exclusisse

357 3988 393 4027 α
421 3964 580 4032 dum
607 3969 1169 4040 confirmationem
1194 3971 1427 4060 prioris
1448 3974 1675 4041 vicarii
1708 3976 2023 4065 permisit.
2076 4015 2079 4020 ·

444 4068 693 4138 «Sacra
709 4072 1138 4161 Congregatio
1163 4076 1528 4165 aequitatem
1549 4088 1766 4146 secuta
1780 4088 1908 4149 est:
1931 4080 2219 4171 primum
2236 4079 2492 4147 censuit
2511 4099 2650 4147 esse

361 4197 394 4237 «
417 4171 836 4261 capitularem
861 4178 1337 4263 praeferendum
1376 4188 1671 4253 extraneo
1715 4185 1967 4252 eceteris
1991 4183 2276 4274 paribus
2283 4202 2316 4266 ,·
2344 4189 2648 4273 postmo-

357 4305 392 4344 ι(
420 4279 581 4347 dum
611 4280 804 4344 etiam
857 4286 1216 4372 utcumque
1246 4288 1533 4377 digniori*
1565 4315 1579 4357 ε
1613 4293 1689 4358 In
1715 4292 2157 4371 Neritonensi,
2211 4288 2314 4356 die
2359 4289 2449 4355 24
2459 4286 2649 4379 julii

357 4385 616 4455 «1643.
652 4387 814 4454 Cum
851 4383 1021 4450 alias
1050 4390 1264 4459 Sacra
1318 4397 1763 4488 Conqreqatz'o
1807 4399 2130 4467 censuerit
2182 4398 2253 4465 in
2302 4396 2638 4465 vicarium
