2930 4982
360 367 438 422 32
457 369 484 420 4
1331 355 1677 404 'rnxcuws
1751 424 1755 429 ἡ

368 525 404 565 ι(
435 495 667 579 votiva,
702 487 969 558 sublatis
1000 484 1195 553 etiam
1236 478 1578 548 contrariis
1609 473 2232 546 consuetudinibus:
2274 473 2429 562 quia
2457 472 2524 540 id
2555 474 2642 541 lo-

364 627 401 666 «
427 620 578 668 cum
630 596 823 665 habet
869 590 1200 682 supposita
1253 584 1649 673 obligatione
1697 579 1998 650 cantandi
2044 577 2311 645 missam
2360 599 2640 645 conven-

364 734 398 774 «
427 705 693 774 tualem.
714 702 790 770 ln
809 702 936 768 hoc
954 701 1173 765 autem
1190 714 1342 762 casu
1364 712 1496 759 non
1512 688 1720 757 existit
1738 688 1876 756 haec
1894 686 2206 774 obligatio
2225 682 2601 773 quotidiana
2622 708 2638 753 2

367 839 401 878 α
429 833 611 897 nam,
643 814 718 876 ut
747 822 1074 896 suppon0,
1103 822 1179 868 ex
1224 797 1475 866 statutis
1505 795 1809 864 Ecclesiae
1838 813 1970 860 non
2001 791 2274 880 legitur,
2306 795 2369 857 et
2396 811 2471 857 ex
2496 810 2643 857 con·

367 945 402 985 α
429 918 583 987 cilio
610 911 992 982 Tridentino
1017 907 1199 975 nulla
1224 906 1324 973 lex
1343 903 1644 986 habetur,
1672 907 1736 968 et
1757 906 1983 968 contra
1995 900 2169 966 hanc
2183 896 2640 985 obligationem

368 1050 403 1090 ι(
435 1023 672 1116 <solum
715 1019 1049 1089 inductam
1103 1036 1180 1082 ex
1224 1010 1428 1101 capite
1479 1010 1650 1076 Cum
1702 1018 2037 1092 ereatura,
2084 1003 2162 1071 de
2209 1003 2643 1071 celebratione

371 1161 405 1198 ι(
428 1127 808 1213 missamm)
821 1121 1265 1215 praescribitur
1278 1115 1482 1207 spatio
1494 1113 1920 1204 quadraginta
1937 1132 2261 1180 annorum
2272 1162 2286 1175 .
2302 1109 2635 1193 Quinimo‚

373 1264 405 1303 a
437 1239 507 1306 in
551 1237 722 1303 dicto
767 1231 976 1322 capite
1026 1229 1198 1296 Cum
1229 1234 1569 1301 creatura,
1621 1218 1910 1288 Pontifex
1957 1241 2091 1286 non
2142 1218 2424 1308 imponit
2479 1217 2640 1285 hanc

371 1373 405 1411 ι(
432 1340 918 1433 obligationem,
947 1335 1058 1405 sed
1089 1330 1402 1423 supponit
1436 1329 1619 1396 illam
1668 1327 1955 1411 existere,
1993 1331 2055 1393 et
2083 1326 2325 1394 idcirco
2357 1344 2639 1414 expresse

371 1480 406 1517 ι(
432 1448 723 1524 mandat,
744 1443 915 1534 quod
938 1442 1180 1529 absque
1199 1438 1333 1505 ulla
1349 1434 1744 1525 negligentia
1759 1439 1821 1501 et
1840 1438 2094 1522 torpore
2115 1430 2478 1499 celebretur
2494 1451 2643 1498 con-

370 1582 407 1621 «
436 1552 819 1625 ventualiter
848 1550 1044 1617 missa
1066 1548 1144 1614 de
1162 1551 1475 1634 tempore,
1504 1540 1636 1609 sive
1651 1541 1729 1609 de
1744 1542 1923 1627 festo,
1944 1541 2076 1607 sive
2089 1538 2168 1605 de
2184 1536 2362 1621 feria,
2385 1536 2642 1605 etiamsi

371 1689 406 1729 «
434 1660 795 1730 celebretur
839 1653 1097 1745 aliquod
1145 1648 1668 1719 anniversarium
1705 1648 2202 1730 defunctorum3
2263 1648 2323 1710 et
2365 1642 2650 1731 proinde

370 1795 403 1835 ι(
433 1790 566 1835 non
594 1766 735 1833 vult
772 1762 948 1853 quod
973 1761 1112 1828 loco
1146 1759 1363 1825 missae
1398 1756 1477 1823 de
1507 1761 1797 1845 tempore
1839 1757 2214 1840 surrogetur
2237 1749 2433 1816 missa
2457 1748 2651 1814 atini-

370 1901 402 1942 «
431 1871 776 1942 versarii...
818 1868 1043 1957 Neque
1085 1864 1536 1933 difficultatem
1586 1862 1822 1950 ingerit
1853 1850 2186 1949 dispositio
2230 1855 2641 1924 rubricarum

368 2007 401 2045 «
437 1978 715 2048 missalis
733 1973 1008 2042 Romani
1017 2023 1038 2061 2
1062 1992 1210 2060 quae
1234 1971 1303 2037 in
1329 1970 1537 2058 capite
1570 1966 1651 2034 15
1678 1966 1982 2036 ordinant
1999 1959 2452 2053 quibushoris
2495 1978 2645 2025 can-

370 2111 404 2151 «
431 2087 624 2153 tanda
661 2084 741 2151 sit
788 2082 983 2148 missa
1030 2076 1512 2146 conventualis:
1567 2073 1720 2162 quia
1753 2070 2038 2139 rubricae
2072 2091 2209 2136 -non
2257 2065 2643 2158 praecipiunt

366 2220 401 2260 (ι
430 2193 679 2263 cantari
741 2190 1007 2258 missam
1072 2182 1561 2254 conventualem
1591 2232 1610 2269 ,
1687 2180 1794 2247 sed
1863 2178 2192 2268 supposita
2251 2173 2642 2262 obligatione

282 2302 288 2308 “
366 2302 787 2391 «disponunt
823 2296 1154 2363 dumtaxat
1191 2291 1363 2359 circa
1401 2290 1655 2355 horam.
1691 2311 1728 2350 ³>
1777 2282 2170 2375 (Pignatelli,
2212 2280 2487 2349 consult.
2528 2277 2634 2360 91,

354 2415 512 2473 tom.
540 2404 681 2493 IV.)
1068 2461 1072 2466 ,

442 2512 596 2578 Haec
632 2507 1066 2595 Pignatellus:
1128 2511 1215 2587 at,
1258 2503 1420 2570 tanti
1451 2502 1578 2569 viri
1621 2521 1776 2591 pace
1816 2500 2121 2584 dixerim,
2172 2519 2304 2565 non
2335 2502 2505 2563 recta
2547 2491 2638 2559 vi·

353 2618 537 2685 detur
563 2615 769 2704 ipsius
798 2611 1230 2693 ratiocinatio,
1265 2630 1387 2675 nec
1410 2607 1813 2675 admittenda
1841 2605 2198 2673 conclusi0.
2228 2603 2419 2670 Casus
2453 2598 2632 2665 enim

355 2730 446 2793 est
469 2722 547 2790 de
583 2717 901 2811 paucitate
929 2715 1423 2799 canonicorum,
1461 2734 1594 2778 non
1620 2733 1772 2778 vero
1795 2712 1876 2777 de
1905 2710 2324 2778 insufficienti
2356 2725 2633 2773 numero

354 2825 845 2898 inservientium
864 2823 944 2890 ad
970 2821 1233 2888 missam
1266 2817 1760 2886 conventualem
1784 2816 2261 2883 celebrandam.
2295 2812 2631 2893 Canonici,

353 2938 505 3005 licet
537 2933 751 3024 pauci,
784 2930 1023 2998 habere
1051 2933 1321 3019 possunt
1364 2932 1427 2992 et
1460 2922 1898 2991 communiter
1919 2922 2260 2989 habentin
2293 2918 2636 2987 cathedra-

352 3043 525 3109 libus
555 3037 1044 3107 inservientium
1070 3035 1503 3103 sufficientem
1532 3051 1890 3098 numerum
1917 3056 1934 3114 3
1964 3028 2207 3118 quibus
2236 3026 2316 3093 ad
2331 3047 2513 3093 sacra
2543 3025 2634 3091 fa·

351 3142 1110 3234 mulantibusgcelebrari
1134 3145 1335 3231 potest
1352 3145 1415 3207 et
1430 3139 1508 3206 de
1521 3138 1687 3205 facto
1704 3137 2062 3204 celebratur
2079 3134 2389 3203 solemnis
2411 3133 2628 3199 missa.

354 3253 710 3321 Difficultas
748 3255 964 3318 autem
997 3248 1321 3338 proposita
1347 3246 1491 3311 haec
1530 3250 1624 3311 est
1660 3267 1676 3311 ε
1722 3249 1945 3310 utrum
1989 3242 2059 3309 in
2097 3242 2222 3309 hoc
2253 3262 2431 3321 casu,
2490 3238 2636 3305 licet

351 3357 671 3450 possibilis
709 3357 789 3421 sit
831 3354 1108 3441 singulis
1158 3352 1387 3419 diebus
1423 3350 1870 3417 conventualis
1914 3352 2135 3432 missa,
2179 3348 2261 3416 ab
2303 3368 2378 3414 ea
2416 3354 2630 3413 tamen

352 3465 716 3535 eximantur
744 3460 1041 3526 canonici
1070 3458 1183 3546 qui
1207 3457 1398 3547 pauci
1425 3461 1576 3521 sunt
1606 3478 1910 3524 numero.
1947 3456 2147 3525 Porro
2179 3454 2280 3523 lex
2308 3455 2388 3521 de
2422 3452 2630 3542 quoti-

348 3575 537 3644 diana
587 3563 1000 3636 conventuali
1054 3562 1249 3630 missa
1295 3563 1567 3629 omnino
1619 3569 1793 3631 certa
1835 3569 1931 3631 est
1958 3591 1975 3650 3
2032 3583 2315 3650 cumque
2372 3556 2634 3627 aliunde

351 3675 675 3770 possibilis
734 3673 816 3741 sit
869 3670 1031 3759 legis
1086 3668 1465 3753 observatio,
1545 3669 2070 3737 concludendum
2132 3674 2226 3735 est
2285 3667 2635 3734 canonicos

354 3787 551 3853 etiam
577 3803 814 3875 paucos
838 3801 912 3848 ea
940 3776 1329 3866 obligatione
1352 3777 1612 3844 vinciri.
1637 3775 1717 3843 Et
1736 3775 1824 3844 ita
1851 3775 2142 3843 decisum
2174 3797 2210 3842 a
2236 3772 2434 3847 Sacra
2463 3772 2634 3840 Con-

354 3892 724 3979 gregatione
747 3889 994 3956 rituum
1017 3885 1294 3952 habetur
1316 3884 1489 3972 apud
1509 3883 1889 3967 Gardellini,
1922 3905 1991 3950 n.
2025 3881 2228 3969 3050,
2257 3881 2375 3949 ubi
2396 3901 2505 3948 eos
2526 3899 2638 3969 per

357 3997 621 4062 missam
641 3998 924 4062 votivam
950 3991 1221 4059 minime
1250 3989 1619 4079 satisfacere:
1637 3991 2018 4059 declaratur.

445 4096 630 4176 Quod
668 4098 724 4164 si
759 4099 967 4188 magis
1003 4096 1294 4187 expediat
1330 4100 1403 4163 ut
1445 4097 1743 4162 canonici
1784 4097 1855 4163 in
1901 4096 2117 4184 aliqua
2156 4094 2419 4162 dioecesi
2467 4096 2639 4160 tanto

355 4223 549 4273 onere
583 4221 716 4266 non
746 4210 1117 4288 graventur,
1156 4202 1342 4272 facile
1370 4200 1770 4270 obtinebitur
1812 4222 1849 4269 a
1892 4200 2086 4270 Sacra
2120 4197 2638 4288 Congregatione

354 4309 604 4379 rituum
620 4303 724 4371 vel
751 4307 1011 4374 concilii
1029 4307 1391 4397 indultum,
1413 4329 1544 4398 quo
1561 4307 1790 4375 diebus
1811 4307 2053 4376 festivis
2075 4312 2328 4374 tantum
2349 4323 2636 4373 conven-

356 4417 594 4482 tualem
635 4412 899 4480 missam
943 4412 1264 4482 celebrare
1301 4415 1782 4505 permittantur.
1816 4415 1903 4482 At
1939 4414 2377 4482 necessarium
2415 4408 2639 4478 indul·
