2930 4982
401 392 471 446 41
491 389 526 443 6
1369 389 1713 437 TRAGTATUS

408 545 442 584 «
471 515 783 604 dignitate
840 511 1224 601 regulariter
1296 509 1613 576 residet...
1667 505 1980 588 Quamvis
2028 508 2097 575 in
2158 529 2307 575 casu
2363 508 2667 592 victoriae,

407 626 811 690 «renuentes
840 619 1012 709 juris
1060 617 1365 684 remediis
1410 615 1714 706 compelli
1754 619 2012 705 possent
2041 615 2120 683 ad
2150 637 2281 682 suae
2318 621 2472 682 ratae
2517 615 2674 683 solu-

411 755 443 794 «
475 728 748 813 tionem,
778 748 861 794 ne
892 725 1118 793 alienis
1141 722 1454 813 impensis
1485 721 1909 790 commodum
1947 727 2170 789 contra
2194 743 2460 789 omnem
2488 723 2674 811 aequi·

409 862 444 901 <a
478 833 676 903 tatem
698 835 1103 922 reportarent
1131 830 1229 921 (ut
1252 829 1464 896 firmat
1486 826 1668 916 Rota,
1700 827 2026 895 decisione
2056 828 2207 914 148,
2242 851 2311 896 n.
2339 828 2406 912 6,
2438 834 2499 895 et
2520 851 2672 918 seq.,
2722 872 2729 879 -

413 947 650 1032 «parte
690 960 805 1016 vn,
848 935 1144 1023 recent).
1173 959 1206 999 »
1245 933 1773 1024 (Scarfantonius,
1832 939 1878 1001 t.
1915 934 1975 1016 l,
2005 958 2074 1024 p.
2116 934 2203 1001 24
2247 941 2308 1004 et
2351 934 2466 1021 25,
2498 935 2678 1003 editio

405 1048 630 1133 Lucae,
666 1041 891 1135 1723.)

1297 1209 1588 1272 CAPUT
1639 1209 1798 1271 VIII

406 1390 501 1437 Jus
522 1383 1073 1433 ADMINISTRATIVUM
1090 1382 1363 1429 CAPITULI
1384 1383 1556 1428 CIRCA
1578 1382 1735 1428 BONA
1752 1381 2177 1429 BENEFIGIATOS
2193 1381 2301 1428 sm]
2322 1381 2681 1428 GAPELLANOS

1139 1488 1552 1534 GATREDRALIS
1594 1487 1960 1534 SPECTANTIA

508 1674 797 1755 «Quoad
832 1674 1176 1741 materiam
1231 1672 1767 1740 beneficiatorum
1806 1694 1920 1740 seu
1962 1672 2475 1763 capellanorum,
2529 1671 2684 1739 illud

422 1807 455 1846 «
481 1781 721 1871 pariter
751 1784 848 1847 est
875 1779 1349 1847 observandum
1385 1779 1560 1869 quod
1591 1779 1670 1847 ad
1696 1778 2081 1868 capitulum,
2114 1779 2432 1869 privative
2463 1779 2542 1846 ad
2561 1799 2687 1845 eos-

420 1915 457 1956 «
484 1891 634 1958 dem
663 1887 1025 1978 capellanos
1062 1891 1305 1978 spectat
1342 1886 1815 1955 administratio
1858 1887 2450 1974 eleemosynarum,
2518 1884 2688 1953 anni-

421 2022 457 2061 «
484 1994 945 2076 versariorum,
989 1994 1397 2083 aliarumque
1429 1994 1689 2085 piarum
1725 1993 2128 2061 oblationum
2166 1993 2461 2061 ecclesiae
2499 1993 2690 2060 cathe-

425 2128 461 2169 «
489 2102 713 2181 dralis,
740 2101 1152 2191 potissimum
1181 2100 1446 2168 illarum
1477 2121 1623 2190 quae
1647 2099 1933 2191 pendent
1959 2122 1996 2167 a
2015 2102 2166 2189 jure
2203 2099 2568 2190 parochiali
2591 2122 2605 2181 ;
2630 2117 2691 2165 eo

425 2233 461 2273 «
489 2205 643 2295 quia
688 2227 848 2273 cura
889 2204 1238 2274 habitualis
1289 2205 1476 2274 dictae
1524 2206 1810 2274 ecclesiae
1858 2205 2140 2296 capitulo
2187 2205 2546 2272 incumbit.
2598 2203 2692 2295 (De

430 2339 461 2377 (ι
489 2312 692 2397 Luca,
722 2313 818 2377 De
833 2311 1161 2402 ρανοοήο,
1204 2311 1540 2379 discursus
1577 2310 1689 2395 32,
1741 2333 1806 2377 n.
1838 2311 1908 2397 4,
1941 2316 2004 2378 et
2041 2309 2537 2400 Dejurz'sdz'ct.,
2574 2311 2694 2377 dis-

432 2446 464 2482 «
493 2440 663 2487 curs.
701 2417 817 2504 42,
844 2439 915 2485 n.
950 2417 1047 2508 2.)
1072 2416 1258 2500 Quod
1281 2419 1479 2486 etiam
1505 2440 1729 2487 verum
1753 2422 1871 2506 est,
1900 2417 2049 2484 licet
2076 2417 2367 2508 praedicti
2395 2417 2697 2511 capellani

429 2549 462 2588 «
491 2524 563 2589 in
593 2521 823 2589 iisdem
857 2522 1361 2590 obventionibus
1397 2523 1678 2592 habeant
1703 2523 2012 2591 interesse
2060 2546 2133 2591 ac
2173 2524 2253 2590 de
2300 2524 2430 2591 illis
2455 2521 2699 2613 partici-

427 2652 463 2691 (ι
489 2633 675 2715 pent3
701 2647 857 2693 cum
877 2627 945 2692 in
971 2626 1151 2695 hisce
1176 2628 1850 2696 administrationibus
1873 2652 2007 2697 sese
2030 2631 2323 2719 ingerere
2338 2630 2696 2706 nullatenus

432 2756 465 2795 «
493 2730 760 2820 possint.
788 2730 1134 2823 (Lott'eruS,
1181 2736 1277 2800 De
1313 2756 1384 2800 re
1420 2734 1824 2825 beneficiali,
1872 2736 1918 2802 l.
1967 2735 2022 2821 l,
2072 2741 2297 2826 quaest.
2343 2735 2451 2818 17,
2499 2756 2566 2800 n.
2605 2731 2701 2823 8.)

434 2864 467 2902 α
495 2837 804 2920 Quamvis
872 2845 1169 2931 respectu
1236 2840 1814 2910 administrationis
1882 2865 2108 2911 massae
2179 2842 2704 2912 distributionum

431 2970 467 3010 «
495 2946 891 3033 communiS,
951 2968 1066 3015 seu
1123 2947 1318 3030 etiam
1378 2946 1786 3038 particularis
1848 2948 2140 3040 ipsorum
2199 2948 2699 3040 capellanorum,

433 3076 471 3115 «
492 3052 740 3120 ratione
761 3055 1069 3122 interesse
1096 3053 1271 3144 quod
1305 3053 1549 3122 habent
1579 3055 1650 3121 in
1681 3054 1860 3122 illius
1890 3061 2062 3122 certa
2089 3076 2164 3124 ac
2191 3055 2366 3123 fideli
2395 3053 2704 3122 adminis-

438 3158 792 3245 «tratione,
835 3159 1076 3226 eisdem
1118 3160 1312 3227 etiam
1358 3160 1524 3227 ratio
1565 3182 1681 3249 per
1726 3160 2086 3250 capitulum
2124 3160 2704 3229 administratorem

440 3289 473 3328 «
496 3264 676 3331 reddi
696 3264 946 3349 debeat,
961 3269 1043 3333 *ut
1065 3265 1355 3358 discusso
1376 3266 1650 3333 articulo
1670 3264 1826 3333 Rota
1847 3264 2190 3356 (decisione
2215 3266 2327 3350 24,
2357 3272 2547 3357 parte
2566 3285 2702 3350 xvn,

436 3392 473 3430 (ι
494 3370 837 3459 recent.).»
1536 3381 1541 3386 ’

526 3496 562 3537 α
590 3471 743 3541 Haec
787 3479 1006 3543 tamen
1045 3459 1336 3543 absoluta
1382 3475 1861 3544 administratio
1909 3477 2110 3565 quam
2160 3478 2493 3545 dictarum
2543 3477 2705 3544 obla-

441 3604 477 3645 «
499 3580 764 3647 tionum
806 3581 1003 3649 habet
1040 3580 1423 3671 capitulum,
1464 3581 1805 3649 limitanda
1842 3582 2019 3650 venit
2060 3585 2130 3650 in
2168 3606 2320 3652 casu
2364 3607 2505 3674 quo
2546 3582 2709 3650 vellet

443 3708 617 3777 «per
643 3707 887 3754 novum
912 3691 1225 3754 statutum
1259 3687 1569 3755 innovare
1596 3692 1657 3753 et
1689 3688 2038 3757 immutare
2067 3692 2410 3779 antiquam
2443 3686 2709 3760 ecclesiae

444 3793 1066 3876 «consuetudinem,
1114 3793 1443 3861 alterando
1493 3793 1767 3861 modum
1809 3793 2265 3883 distribuendi,
2321 3801 2462 3865 tam
2519 3793 2711 3887 quoti-

441 3924 476 3962 «
499 3900 724 3967 dianas
760 3900 1246 3969 distributiones
1272 3922 1470 3990 quam
1495 3900 1939 3991 provenientes
1972 3923 2010 3968 a
2047 3901 2235 3970 dictis
2264 3899 2715 3971 anniversariis

441 4027 477 4067 ε(
501 4011 565 4071 et
590 4008 903 4095 exequiis,
933 4008 1104 4080 inter
1132 4006 1387 4075 eosdem
1418 4007 1763 4074 canonicos
1793 4011 1856 4075 et
1874 4007 2312 4097 beneficiatos,
2341 4010 2461 4099 qui
2482 4007 2711 4077 eisdem

444 4109 953 4181 «anniversariis
994 4114 1269 4205 aliisque
1303 4112 1540 4181 divinis
1594 4113 1829 4181 officiis
1870 4136 2056 4182 suam
2095 4114 2529 4183 assistentiam
2571 4132 2718 4204 prae-

445 4221 668 4283 «stare
692 4226 1200 4306 consueverunt3
1254 4243 1407 4288 cum
1436 4219 1563 4288 hoc
1614 4218 1900 4310 capitulo
1928 4242 2061 4288 non
2094 4220 2286 4289 liceat
2314 4219 2539 4311 (caput
2567 4215 2716 4287 uni-

448 4348 481 4388 «
505 4343 657 4391 cum
688 4323 784 4388 De
811 4322 1072 4391 clericis
1109 4346 1246 4393 non
1282 4326 1510 4407 resid„
1543 4326 1612 4392 in
1648 4325 1713 4393 6.
1747 4364 1838 4377 -
1859 4326 2045 4406 Rota,
2076 4327 2395 4395 decisione
2426 4324 2548 4409 32,
2578 4346 2644 4391 n.
2681 4318 2717 4389 3

449 4455 483 4494 «
509 4435 571 4495 et
592 4451 759 4517 seq„
787 4432 955 4517 part.
981 4450 1097 4516 vn,
1127 4432 1427 4519 recent.)‚
1457 4432 1568 4501 sed
1588 4433 1963 4520 requiratur
1985 4433 2180 4503 etiam
2204 4431 2564 4503 auctoritas
2581 4425 2729 4517 Epi-
