2930 4982
1133 330 1211 375 οε
1257 329 1584 377 cunnus.
2384 329 2407 383 1
2428 329 2507 384 ⁴5

245 472 463 519 sacram
490 449 938 517 Tridentinam
975 451 1328 537 synodum,
1370 472 1517 539 quae
1555 457 1644 519 tot
1687 452 1926 521 abusus
1955 453 2363 543 jamdudum
2405 458 2508 524 in·

244 563 430 625 vectos
475 563 611 624 tam
656 556 924 624 feliciter
962 555 1261 642 abscidit,
1310 556 1381 622 in
1424 555 1503 625 iis
1541 580 1687 647 quae
1725 581 1855 627 non
1903 562 1991 627 ita
2028 560 2351 650 urgebant
2389 583 2506 630 nec

242 664 401 731 saluti
423 664 801 731 animarum
824 662 1101 730 obnoxia
1133 666 1335 740 erant,
1368 661 1757 733 abstinuisse
1784 686 1820 732 a
1844 666 2321 736 mutationibus
2360 689 2507 758 quae

241 791 525 859 magnam
553 769 712 836 forte
738 774 896 837 tunc
922 770 1233 859 temporis
1259 770 1771 838 commotionem
1796 772 2194 840 excitassent.

308 875 367 942 8⁰
399 900 431 939 c<
458 875 730 943 Collatio
751 875 1166 943 canonicatus
1195 875 1355 943 facta
1380 898 1514 944 non
1546 876 1814 944 habenti
1847 883 2098 945 aetatem
2125 880 2501 968 requisitam

245 988 371 1050 «est
394 982 697 1068 nulla...,
733 981 985 1050 etiamsi
1013 981 1178 1049 desit
1206 980 1545 1049 modicum
1589 987 1870 1072 tempus,
1912 981 2102 1049 etiam
2138 982 2334 1050 unius
2376 983 2503 1051 diei

244 1088 376 1154 «vel
401 1088 669 1155 horae...
694 1115 710 1174 ;
740 1089 897 1176 quia
925 1089 994 1153 in
1018 1088 1096 1154 iis
1126 1109 1273 1176 quae
1301 1093 1454 1155 sunt
1481 1110 1518 1155 a
1538 1090 1692 1177 Jure
1722 1087 2169 1172 determinata,
2203 1110 2333 1159 non
2361 1089 2510 1157 licet

242 1194 611 1306 «arbitrari.
649 1220 685 1258 >³
719 1192 1249 1283 (ScarfantoniUS,
1274 1195 1414 1263 loco
1444 1196 1665 1284 citat0,
1698 1217 1764 1262 n.
1799 1193 1940 1284 22.)

1094 1531 1459 1603 SECTIO
1518 1531 1635 1601 III

343 1709 505 1774 QUID
548 1709 651 1765 SIT
694 1707 1082 1764 CAPITULUM
1124 1707 1355 1772 QUOAD
1406 1708 1591 1763 BONA
1640 1707 2083 1764 TEMPORALIA
2121 1708 2371 1774 QUIBUS

1112 1814 1596 1870 SUSTENTATUR

301 2034 436 2103 Sub
474 2035 600 2102 hac
628 2033 909 2100 sectione
940 2027 1252 2097 tradenda
1286 2026 1462 2093 venit
1491 2027 1668 2093 notio
1701 2027 1781 2094 de
1811 2028 2184 2117 praebendis
2213 2035 2275 2095 et
2301 2028 2515 2097 distri·

222 2139 618 2208 butionibus.
645 2138 786 2219 Qua
804 2136 1260 2226 disceptatione
1280 2133 1687 2200 deducemur
1706 2133 1788 2200 ad
1813 2133 2301 2222 expendendam
2318 2137 2512 2202 etiam

219 2247 673 2332 quaestionem,
705 2265 790 2308 an
832 2241 1028 2307 hodie
1063 2240 1138 2338 ip
1172 2237 1382 2304 Gallia
1408 2237 1753 2324 pensiones
1785 2257 1932 2323 quae
1962 2237 2294 2304 canonicis
2336 2258 2372 2305 a
2400 2259 2523 2326 gu·

212 2349 453 2416 bernio
470 2347 841 2423 solvuntur,
873 2344 1190 2410 rationem
1221 2339 1586 2430 praebendae
1615 2338 1911 2408 habeant.

1182 2609 1471 2672 CAPUT
1517 2611 1545 2669 I

1119 2787 1195 2831 DE
1249 2749 1593 2830 PRAEBENDIS

304 2964 499 3034 Multa
534 2959 806 3050 quidem
828 2958 908 3024 de
940 2954 1439 3045 praebendarum
1467 2952 1720 3038 origine
1757 2971 1833 3016 ac
1860 2950 2133 3034 historia
2154 2962 2519 3040 congerunt

236 3070 474 3138 eruditi.
510 3067 643 3137 Nos
680 3085 834 3133 vero
865 3061 1083 3150 aliqua
1112 3060 1456 3139 duntaxat,
1494 3057 1660 3124 scitu
1708 3055 2007 3140 utiliora,
2046 3078 2517 3128 commemora-

236 3172 457 3244 bimus.

1308 3305 1345 3383 ξ
1391 3308 1421 3365 1

1160 3463 1345 3503 ΕΑΒΠΜ
1383 3461 1547 3502 ORIGO

327 3623 770 3691 «Communes
809 3622 992 3684 erant
1031 3614 1390 3700 antiquitus
1427 3611 1708 3678 ecclesiae
1755 3610 2001 3679 reditus
2048 3634 2122 3679 ac
2163 3620 2512 3700 proventus

251 3750 281 3790 ι(
304 3726 590 3819 Episcopi
641 3734 704 3795 et
753 3720 1046 3813 capituli,
1098 3718 1384 3803 itemque
1431 3717 1803 3781 communis
1844 3716 2137 3781 victus...
2181 3715 2393 3783 Locus
2443 3718 2510 3784 in

248 3857 278 3896 ί(
302 3856 417 3923 quo
456 3836 776 3925 degebant
817 3825 1116 3898 canonici
1157 3819 1518 3891 cathedrali,
1538 3823 1673 3886 erat
1700 3818 2075 3907 contiguus,
2119 3841 2232 3887 seu
2281 3823 2504 3893 saltem

253 3962 285 4001 «
304 3943 468 4010 valde
488 3943 747 4010 vicinus
774 3935 1004 4028 palatio
1031 3928 1406 4023 episcopali,
1432 3949 1586 3995 cum
1607 3927 1729 3994 hoc
1753 3945 2010 3994 necesse
2029 3932 2188 3994 esset
2207 3934 2278 3995 ut
2295 3940 2505 4021 posset

251 4070 282 4109 ιι
307 4044 646 4139 Episcopus
674 4044 967 4114 eamdem
993 4040 1191 4106 vitam
1219 4036 1431 4104 vivere
1463 4040 1527 4102 et
1555 4034 1961 4122 frequentare
1989 4035 2353 4124 regularem
2398 4063 2499 4109 so-

252 4171 283 4210 «
308 4152 583 4221 cietatem
611 4175 763 4220 cum
793 4150 926 4217 suis
949 4145 1361 4214 canonicis...
1403 4141 1498 4209 Ex
1524 4144 1877 4208 memorata
1903 4147 2121 4210 autem
2157 4149 2502 4213 communi

256 4278 285 4316 α
310 4277 502 4326 massa
531 4258 890 4337 redituum,
921 4252 1224 4343 Episcopi
1256 4254 1320 4316 et
1349 4245 1617 4336 capituli
1645 4250 2017 4317 sustentatio
2048 4250 2394 4339 pendebat,
2429 4256 2504 4313 ut

257 4383 288 4421 «
312 4366 539 4433 notavit
559 4362 1021 4433 Thomassinus
1048 4357 1265 4448 (Nova
1285 4365 1356 4442 et,
1371 4363 1553 4421 vetus
1586 4352 1962 4443 disciplina,
1997 4378 2063 4444 p.
2100 4356 2216 4435 1,l.
2254 4354 2321 4428 3,
2348 4372 2404 4414 c.
2434 4348 2503 4427 5,

2160 4472 2181 4514 1
2201 4471 2226 4511 ο
