2930 4982
1284 350 1490 398 tnnssx.
2402 344 2518 399 621

433 477 651 525 neratim
691 477 822 525 circa
863 488 921 525 ea
958 489 1071 539 quae
1105 487 1198 524 nec
1240 475 1431 521 statum
1479 471 1761 532 generalem
1803 472 2047 534 ecclesiae,
2083 485 2178 523 nec
2211 475 2375 537 ipsum

432 552 735 617 Episcopum
756 557 846 603 aut
868 556 1024 616 ipsius
1043 557 1158 617 jura
1179 554 1486 602 concernunt
1493 586 2367 605 .............................
2442 558 2529 606 38⁶:

370 640 659 704 Propositio
687 644 757 691 4⁸.
793 641 962 690 Potest
996 640 1276 704 capitulum
1313 640 1464 688 etiam
1496 637 1712 700 poenalia
1744 641 1940 688 statuta
1970 640 2202 702 condere,
2226 643 2376 692 modo

430 727 591 783 poenae
615 729 686 770 eae
709 722 811 770 sint
834 733 948 783 quae
967 733 1067 768 non
1089 718 1389 768 excederent
1414 717 1818 778 jurisdictionem
1847 731 1986 768 mere
2019 723 2378 770 oeconomicam

429 812 518 850 seu
548 802 820 864 improprie
847 799 1033 848 dictam
1037 830 2371 850 ...........................................
2442 804 2533 853 388

370 890 658 953 Propositio
689 891 759 938 5⁸.
797 888 934 936 Licet
959 886 1237 950 Episcopus
1263 886 1469 934 statutis
1499 896 1530 933 a
1550 883 1770 947 capitulo
1798 884 2011 935 conditis
2040 885 2381 937 contradicere

429 971 608 1032 possit,
627 979 727 1017 non
750 972 922 1017 tamen
946 971 1114 1030 potest
1133 965 1475 1015 contradicere
1490 978 1549 1014 ex
1576 964 1673 1013 aiio
1697 964 1845 1015 titulo
1866 978 2020 1028 quam
2041 966 2176 1029 quod
2197 968 2382 1030 capitu·

433 1047 541 1096 lum
566 1048 834 1097 excesserit
856 1049 1163 1110 potestatem
1191 1046 1285 1106 ipsi
1307 1057 1337 1093 a
1354 1047 1471 1105 jure
1499 1045 1758 1092 communi
1778 1056 2066 1093 concessam
2078 1080 2374 1098 ..........
2447 1047 2537 1095 389

372 1135 659 1198 Propose'tio
691 1136 761 1185 6⁸.
795 1134 968 1183 Potest
1003 1131 1315 1196 capitulum,
1356 1129 1645 1179 inconsulto
1673 1129 1940 1193 Episcopo,
1971 1135 2196 1182 statuere
2226 1136 2381 1182 etiam

435 1216 563 1264 circa
583 1214 743 1263 ardua
762 1218 814 1263 et
831 1217 1024 1263 statum
1044 1212 1268 1261 ecclesias
1289 1213 1340 1259 et
1356 1212 1474 1272 J‘ura
1492 1209 1724 1274 Episcopi
1747 1213 2000 1272 tangentia
2024 1232 2035 1260 :
2065 1211 2152 1261 sed
2171 1213 2311 1262 nulla
2332 1216 2385 1263 et

434 1297 574 1344 irrita
602 1297 865 1344 remanent
887 1293 1010 1342 talia
1034 1295 1228 1341 statuta
1248 1291 1408 1341 donec
1431 1291 1697 1339 accesserit
1722 1303 1996 1341 consensus
2014 1291 2257 1356 Episcopi,
2283 1292 2381 1342 sal-

432 1376 536 1421 tem
560 1373 760 1432 tacitus,
792 1376 843 1421 et
871 1372 1051 1422 saitem
1076 1383 1137 1419 ex
1156 1368 1306 1431 longa
1335 1367 1601 1418 tolerantia
1625 1370 1911 1432 suppositus
1921 1405 2374 1422 ...............
2447 1373 2538 1421 389

373 1461 662 1525 Propositio
698 1465 764 1511 τε.
800 1459 1041 1522 Regimen
1080 1462 1130 1508 et
1163 1458 1536 1507 administratio
1576 1455 1796 1506 ecclesiae
1834 1457 2132 1508 cathedralis
2167 1462 2383 1522 pertinet

432 1539 583 1589 simul
612 1539 676 1588 ad
701 1539 998 1603 Episcopum
1024 1538 1163 1588 etad
1186 1536 1463 1600 capitulum
1489 1555 1501 1585 ε
1529 1536 1663 1585 unde
1687 1539 1739 1586 et
1770 1536 1834 1586 ad
1860 1541 2133 1600 utrumque
2166 1542 2385 1603 pertinet

430 1622 621 1669 statuta
648 1619 711 1668 de
737 1619 816 1669 his
843 1618 1059 1668 condere
1070 1650 2375 1671 ..........................................
2449 1623 2541 1672 390

371 1707 653 1770 Propo-silio
685 1709 754 1757 8¹.
790 1707 932 1756 Circa
944 1708 1184 1768 „regimen
1213 1708 1265 1754 et
1291 1704 1783 1754 administrationem
1814 1705 2034 1757 ecclesiae
2063 1707 2383 1768 cathedralis,

431 1798 525 1835 nec
551 1784 830 1847 capitulum
865 1788 974 1833 sine
1002 1796 1249 1834 consensu
1278 1782 1527 1845 Episcopi,
1566 1794 1660 1831 nec
1693 1779 1970 1846 Episcopus
2003 1787 2111 1834 sine
2135 1798 2383 1835 consensu

431 1865 672 1928 capituli,
713 1868 879 1929 potest
915 1863 1082 1914 valide
1121 1867 1379 1921 statuere,
1419 1864 1510 1910 aut.
1545 1865 1650 1922 jam
1694 1867 1878 1912 mutuo
1918 1877 2128 1914 assensu
2164 1865 2385 1916 stabilita

429 1949 630 1994 mutare
637 1977 2370 1994 ........................................................
2449 1946 2534 1993 391

368 2024 660 2088 Propositio
691 2024 762 2071 9⁸.
796 2021 973 2069 Statim
1003 2033 1063 2069 ac
1091 2023 1320 2069 erectum
1348 2018 1446 2067 fuit
1483 2018 1688 2080 aIIquod
1708 2019 2013 2082 capitulum,
2036 2020 2100 2069 ad
2130 2022 2296 2082 ipsum
2322 2021 2385 2070 de

427 2104 544 2165 jure
563 2102 823 2150 communi
845 2102 1065 2163 pertinet
1085 2099 1178 2148 sibi
1202 2101 1393 2147 statuta
1420 2097 1635 2146 condere
1645 2135 2218 2150 ...................
2233 2117 2249 2149 ·.
2269 2138 2279 2150 .
2300 2137 2311 2149 .
2332 2137 2343 2149 .
2363 2137 2374 2149 .
2451 2102 2537 2149 391

370 2182 658 2245 Propositio
691 2184 788 2229 10⁸.
823 2179 899 2228 Ad
921 2178 1124 2230 eosdem
1148 2180 1368 2240 pertinet
1392 2180 1701 2227 statutorum
1725 2180 1963 2227 correctio
1986 2181 2037 2227 et
2063 2181 2297 2237 mutatio,
2322 2179 2385 2228 ad

436 2271 563 2321 quos
586 2258 832 2321 pertinuit
859 2255 923 2305 de
944 2261 1061 2317 jure
1089 2257 1349 2305 communi
1375 2256 1622 2306 confectio
1648 2294 2377 2309 ........................
2452 2259 2541 2308 392

372 2336 664 2398 Propositio
701 2340 795 2384 11⁸.
834 2335 1049 2384 Videtur
1068 2337 1371 2397 potestatem
1394 2334 1641 2383 condendi
1662 2338 1853 2384 statuta
1872 2348 1983 2398 quae
2006 2335 2237 2397 capitulis
2256 2350 2389 2386 com-

372 2427 377 2432 ·
434 2415 563 2477 petit
591 2426 700 2464 esse
726 2413 1089 2484 jurisdictionis
1129 2415 1330 2477 proprie
1366 2412 1539 2473 dictae,
1574 2412 1693 2463 licet
1720 2413 1785 2463 ad
1816 2413 2006 2463 leviora
2037 2414 2267 2475 quaedam
2308 2427 2389 2464 re·

436 2496 621 2544 strictae
639 2529 2378 2548 ........................................................
2453 2499 2544 2547 392

374 2562 666 2637 Propositio
702 2576 798 2624 1⁶2⁸.
837 2576 1097 2624 Statutaa
1126 2574 1232 2624 solo
1263 2573 1490 2638 capitulo
1516 2573 1737 2636 legitime
1771 2574 2017 2634 confecta,
2050 2579 2099 2624 et
2134 2588 2163 2624 a
2197 2575 2390 2624 fortiori

435 2653 478 2701 si
507 2650 569 2700 ab
593 2649 834 2714 Episcopo
857 2651 938 2702 vel
965 2664 995 2701 a
1028 2651 1156 2702 Sede
1181 2652 1469 2714 Apostolica
1498 2649 1688 2701 ruerint
1714 2652 2008 2715 approbata,
2035 2651 2255 2714 obligant
2284 2655 2387 2701 sin·

435 2729 577 2792 gulos
591 2731 910 2791 capitulareS,
933 2733 1086 2780 etiam
1106 2743 1420 2781 successores
1438 2742 1615 2779 eorum
1637 2733 1723 2793 qui
1748 2734 1999 2780 statutum
2022 2732 2377 2782 condiderunt.
2452 2737 2541 2783 392

374 2809 663 2871 propositio
702 2816 797 2860 13¹.
833 2810 1126 2873 Capitulum
1172 2814 1342 2873 potest
1386 2814 1695 2859 statutorum
1742 2820 1949 2859 suorum
1996 2812 2387 2872 transgressores

439 2889 618 2950 punire
629 2923 2375 2941 .........................................................
2450 2893 2542 2940 393

316 2976 345 3037 g
383 2977 426 3024 3.
463 2975 726 3038 Quodnam
748 2977 835 3036 jus
863 2973 1164 3037 particulare
1193 2974 1568 3023 admittendum
1593 2976 1733 3024 sitin
1768 2972 1987 3024 ecclesiis
2018 2974 2188 3024 Galliae
2209 2988 2238 3024 a
2260 2979 2388 3026 tem-

377 3067 498 3116 pore
523 3054 812 3105 concordati
840 3055 961 3102 anni
992 3057 1104 3104 1801
1121 3090 2377 3105 .........................................
2454 3055 2540 3104 394

384 3138 431 3183 10
463 3134 780 3197 colliguntur
801 3135 1056 3182 textus‘ex
1076 3135 1262 3195 quibus
1288 3134 1615 3184 determinari
1636 3134 1787 3183 debet
1802 3136 1886 3194 J'us
1904 3133 2206 3196 particulare
2232 3133 2389 3183 eccle·

441 3213 630 3260 siarum
658 3211 833 3261 Galliae
855 3210 1022 3273 quoad
1051 3212 1267 3274 capitula
1279 3249 2377 3263 ....................................
2452 3216 2542 3263 394

380 3293 433 3340 20
462 3290 838 3340 Determinatur
857 3292 942 3351 jus
968 3291 1274 3353 particulare
1303 3292 1627 3342 ecclesiarum
1657 3291 1828 3341 Galliae
1857 3291 2024 3353 quoad
2052 3292 2314 3353 capitula..
2333 3331 2345 3342 .
2365 3331 2376 3342 .
2452 3296 2541 3344 397

380 3370 667 3433 Propositio
701 3375 766 3420 1⁸.
802 3370 860 3418 ln
897 3370 1116 3420 ecclesiis
1146 3373 1324 3420 erectis
1351 3384 1488 3421 anno
1519 3374 1666 3431 1802,
1705 3371 1967 3421 decretum
1994 3370 2271 3421 cardinalis
2292 3371 2385 3423 Ca-

440 3459 602 3511 prarae
633 3447 850 3498 contulit
866 3448 1122 3512 Episcopis
1141 3449 1491 3512 primofuturis
1514 3453 1817 3513 potestatem
1837 3451 2027 3499 statuta
2047 3450 2250 3512 capituli
2275 3451 2388 3500 abs·

446 3539 544 3590 que
573 3526 678 3576 ullo
713 3526 938 3588 ejusdem
976 3526 1179 3587 capituli
1213 3529 1501 3577 interventu
1535 3527 1808 3585 condendi;
1842 3528 2099 3590 Episcopis
2125 3540 2245 3577 vero
2270 3542 2385 3577 suc-

444 3604 723 3655 cessoribus
755 3607 1056 3667 potestatem
1100 3612 1161 3654 ea
1198 3608 1392 3655 statuta
1431 3606 1699 3665 mutandi,
1733 3607 1975 3669 requisito
2004 3607 2146 3668 prius
2182 3605 2387 3667 capituli

445 3682 650 3732 consilio
659 3718 2377 3735 .........................................................
2450 3685 2540 3734 397

380 3761 665 3826 Propositio
695 3763 765 3810 2⁸.
804 3761 948 3824 Quod
981 3761 1204 3812 decrevit
1232 3762 1514 3814 Cardinalis
1549 3764 1768 3828 Caprara
1796 3763 1859 3812 de
1887 3762 2254 3812 successoribus
2286 3765 2385 3826 pri·

441 3853 643 3892 morum
659 3840 1017 3904 Episcoporum
1029 3842 1631 3906 videturinteliigendum
1654 3844 1716 3893 de
1740 3843 2111 3893 successoribus
2130 3844 2387 3906 proximis,

441 3934 543 3977 non
566 3926 739 3971 autem
773 3919 834 3970 dc
857 3922 1227 3971 successoribus
1254 3924 1305 3972 in
1338 3927 1640 3986 perpetuum
1652 3956 2376 3974 ........................
2451 3923 2542 3971 398
2633 3930 2634 3935 ’

332 4014 336 4019 ’
385 4000 667 4063 Propositio
701 4004 768 4050 3⁸.
804 4001 858 4051 ln
899 4001 1119 4051 ecclesiis
1156 4010 1291 4052 anno
1335 4005 1455 4052 1822
1494 4005 1673 4053 erectis
1712 4014 1863 4051 omne
1895 4003 1980 4063 jus
2018 4001 2396 4051 condendorum

454 4083 759 4131 statutorum
793 4094 885 4144 pro
917 4079 1148 4144 capitulis
1186 4081 1483 4132 earumdem
1522 4080 1845 4130 ecclesiarum
1881 4079 2132 4142 Episcopis
2154 4091 2183 4127 a
2206 4078 2389 4129 Sancta

448 4158 576 4208 Sede
603 4163 927 4209 commissum
952 4163 1025 4210 est
1030 4194 2376 4211 ............................................
2450 4157 2543 4204 399

384 4237 669 4300 Propositio
699 4245 770 4288 μ.
804 4239 862 4289 ln
887 4242 1107 4291 ecclesiis
1140 4253 1272 4291 anno
1311 4244 1429 4291 1822
1465 4243 1645 4291 erectis
1682 4242 1873 4289 statuta
1901 4238 2234 4303 capitulorum
2264 4251 2385 4300 sup-

447 4319 618 4380 primi,
639 4321 812 4380 augeri
833 4322 883 4368 et
902 4322 1089 4369 mutari
1113 4324 1376 4382 nequeunt
1399 4320 1495 4369 nisi
1518 4322 1662 4380 juxta
1681 4321 1765 4380 jus
1787 4331 2056 4367 commune
2060 4352 2375 4368 ...........
2449 4317 2541 4365 400

392 4396 673 4462 propositio
704 4398 772 4447 δ’.
811 4398 940 4460 Ergo
967 4401 1050 4459 jus
1091 4400 1407 4477 particulare)
1425 4398 1591 4461 quoad
1623 4397 1843 4461 capitula
1873 4399 1924 4447 in
1962 4395 2133 4448 Galliae>
2169 4395 2386 4447 ecclesiis
