2930 4982
1156 356 1236 401 nn
1282 354 1608 401 cunnus.
2404 350 2526 408 393

256 495 286 535 «
329 475 547 551 tenteS,
581 477 656 539 ut
682 494 796 561 per
825 474 1106 562 glossam
1142 475 1582 542 communiter
1609 479 1927 564 receptam
1976 475 2072 567 (in
2105 497 2251 568 cap.
2303 477 2371 561 2,
2436 482 2534 549 De

253 599 285 639 «
324 574 665 642 verborum
682 576 1195 669 siqm'ficatz‘one)
1223 579 1465 669 passim
1483 579 1647 647 dixit
1662 579 1821 648 Rota
1836 606 1853 666 ;
1877 587 1940 649 et
1954 583 2290 669 signanter
2307 604 2528 652 coram

252 706 284 746 «
327 680 688 771 Pamphile,
731 682 1053 753 decisione
1097 684 1259 767 265,
1308 705 1377 751 n.
1418 683 1495 768 53
1541 689 1604 752 et
1653 705 1872 753 coram
1915 685 2327 777 Peutingero,
2360 689 2530 758 deci-

251 811 281 849 «
324 786 497 854 sione
532 786 694 873 1613
758 793 821 855 et
872 811 1094 858 coram
1148 789 1517 858 Alexandro
1563 788 1745 875 Vlll,
1800 790 2117 859 decisione
2158 793 2273 879 46,
2317 816 2385 863 n.
2444 795 2524 884 1;

249 918 280 957 «
319 899 379 960 et
424 893 466 960 6
511 893 821 961 februarii
855 895 1054 983 1696,
1108 901 1296 986 atque
1338 895 1427 962 28
1461 896 1755 984 januarii
1800 896 1999 979 1697,
2049 918 2265 965 coram
2311 897 2448 967 Pio.
2488 923 2522 964 »

244 997 441 1089 (Rota,
486 999 808 1068 decisione
841 1002 997 1087 101,
1025 1024 1096 1069 n.
1133 1002 1199 1085 2,
1233 1009 1394 1068 tom.
1424 1001 1508 1081 ll,
1544 1024 1767 1070 coram
1791 1002 2134 1091 Ansaldo.)

327 1129 362 1168 «
391 1103 586 1171 Juxta
613 1104 896 1173 formam
921 1107 1172 1196 praefati
1213 1107 1452 1192 statuti,
1484 1108 1657 1196 quod
1691 1114 2003 1197 tanquam
2048 1107 2389 1176 conditum
2424 1129 2539 1199 pro

240 1236 274 1276 «
316 1210 491 1276 felici
531 1215 697 1278 statu
745 1217 806 1279 et
845 1212 1167 1299 gubernio
1208 1212 1494 1280 ecclesiae
1552 1211 2107 1296 Gerundinensis‚
2169 1216 2538 1281 constanter

240 1341 274 1381 ι(
321 1317 569 1384 servari
602 1316 806 1384 debet.
839 1340 872 1381 »
912 1317 1348 1410 (Rota,.deciS.
1386 1318 1536 1401 115,
1565 1340 1787 1387 coram
1818 1318 2152 1401 Lancetta,
2184 1320 2253 1387 in
2278 1317 2536 1388 Gerun-

235 1422 513 1505 dinensi,
560 1422 630 1488 11
666 1423 1033 1492 decembris
1061 1424 1289 1512 1699.)
1324 1423 1506 1491 ldem
1536 1426 1764 1514 repetit
1795 1424 1957 1494 Rota
1986 1426 2119 1495 t’ere
2151 1424 2387 1494 iisdem
2413 1430 2538 1493 ter-

234 1528 445 1608 miniS,
487 1528 811 1596 decisione
845 1529 999 1616 193,
1034 1551 1250 1597 coram
1281 1530 1510 1596 eodem
1542 1529 1869 1598 Lancetta.

316 1633 659 1715 Praeterea,
700 1637 1052 1726 propositio
1102 1637 1243 1703 haec
1295 1635 1591 1724 sequitur
1640 1656 1713 1702 ex
1764 1634 2182 1725 praecedenti.
2239 1632 2311 1703 Si
2355 1633 2535 1703 enim

154 1800 170 1812 f
235 1745 549 1808 statutum
600 1742 952 1831 capitulare
1003 1742 1319 1810 rationem
1371 1742 1606 1810 habeat
1657 1741 1818 1831 legis
1874 1740 2135 1832 proprie
2189 1740 2402 1825 dictae,
2457 1762 2535 1810 eo

235 1848 398 1936 quod
427 1849 794 1939 capitulum
826 1850 1055 1919 habeat
1075 1851 1605 1941 jurisdictionem
1636 1850 1896 1941 proprie
1925 1848 2194 1933 dictam,
2235 1848 2536 1937 sequitur

234 1951 391 2022 illud
421 1957 496 2025 in
523 1964 914 2047 perpetuum
943 1958 1409 2047 obligationem
1440 1956 1775 2034 inducere,
1807 1976 1883 2023 ac
1923 1954 2196 2045 proinde
2224 1954 2537 2042 attingere

234 2080 651 2129 successores,
690 2062 770 2129 Et
796 2064 888 2130 ita
925 2063 1193 2151 quidem
1228 2063 1416 2130 nobis
1450 2061 1582 2128 dici
1622 2082 1806 2150 posse
1842 2060 2130 2145 videtur3
2164 2059 2275 2129 sed
2303 2081 2407 2129 res
2447 2065 2542 2129 est

231 2163 402 2232 inter
430 2167 720 2234 doctores
746 2174 1181 2248 controversa,
1209 2175 1502 2257 utsupra
1531 2167 1778 2234 adverti
1810 2168 2042 2255 potuit.

326 2269 709 2341 Pnorosrrio
744 2274 876 2342 13⁸.
931 2311 1022 2326 —·
1054 2275 1459 2363 Capitulum
1506 2284 1733 2363 potest
1804 2282 2222 2339 statutorum
2269 2293 2543 2340 suorum

237 2388 753 2468 transqressores
785 2381 1068 2472 punire.
1120 2417 1212 2433 -
1268 2408 1302 2446 α
1354 2379 1760 2471 Capitulum,
1816 2380 2014 2446 etiam
2094 2378 2242 2446 sede
2316 2378 2536 2468 plena,

242 2507 278 2547 ε(
322 2491 533 2573 potest
557 2508 779 2577 poenas
806 2486 1146 2578 imponere
1185 2484 1767 2575 transgressoribus
1799 2488 2187 2553 statutorum
2235 2506 2533 2553 suorum.

246 2615 281 2654 «
329 2590 654 2681 (Pirhing,
698 2595 778 2662 ad
824 2595 922 2662 tit.
958 2598 1055 2662 De
1082 2594 1475 2684 majoritate
1503 2604 1567 2660 et
1611 2590 1824 2673 obed„
1862 2614 1930 2659 n.
1981 2589 2092 2659 43.
2124 2628 2217 2642 —
2239 2589 2540 2680 Layman

245 2722 278 2758 «
328 2697 403 2762 in
448 2720 506 2765 c.
567 2700 735 2767 Cum
781 2722 1030 2784 omma,
1074 2704 1170 2768 De
1215 2701 1512 2781 constit„
1562 2722 1633 2767 n.
1683 2699 1775 2788 1.)
1817 2697 2102 2766 Tametsi
2148 2699 2333 2764 enim
2370 2695 2542 2783 capi·

249 2826 287 2862 a
329 2801 548 2867 tulum
599 2805 957 2892 cathedrale
1021 2806 1308 2874 absolute
1367 2805 1697 2894 loquendo
1749 2824 1884 2870 non
1940 2802 2178 2868 habeat
2233 2800 2544 2888 jurisdic-

247 2930 285 2968 «
327 2903 571 2971 tionem
592 2905 663 2972 in
683 2909 969 2991 ecclesia,
993 2912 1240 2977 vivente
1261 2911 1608 2999 Episcopo,
1633 2908 1921 2995 adeoque
1941 2926 2058 2973 nec
2076 2906 2219 2972 sine
2241 2904 2541 2995 Episcopi

249 3036 282 3073 «
330 3011 713 3079 auctoritate
748 3015 1021 3081 condere
1049 3016 1245 3103 possit
1269 3016 1446 3101 leges
1476 3021 1538 3080 et
1565 3017 1800 3080 statuta
1828 3010 2069 3100 quibus
2096 3009 2380 3078 ecclesiae
2407 3015 2543 3076 sta-

252 3142 286 3182 «
320 3122 452 3196 tuS,
504 3118 794 3207 antiquae
838 3120 1337 3188 consuetudines
1374 3126 1487 3187 aut
1516 3122 1671 3209 jura
1701 3123 2063 3200 mutentur,
2097 3116 2290 3184 habet
2328 3123 2544 3184 tamen

250 3248 284 3287 «
327 3229 581 3313 partem
620 3226 933 3314 aliquam,
969 3249 1084 3296 seu
1128 3249 1325 3295 usum
1369 3227 1589 3318 potius,
1613 3223 2113 3315 jurisdictionis,
2145 3223 2543 3312 siveasupe-

254 3355 287 3393 «
329 3328 525 3414 tiore,
556 3330 686 3398 sive
711 3355 826 3421 per
858 3333 1399 3401 consuetudinem
1426 3333 1849 3421 acquisitum,
1876 3329 2239 3399 secundum
2264 3329 2536 3398 modum

255 3460 287 3497 «
329 3435 902 3506 administrationis
943 3462 1111 3523 suae3
1149 3440 1307 3507 dum
1329 3439 1698 3530 capitulum
1727 3437 2070 3529 separatim
2097 3436 2179 3503 ab
2221 3434 2539 3526 Episcopo

254 3567 286 3606 «
330 3543 828 3628 consideratum,
854 3547 1184 3613 constituit
1213 3547 1562 3634 collegium
1596 3568 1706 3613 seu
1737 3544 2222 3612 universitatem
2249 3543 2538 3627 aliquam

254 3672 286 3709 «
331 3648 444 3714 cui
473 3655 705 3737 praeest
736 3650 1017 3718 decanus
1058 3657 1172 3718 aut
1199 3652 1582 3742 praepositus
1604 3653 1786 3739 juxta
1817 3650 2099 3717 diversas
2121 3646 2545 3715 ecclesiarum

253 3777 287 3817 ε(
332 3755 833 3824 consuetudines
851 3784 869 3843 ;
903 3758 1187 3845 adeoque
1219 3759 1358 3847 jam
1403 3763 1609 3848 potest
1652 3758 1824 3824 intra
1871 3755 2187 3824 terminos
2220 3744 2546 3840 potestatis

257 3884 290 3922 «
333 3883 465 3928 suae
506 3867 741 3929 statuta
776 3864 1008 3932 facere.
1047 3863 1129 3931 Et
1157 3872 1624 3953 consequenter
1651 3864 1734 3931 iis
1780 3861 2002 3953 (etiam
2034 3862 2175 3928 sine
2198 3855 2540 3945 Episcopo,

257 3989 290 4028 «
334 3988 447 4035 seu
488 3968 638 4036 licet
664 3968 1021 4061 Episcopus
1068 3977 1379 4064 statutum
1428 3993 1562 4039 non
1603 3966 2074 4062 approbaverit)
2121 3982 2383 4053 poenam
2428 3982 2542 4029 sen

260 4099 293 4135 ιι
329 4074 641 4142 mulctam
679 4076 953 4165 adJicere
984 4076 1186 4166 (verbi
1223 4077 1452 4166 gratia,
1491 4071 1962 4165 pecuniariam)
1984 4095 1999 4149 ;
2025 4076 2089 4137 et
2117 4090 2233 4158 per
2261 4066 2545 4135 substra-

262 4203 294 4241 «
340 4182 619 4250 ctionem
662 4182 997 4250 fructuum
1038 4188 1536 4271 transgressores
1579 4176 1965 4266 compellere
1993 4175 2071 4243 ad
2121 4195 2382 4265 poenam
2418 4178 2547 4240 sta-

262 4308 294 4345 «
338 4289 471 4353 tuto
504 4288 823 4355 decretam
860 4289 1258 4355 solvendam.
1302 4287 1471 4367 Quia
1513 4284 1580 4351 id
1620 4304 1987 4351 connexum
2011 4289 2107 4351 est
2138 4286 2202 4348 et
2244 4292 2545 4345 necessa-

267 4411 302 4451 «
348 4391 522 4460 rium
552 4393 633 4460 ad
670 4394 1110 4461 executionem
1151 4392 1313 4479 legis
1353 4398 1467 4459 aut
1498 4391 1752 4469 statuti3
1785 4396 1847 4457 et
1880 4388 2110 4478 regula
2145 4385 2401 4466 recepta
2420 4377 2536 4443 est·
