<?xml version="1.0" encoding="UTF-8"?>
<!DOCTYPE html PUBLIC "-//W3C//DTD XHTML 1.0 Transitional//EN"
    "http://www.w3.org/TR/xhtml1/DTD/xhtml1-transitional.dtd">
<html xmlns="http://www.w3.org/1999/xhtml" xml:lang="en" lang="en">
 <head>
  <title>
</title>
<meta http-equiv="Content-Type" content="text/html;charset=utf-8" />
  <meta name='ocr-system' content='tesseract 3.04.00' />
  <meta name='ocr-capabilities' content='ocr_page ocr_carea ocr_par ocr_line ocrx_word'/>
</head>
<body>
  <div class='ocr_page' id='page_1' title='image "./tractatusdecapi00bouigoog_0258.png"; bbox 0 0 2930 4982; ppageno 0'>
   <div class='ocr_carea' id='block_1_1' title="bbox 339 360 1643 416">
    <p class='ocr_par' dir='ltr' id='par_1_1' title="bbox 339 360 1643 416">
     <span class='ocr_line' id='line_1_1' title="bbox 339 360 1643 416; baseline -0.002 -2"><span class='ocrx_word' id='word_1_1' title='bbox 339 360 370 414; x_wconf 64' lang='lat'><strong>2</strong></span> <span class='ocrx_word' id='word_1_2' title='bbox 382 362 415 416; x_wconf 89' lang='grc'><strong>3</strong></span> <span class='ocrx_word' id='word_1_3' title='bbox 427 361 460 413; x_wconf 84' lang='grc'>8</span> <span class='ocrx_word' id='word_1_4' title='bbox 1302 365 1643 413; x_wconf 74' lang='lat' dir='ltr'>TRACTATUS</span> 
     </span>
    </p>
   </div>
   <div class='ocr_carea' id='block_1_2' title="bbox 331 478 2677 4507">
    <p class='ocr_par' dir='ltr' id='par_1_2' title="bbox 336 478 2624 1960">
     <span class='ocr_line' id='line_1_2' title="bbox 336 478 2616 573; baseline -0.002 -19"><span class='ocrx_word' id='word_1_5' title='bbox 336 488 651 573; x_wconf 83' lang='lat' dir='ltr'>cisionem</span> <span class='ocrx_word' id='word_1_6' title='bbox 668 485 842 554; x_wconf 83' lang='lat' dir='ltr'>Rotae</span> <span class='ocrx_word' id='word_1_7' title='bbox 864 486 933 553; x_wconf 90' lang='lat' dir='ltr'>in</span> <span class='ocrx_word' id='word_1_8' title='bbox 954 484 1365 571; x_wconf 80' lang='lat' dir='ltr'>Tirasonensi</span> <span class='ocrx_word' id='word_1_9' title='bbox 1384 482 1468 553; x_wconf 78' lang='lat'>27</span> <span class='ocrx_word' id='word_1_10' title='bbox 1493 484 1650 552; x_wconf 90' lang='lat' dir='ltr'>maii</span> <span class='ocrx_word' id='word_1_11' title='bbox 1676 482 1873 567; x_wconf 83' lang='lat'><strong>1588,</strong></span> <span class='ocrx_word' id='word_1_12' title='bbox 1897 503 2043 571; x_wconf 84' lang='lat' dir='ltr'>quae</span> <span class='ocrx_word' id='word_1_13' title='bbox 2066 478 2160 548; x_wconf 89' lang='lat' dir='ltr'>sic</span> <span class='ocrx_word' id='word_1_14' title='bbox 2173 479 2409 548; x_wconf 86' lang='lat' dir='ltr'>habet:</span> <span class='ocrx_word' id='word_1_15' title='bbox 2447 506 2481 544; x_wconf 92' lang='lat'>«</span> <span class='ocrx_word' id='word_1_16' title='bbox 2496 480 2616 549; x_wconf 90' lang='lat' dir='ltr'>Do-</span> 
     </span>
     <span class='ocr_line' id='line_1_3' title="bbox 342 587 2617 682; baseline -0 -25"><span class='ocrx_word' id='word_1_17' title='bbox 342 621 376 659; x_wconf 98' lang='lat'>«</span> <span class='ocrx_word' id='word_1_18' title='bbox 412 595 578 662; x_wconf 89' lang='lat' dir='ltr'>mini</span> <span class='ocrx_word' id='word_1_19' title='bbox 617 594 1023 662; x_wconf 91' lang='lat' dir='ltr'>concorditer</span> <span class='ocrx_word' id='word_1_20' title='bbox 1046 599 1402 659; x_wconf 86' lang='lat' dir='ltr'>tenuerunt</span> <span class='ocrx_word' id='word_1_21' title='bbox 1418 594 1528 682; x_wconf 86' lang='lat' dir='ltr'>jus</span> <span class='ocrx_word' id='word_1_22' title='bbox 1558 589 1989 681; x_wconf 86' lang='lat' dir='ltr'>praesentandi</span> <span class='ocrx_word' id='word_1_23' title='bbox 2026 593 2398 677; x_wconf 85' lang='lat' dir='ltr'>competens</span> <span class='ocrx_word' id='word_1_24' title='bbox 2447 587 2617 678; x_wconf 87' lang='lat' dir='ltr'>capi-</span> 
     </span>
     <span class='ocr_line' id='line_1_4' title="bbox 344 692 2619 788; baseline -0.003 -19"><span class='ocrx_word' id='word_1_25' title='bbox 344 730 378 770; x_wconf 90' lang='lat'>«</span> <span class='ocrx_word' id='word_1_26' title='bbox 407 702 544 771; x_wconf 91' lang='lat' dir='ltr'>tulo</span> <span class='ocrx_word' id='word_1_27' title='bbox 564 701 973 770; x_wconf 89' lang='lat' dir='ltr'>Tirasonensi</span> <span class='ocrx_word' id='word_1_28' title='bbox 995 700 1076 766; x_wconf 91' lang='lat' dir='ltr'>ad</span> <span class='ocrx_word' id='word_1_29' title='bbox 1098 699 1370 766; x_wconf 81' lang='lat' dir='ltr'>vicarias</span> <span class='ocrx_word' id='word_1_30' title='bbox 1393 700 1473 768; x_wconf 94' lang='lat' dir='ltr'>de</span> <span class='ocrx_word' id='word_1_31' title='bbox 1489 698 1728 788; x_wconf 88' lang='lat' dir='ltr'>quibus</span> <span class='ocrx_word' id='word_1_32' title='bbox 1746 697 1962 786; x_wconf 88' lang='lat' dir='ltr'>agitur</span> <span class='ocrx_word' id='word_1_33' title='bbox 1982 716 2114 764; x_wconf 92' lang='lat' dir='ltr'>non</span> <span class='ocrx_word' id='word_1_34' title='bbox 2135 715 2270 762; x_wconf 91' lang='lat' dir='ltr'>esse</span> <span class='ocrx_word' id='word_1_35' title='bbox 2289 692 2619 762; x_wconf 85' lang='lat' dir='ltr'>sublatum</span> 
     </span>
     <span class='ocr_line' id='line_1_5' title="bbox 345 800 2621 900; baseline -0.001 -29"><span class='ocrx_word' id='word_1_36' title='bbox 345 833 378 871; x_wconf 92' lang='lat'>«</span> <span class='ocrx_word' id='word_1_37' title='bbox 408 830 519 900; x_wconf 90' lang='lat' dir='ltr'>per</span> <span class='ocrx_word' id='word_1_38' title='bbox 547 806 904 876; x_wconf 89' lang='lat' dir='ltr'>concilium</span> <span class='ocrx_word' id='word_1_39' title='bbox 935 804 1394 873; x_wconf 87' lang='lat' dir='ltr'>Tridentinum</span> <span class='ocrx_word' id='word_1_40' title='bbox 1420 804 1598 896; x_wconf 87' lang='lat' dir='ltr'>(sess.</span> <span class='ocrx_word' id='word_1_41' title='bbox 1644 804 1756 888; x_wconf 80' lang='lat'>25,</span> <span class='ocrx_word' id='word_1_42' title='bbox 1786 826 1844 872; x_wconf 92' lang='lat' dir='ltr'>c.</span> <span class='ocrx_word' id='word_1_43' title='bbox 1888 802 2038 894; x_wconf 88' lang='lat'><strong>9)...</strong></span> <span class='ocrx_word' id='word_1_44' title='bbox 2068 800 2238 882; x_wconf 80' lang='lat' dir='ltr'>Quia</span> <span class='ocrx_word' id='word_1_45' title='bbox 2261 800 2621 891; x_wconf 89' lang='lat' dir='ltr'>capitulum</span> 
     </span>
     <span class='ocr_line' id='line_1_6' title="bbox 343 907 2621 1003; baseline -0.002 -22"><span class='ocrx_word' id='word_1_46' title='bbox 343 939 378 981; x_wconf 75' lang='grc' dir='ltr'>(ι</span> <span class='ocrx_word' id='word_1_47' title='bbox 407 914 828 983; x_wconf 87' lang='lat' dir='ltr'>Tirasonense</span> <span class='ocrx_word' id='word_1_48' title='bbox 857 933 991 980; x_wconf 90' lang='lat' dir='ltr'>non</span> <span class='ocrx_word' id='word_1_49' title='bbox 1023 912 1217 980; x_wconf 88' lang='lat' dir='ltr'>hahet</span> <span class='ocrx_word' id='word_1_50' title='bbox 1242 912 1366 981; x_wconf 94' lang='lat' dir='ltr'>hoc</span> <span class='ocrx_word' id='word_1_51' title='bbox 1385 915 1499 1003; x_wconf 86' lang='lat' dir='ltr'>jus</span> <span class='ocrx_word' id='word_1_52' title='bbox 1533 910 1960 1002; x_wconf 77' lang='lat' dir='ltr'>praesentandi</span> <span class='ocrx_word' id='word_1_53' title='bbox 1986 930 2062 983; x_wconf 84' lang='lat' dir='ltr'>ex</span> <span class='ocrx_word' id='word_1_54' title='bbox 2100 907 2471 998; x_wconf 89' lang='lat' dir='ltr'>privilegio,</span> <span class='ocrx_word' id='word_1_55' title='bbox 2518 908 2621 977; x_wconf 86' lang='lat' dir='ltr'>sed</span> 
     </span>
     <span class='ocr_line' id='line_1_7' title="bbox 343 1014 2622 1111; baseline -0.002 -24"><span class='ocrx_word' id='word_1_56' title='bbox 343 1048 378 1088; x_wconf 94' lang='lat'>«</span> <span class='ocrx_word' id='word_1_57' title='bbox 415 1044 490 1090; x_wconf 90' lang='lat' dir='ltr'>ex</span> <span class='ocrx_word' id='word_1_58' title='bbox 514 1020 928 1111; x_wconf 82' lang='lat' dir='ltr'><strong>dispositione</strong></span> <span class='ocrx_word' id='word_1_59' title='bbox 939 1019 1111 1109; x_wconf 87' lang='lat' dir='ltr'>juris</span> <span class='ocrx_word' id='word_1_60' title='bbox 1130 1019 1528 1088; x_wconf 89' lang='lat' dir='ltr'>communis.</span> <span class='ocrx_word' id='word_1_61' title='bbox 1564 1016 1735 1086; x_wconf 88' lang='lat' dir='ltr'>Cum</span> <span class='ocrx_word' id='word_1_62' title='bbox 1754 1017 1936 1084; x_wconf 90' lang='lat' dir='ltr'>enim</span> <span class='ocrx_word' id='word_1_63' title='bbox 1959 1014 2318 1106; x_wconf 87' lang='lat' dir='ltr'>capitulum</span> <span class='ocrx_word' id='word_1_64' title='bbox 2345 1018 2408 1080; x_wconf 88' lang='lat' dir='ltr'>et</span> <span class='ocrx_word' id='word_1_65' title='bbox 2428 1035 2622 1082; x_wconf 87' lang='lat' dir='ltr'>cano-</span> 
     </span>
     <span class='ocr_line' id='line_1_8' title="bbox 343 1120 2620 1215; baseline -0.003 -23"><span class='ocrx_word' id='word_1_66' title='bbox 343 1153 377 1192; x_wconf 85' lang='lat'>«</span> <span class='ocrx_word' id='word_1_67' title='bbox 408 1128 544 1195; x_wconf 88' lang='lat' dir='ltr'>nici</span> <span class='ocrx_word' id='word_1_68' title='bbox 572 1128 704 1194; x_wconf 89' lang='lat' dir='ltr'>sint</span> <span class='ocrx_word' id='word_1_69' title='bbox 732 1131 1032 1207; x_wconf 81' lang='lat' dir='ltr'>rectoreS,</span> <span class='ocrx_word' id='word_1_70' title='bbox 1053 1126 1131 1192; x_wconf 90' lang='lat' dir='ltr'>ad</span> <span class='ocrx_word' id='word_1_71' title='bbox 1155 1126 1326 1215; x_wconf 89' lang='lat' dir='ltr'>ipsos</span> <span class='ocrx_word' id='word_1_72' title='bbox 1353 1147 1427 1192; x_wconf 90' lang='lat' dir='ltr'>ex</span> <span class='ocrx_word' id='word_1_73' title='bbox 1456 1123 1876 1215; x_wconf 89' lang='lat' dir='ltr'>dispositione</span> <span class='ocrx_word' id='word_1_74' title='bbox 1886 1122 2059 1213; x_wconf 87' lang='lat' dir='ltr'>juris</span> <span class='ocrx_word' id='word_1_75' title='bbox 2089 1120 2464 1189; x_wconf 87' lang='lat' dir='ltr'>communis</span> <span class='ocrx_word' id='word_1_76' title='bbox 2482 1140 2620 1208; x_wconf 90' lang='lat' dir='ltr'>per-</span> 
     </span>
     <span class='ocr_line' id='line_1_9' title="bbox 345 1228 2616 1322; baseline -0.001 -27"><span class='ocrx_word' id='word_1_77' title='bbox 345 1258 379 1296; x_wconf 91' lang='lat'>«</span> <span class='ocrx_word' id='word_1_78' title='bbox 408 1234 567 1300; x_wconf 91' lang='lat' dir='ltr'>tinet</span> <span class='ocrx_word' id='word_1_79' title='bbox 572 1233 684 1321; x_wconf 87' lang='lat' dir='ltr'>jus</span> <span class='ocrx_word' id='word_1_80' title='bbox 704 1231 1134 1322; x_wconf 64' lang='lat' dir='ltr'>praesentandi</span> <span class='ocrx_word' id='word_1_81' title='bbox 1159 1230 1432 1298; x_wconf 84' lang='lat' dir='ltr'>vicarios</span> <span class='ocrx_word' id='word_1_82' title='bbox 1461 1230 1575 1319; x_wconf 89' lang='lat' dir='ltr'>qui</span> <span class='ocrx_word' id='word_1_83' title='bbox 1604 1234 1938 1297; x_wconf 81' lang='lat' dir='ltr'>exerceant</span> <span class='ocrx_word' id='word_1_84' title='bbox 1967 1249 2194 1297; x_wconf 90' lang='lat' dir='ltr'>curam</span> <span class='ocrx_word' id='word_1_85' title='bbox 2220 1228 2616 1306; x_wconf 90' lang='lat' dir='ltr'>animarum,</span> 
     </span>
     <span class='ocr_line' id='line_1_10' title="bbox 345 1335 2624 1414; baseline -0.001 -10"><span class='ocrx_word' id='word_1_86' title='bbox 345 1366 378 1404; x_wconf 89' lang='lat'>«</span> <span class='ocrx_word' id='word_1_87' title='bbox 411 1344 475 1407; x_wconf 92' lang='lat' dir='ltr'>et</span> <span class='ocrx_word' id='word_1_88' title='bbox 519 1343 594 1405; x_wconf 92' lang='lat' dir='ltr'>ut</span> <span class='ocrx_word' id='word_1_89' title='bbox 640 1337 995 1406; x_wconf 79' lang='lat' dir='ltr'>sustineant</span> <span class='ocrx_word' id='word_1_90' title='bbox 1020 1338 1191 1405; x_wconf 86' lang='lat' dir='ltr'>vices</span> <span class='ocrx_word' id='word_1_91' title='bbox 1218 1358 1364 1404; x_wconf 90' lang='lat' dir='ltr'>suas</span> <span class='ocrx_word' id='word_1_92' title='bbox 1389 1344 1451 1405; x_wconf 91' lang='lat' dir='ltr'>et</span> <span class='ocrx_word' id='word_1_93' title='bbox 1496 1335 1860 1404; x_wconf 83' lang='lat' dir='ltr'>deserviant</span> <span class='ocrx_word' id='word_1_94' title='bbox 1885 1335 1955 1402; x_wconf 89' lang='lat' dir='ltr'>in</span> <span class='ocrx_word' id='word_1_95' title='bbox 2007 1335 2234 1402; x_wconf 91' lang='lat' dir='ltr'>locum</span> <span class='ocrx_word' id='word_1_96' title='bbox 2281 1356 2511 1414; x_wconf 90' lang='lat' dir='ltr'>suum;</span> <span class='ocrx_word' id='word_1_97' title='bbox 2567 1340 2624 1402; x_wconf 91' lang='lat' dir='ltr'>et</span> 
     </span>
     <span class='ocr_line' id='line_1_11' title="bbox 346 1442 2623 1535; baseline 0.002 -27"><span class='ocrx_word' id='word_1_98' title='bbox 346 1449 509 1535; x_wconf 79' lang='lat' dir='ltr'>«Jus</span> <span class='ocrx_word' id='word_1_99' title='bbox 547 1445 928 1512; x_wconf 88' lang='lat' dir='ltr'>instituendi</span> <span class='ocrx_word' id='word_1_100' title='bbox 965 1449 1205 1535; x_wconf 86' lang='lat' dir='ltr'>spectat</span> <span class='ocrx_word' id='word_1_101' title='bbox 1247 1444 1328 1511; x_wconf 92' lang='lat' dir='ltr'>ad</span> <span class='ocrx_word' id='word_1_102' title='bbox 1365 1443 1420 1511; x_wconf 91' lang='lat' dir='ltr'>E</span> <span class='ocrx_word' id='word_1_103' title='bbox 1469 1444 1791 1534; x_wconf 90' lang='lat' dir='ltr'>iscopum.</span> <span class='ocrx_word' id='word_1_104' title='bbox 1822 1467 1856 1508; x_wconf 90' lang='lat'>»</span> <span class='ocrx_word' id='word_1_105' title='bbox 1905 1442 2224 1511; x_wconf 72' lang='lat' dir='ltr'>A&#39;dduetis</span> <span class='ocrx_word' id='word_1_106' title='bbox 2260 1444 2455 1510; x_wconf 86' lang='lat' dir='ltr'>variis</span> <span class='ocrx_word' id='word_1_107' title='bbox 2483 1444 2623 1513; x_wconf 87' lang='lat' dir='ltr'>aliis</span> 
     </span>
     <span class='ocr_line' id='line_1_12' title="bbox 338 1548 2621 1641; baseline 0 -21"><span class='ocrx_word' id='word_1_108' title='bbox 338 1551 855 1635; x_wconf 85' lang='lat' dir='ltr'>auctoritatibus,</span> <span class='ocrx_word' id='word_1_109' title='bbox 911 1556 972 1619; x_wconf 92' lang='lat' dir='ltr'>et</span> <span class='ocrx_word' id='word_1_110' title='bbox 1000 1551 1360 1641; x_wconf 74' lang='lat' dir='ltr'>praesertim</span> <span class='ocrx_word' id='word_1_111' title='bbox 1454 1551 1603 1618; x_wconf 90' lang='lat' dir='ltr'>iana</span> <span class='ocrx_word' id='word_1_112' title='bbox 1634 1549 1839 1636; x_wconf 90' lang='lat' dir='ltr'>bulla,</span> <span class='ocrx_word' id='word_1_113' title='bbox 1866 1551 1959 1617; x_wconf 88' lang='lat' dir='ltr'>sic</span> <span class='ocrx_word' id='word_1_114' title='bbox 1989 1549 2327 1617; x_wconf 85' lang='lat' dir='ltr'>concludit</span> <span class='ocrx_word' id='word_1_115' title='bbox 2365 1548 2621 1620; x_wconf 82' lang='lat' dir='ltr'>Garoias</span> 
     </span>
     <span class='ocr_line' id='line_1_13' title="bbox 338 1655 2619 1746; baseline -0.002 -21"><span class='ocrx_word' id='word_1_116' title='bbox 338 1680 406 1725; x_wconf 92' lang='lat' dir='ltr'>n.</span> <span class='ocrx_word' id='word_1_117' title='bbox 439 1657 568 1725; x_wconf 79' lang='lat'>293</span> <span class='ocrx_word' id='word_1_118' title='bbox 604 1681 620 1725; x_wconf 70' lang='grc' dir='ltr'><strong><em>ε</em></strong></span> <span class='ocrx_word' id='word_1_119' title='bbox 660 1684 694 1722; x_wconf 88' lang='lat'>«</span> <span class='ocrx_word' id='word_1_120' title='bbox 716 1656 903 1725; x_wconf 91' lang='lat' dir='ltr'>Unde</span> <span class='ocrx_word' id='word_1_121' title='bbox 930 1658 1001 1724; x_wconf 91' lang='lat' dir='ltr'>in</span> <span class='ocrx_word' id='word_1_122' title='bbox 1022 1655 1404 1746; x_wconf 87' lang='lat' dir='ltr'>hujusmodi</span> <span class='ocrx_word' id='word_1_123' title='bbox 1430 1656 1689 1724; x_wconf 84' lang='lat' dir='ltr'>vicariis</span> <span class='ocrx_word' id='word_1_124' title='bbox 1710 1677 1844 1724; x_wconf 91' lang='lat' dir='ltr'>non</span> <span class='ocrx_word' id='word_1_125' title='bbox 1876 1655 2091 1723; x_wconf 90' lang='lat' dir='ltr'>solum</span> <span class='ocrx_word' id='word_1_126' title='bbox 2113 1676 2245 1722; x_wconf 92' lang='lat' dir='ltr'>non</span> <span class='ocrx_word' id='word_1_127' title='bbox 2271 1655 2619 1743; x_wconf 84' lang='lat' dir='ltr'>requiritur</span> 
     </span>
     <span class='ocr_line' id='line_1_14' title="bbox 344 1761 2621 1849; baseline 0.001 -23"><span class='ocrx_word' id='word_1_128' title='bbox 344 1788 377 1826; x_wconf 90' lang='lat'>«</span> <span class='ocrx_word' id='word_1_129' title='bbox 408 1785 789 1843; x_wconf 88' lang='lat' dir='ltr'>concursus,</span> <span class='ocrx_word' id='word_1_130' title='bbox 819 1764 928 1832; x_wconf 90' lang='lat' dir='ltr'>sed</span> <span class='ocrx_word' id='word_1_131' title='bbox 954 1784 1075 1830; x_wconf 91' lang='lat' dir='ltr'>nec</span> <span class='ocrx_word' id='word_1_132' title='bbox 1100 1784 1369 1830; x_wconf 84' lang='lat' dir='ltr'>examen</span> <span class='ocrx_word' id='word_1_133' title='bbox 1406 1763 1726 1831; x_wconf 90' lang='lat' dir='ltr'>nominati</span> <span class='ocrx_word' id='word_1_134' title='bbox 1761 1784 1915 1831; x_wconf 91' lang='lat' dir='ltr'>cum</span> <span class='ocrx_word' id='word_1_135' title='bbox 1956 1761 2499 1830; x_wconf 85' lang='lat' dir='ltr'>examinatoribus</span> <span class='ocrx_word' id='word_1_136' title='bbox 2519 1781 2621 1849; x_wconf 65' lang='lat' dir='ltr'>sy-</span> 
     </span>
     <span class='ocr_line' id='line_1_15' title="bbox 346 1868 2485 1960; baseline -0.002 -24"><span class='ocrx_word' id='word_1_137' title='bbox 346 1895 381 1936; x_wconf 89' lang='lat'>«</span> <span class='ocrx_word' id='word_1_138' title='bbox 408 1869 752 1938; x_wconf 90' lang='lat' dir='ltr'>nodalibus</span> <span class='ocrx_word' id='word_1_139' title='bbox 770 1896 788 1957; x_wconf 90' lang='lat'>;</span> <span class='ocrx_word' id='word_1_140' title='bbox 818 1868 927 1937; x_wconf 91' lang='lat' dir='ltr'>sed</span> <span class='ocrx_word' id='word_1_141' title='bbox 966 1869 1241 1937; x_wconf 85' lang='lat' dir='ltr'>sufficiet</span> <span class='ocrx_word' id='word_1_142' title='bbox 1272 1890 1542 1937; x_wconf 86' lang='lat' dir='ltr'>examen</span> <span class='ocrx_word' id='word_1_143' title='bbox 1577 1874 1640 1936; x_wconf 94' lang='lat' dir='ltr'>et</span> <span class='ocrx_word' id='word_1_144' title='bbox 1667 1868 2042 1960; x_wconf 84' lang='lat' dir='ltr'>approbatio</span> <span class='ocrx_word' id='word_1_145' title='bbox 2073 1868 2428 1936; x_wconf 87' lang='lat' dir='ltr'>Ordinarii.</span> <span class='ocrx_word' id='word_1_146' title='bbox 2450 1891 2485 1932; x_wconf 80' lang='lat'>»</span> 
     </span>
    </p>

    <p class='ocr_par' dir='ltr' id='par_1_3' title="bbox 337 1974 2677 3319">
     <span class='ocr_line' id='line_1_16' title="bbox 424 1974 2623 2066; baseline 0 -24"><span class='ocrx_word' id='word_1_147' title='bbox 424 1975 740 2043; x_wconf 91' lang='lat' dir='ltr'>Eamdem</span> <span class='ocrx_word' id='word_1_148' title='bbox 764 1974 1127 2066; x_wconf 90' lang='lat' dir='ltr'>reperimus</span> <span class='ocrx_word' id='word_1_149' title='bbox 1146 1975 1511 2043; x_wconf 85' lang='lat' dir='ltr'>doctrinam</span> <span class='ocrx_word' id='word_1_150' title='bbox 1529 1975 1703 2066; x_wconf 92' lang='lat' dir='ltr'>apud</span> <span class='ocrx_word' id='word_1_151' title='bbox 1724 1974 2124 2043; x_wconf 89' lang='lat' dir='ltr'>Leurenium</span> <span class='ocrx_word' id='word_1_152' title='bbox 2152 1975 2426 2066; x_wconf 77' lang='lat' dir='ltr'>(Forum</span> <span class='ocrx_word' id='word_1_153' title='bbox 2448 1974 2623 2043; x_wconf 80' lang='lat' dir='ltr'>bene-</span> 
     </span>
     <span class='ocr_line' id='line_1_17' title="bbox 337 2080 2624 2171; baseline 0 -21"><span class='ocrx_word' id='word_1_154' title='bbox 337 2082 585 2171; x_wconf 79' lang='lat' dir='ltr'>ficiale,</span> <span class='ocrx_word' id='word_1_155' title='bbox 614 2087 790 2171; x_wconf 87' lang='lat' dir='ltr'>parte</span> <span class='ocrx_word' id='word_1_156' title='bbox 824 2105 871 2162; x_wconf 79' lang='grc' dir='ltr'>ι,</span> <span class='ocrx_word' id='word_1_157' title='bbox 905 2103 964 2149; x_wconf 92' lang='lat' dir='ltr'>c.</span> <span class='ocrx_word' id='word_1_158' title='bbox 999 2080 1069 2169; x_wconf 88' lang='lat'>3,</span> <span class='ocrx_word' id='word_1_159' title='bbox 1102 2086 1328 2171; x_wconf 83' lang='lat' dir='ltr'>quaest.</span> <span class='ocrx_word' id='word_1_160' title='bbox 1367 2081 1522 2170; x_wconf 89' lang='grc'>116)</span> <span class='ocrx_word' id='word_1_161' title='bbox 1553 2105 1570 2148; x_wconf 85' lang='lat'>:</span> <span class='ocrx_word' id='word_1_162' title='bbox 1608 2106 1644 2145; x_wconf 91' lang='lat'>«</span> <span class='ocrx_word' id='word_1_163' title='bbox 1674 2081 1736 2150; x_wconf 88' lang='lat' dir='ltr'><strong>A</strong></span> <span class='ocrx_word' id='word_1_164' title='bbox 1763 2104 1896 2171; x_wconf 90' lang='lat' dir='ltr'>quo</span> <span class='ocrx_word' id='word_1_165' title='bbox 1928 2081 2366 2150; x_wconf 87' lang='lat' dir='ltr'>constituendi</span> <span class='ocrx_word' id='word_1_166' title='bbox 2404 2081 2624 2151; x_wconf 85' lang='lat' dir='ltr'>vicarii</span> 
     </span>
     <span class='ocr_line' id='line_1_18' title="bbox 345 2187 2677 2279; baseline 0.002 -28"><span class='ocrx_word' id='word_1_167' title='bbox 345 2211 381 2252; x_wconf 87' lang='lat'>«</span> <span class='ocrx_word' id='word_1_168' title='bbox 413 2188 747 2278; x_wconf 71' lang='lat' dir='ltr'>perpetui?</span> <span class='ocrx_word' id='word_1_169' title='bbox 776 2187 1151 2278; x_wconf 91' lang='lat' dir='ltr'>Respondeo</span> <span class='ocrx_word' id='word_1_170' title='bbox 1179 2188 1391 2278; x_wconf 93' lang='lat' dir='ltr'>primo</span> <span class='ocrx_word' id='word_1_171' title='bbox 1420 2188 1494 2255; x_wconf 90' lang='lat' dir='ltr'>in</span> <span class='ocrx_word' id='word_1_172' title='bbox 1542 2209 1774 2277; x_wconf 84' lang='lat' dir='ltr'>genere</span> <span class='ocrx_word' id='word_1_173' title='bbox 1826 2212 1842 2256; x_wconf 75' lang='grc' dir='ltr'><strong>ε</strong></span> <span class='ocrx_word' id='word_1_174' title='bbox 1889 2188 2212 2258; x_wconf 78' lang='lat' dir='ltr'>vicarium</span> <span class='ocrx_word' id='word_1_175' title='bbox 2241 2193 2623 2279; x_wconf 85' lang='lat' dir='ltr'>perpetuum</span> <span class='ocrx_word' id='word_1_176' title='bbox 2670 2200 2677 2205; x_wconf 77' lang='grc'><strong>“</strong></span> 
     </span>
     <span class='ocr_line' id='line_1_19' title="bbox 346 2292 2624 2385; baseline 0.002 -28"><span class='ocrx_word' id='word_1_177' title='bbox 346 2316 380 2357; x_wconf 80' lang='grc' dir='ltr'>(ι</span> <span class='ocrx_word' id='word_1_178' title='bbox 412 2313 545 2360; x_wconf 91' lang='lat' dir='ltr'>non</span> <span class='ocrx_word' id='word_1_179' title='bbox 574 2293 875 2361; x_wconf 89' lang='lat' dir='ltr'>constitui</span> <span class='ocrx_word' id='word_1_180' title='bbox 904 2292 1033 2361; x_wconf 92' lang='lat' dir='ltr'>nisi</span> <span class='ocrx_word' id='word_1_181' title='bbox 1057 2294 1161 2361; x_wconf 86' lang='lat' dir='ltr'>vel</span> <span class='ocrx_word' id='word_1_182' title='bbox 1190 2316 1306 2384; x_wconf 92' lang='lat' dir='ltr'>per</span> <span class='ocrx_word' id='word_1_183' title='bbox 1329 2293 1598 2385; x_wconf 86' lang='lat' dir='ltr'>Papam,</span> <span class='ocrx_word' id='word_1_184' title='bbox 1637 2293 1739 2361; x_wconf 80' lang='lat' dir='ltr'>vel</span> <span class='ocrx_word' id='word_1_185' title='bbox 1780 2316 1897 2384; x_wconf 92' lang='lat' dir='ltr'>per</span> <span class='ocrx_word' id='word_1_186' title='bbox 1932 2293 2358 2385; x_wconf 88' lang='lat' dir='ltr'>Episcopum,</span> <span class='ocrx_word' id='word_1_187' title='bbox 2384 2295 2489 2362; x_wconf 79' lang='lat' dir='ltr'>vel</span> <span class='ocrx_word' id='word_1_188' title='bbox 2516 2316 2624 2385; x_wconf 89' lang='lat' dir='ltr'>per</span> 
     </span>
     <span class='ocr_line' id='line_1_20' title="bbox 351 2397 2624 2489; baseline 0.005 -30"><span class='ocrx_word' id='word_1_189' title='bbox 351 2397 634 2486; x_wconf 87' lang='lat' dir='ltr'>«ipsum</span> <span class='ocrx_word' id='word_1_190' title='bbox 664 2405 964 2466; x_wconf 90' lang='lat' dir='ltr'>curatum</span> <span class='ocrx_word' id='word_1_191' title='bbox 992 2421 1105 2467; x_wconf 92' lang='lat' dir='ltr'>seu</span> <span class='ocrx_word' id='word_1_192' title='bbox 1134 2398 1566 2489; x_wconf 89' lang='lat' dir='ltr'>principalem</span> <span class='ocrx_word' id='word_1_193' title='bbox 1591 2404 1930 2469; x_wconf 87' lang='lat' dir='ltr'>rectorem.</span> <span class='ocrx_word' id='word_1_194' title='bbox 1964 2400 2081 2468; x_wconf 83' lang='lat' dir='ltr'>Hae</span> <span class='ocrx_word' id='word_1_195' title='bbox 2106 2400 2285 2470; x_wconf 89' lang='lat' dir='ltr'>enim</span> <span class='ocrx_word' id='word_1_196' title='bbox 2322 2406 2476 2470; x_wconf 88' lang='lat' dir='ltr'>sunt</span> <span class='ocrx_word' id='word_1_197' title='bbox 2503 2408 2624 2471; x_wconf 88' lang='lat' dir='ltr'>tres</span> 
     </span>
     <span class='ocr_line' id='line_1_21' title="bbox 346 2503 2651 2599; baseline 0.005 -33"><span class='ocrx_word' id='word_1_198' title='bbox 346 2528 381 2566; x_wconf 84' lang='lat'>«</span> <span class='ocrx_word' id='word_1_199' title='bbox 413 2503 543 2571; x_wconf 85' lang='lat' dir='ltr'>illae</span> <span class='ocrx_word' id='word_1_200' title='bbox 586 2526 908 2593; x_wconf 81' lang='lat' dir='ltr'>personae,</span> <span class='ocrx_word' id='word_1_201' title='bbox 967 2527 1007 2573; x_wconf 92' lang='lat' dir='ltr'>a</span> <span class='ocrx_word' id='word_1_202' title='bbox 1034 2505 1275 2594; x_wconf 88' lang='lat' dir='ltr'>quibus</span> <span class='ocrx_word' id='word_1_203' title='bbox 1313 2507 1588 2574; x_wconf 92' lang='lat' dir='ltr'>omnino</span> <span class='ocrx_word' id='word_1_204' title='bbox 1619 2529 1877 2575; x_wconf 91' lang='lat' dir='ltr'>necesse</span> <span class='ocrx_word' id='word_1_205' title='bbox 1928 2514 2021 2576; x_wconf 88' lang='lat' dir='ltr'>est</span> <span class='ocrx_word' id='word_1_206' title='bbox 2046 2509 2348 2599; x_wconf 86' lang='lat' dir='ltr'>pendere,</span> <span class='ocrx_word' id='word_1_207' title='bbox 2392 2514 2454 2577; x_wconf 89' lang='lat' dir='ltr'>et</span> <span class='ocrx_word' id='word_1_208' title='bbox 2481 2510 2651 2598; x_wconf 13' lang='lat' dir='ltr'>qui-1</span> 
     </span>
     <span class='ocr_line' id='line_1_22' title="bbox 346 2609 2622 2707; baseline 0.004 -32"><span class='ocrx_word' id='word_1_209' title='bbox 346 2634 382 2675; x_wconf 83' lang='lat'>«</span> <span class='ocrx_word' id='word_1_210' title='bbox 415 2609 563 2676; x_wconf 91' lang='lat' dir='ltr'>dem</span> <span class='ocrx_word' id='word_1_211' title='bbox 592 2610 965 2677; x_wconf 85' lang='lat' dir='ltr'>immediate</span> <span class='ocrx_word' id='word_1_212' title='bbox 1008 2613 1489 2701; x_wconf 87' lang='lat' dir='ltr'>cujuscumque</span> <span class='ocrx_word' id='word_1_213' title='bbox 1515 2612 1801 2690; x_wconf 84' lang='lat' dir='ltr'>ecclesiae</span> <span class='ocrx_word' id='word_1_214' title='bbox 1829 2635 2080 2683; x_wconf 90' lang='lat' dir='ltr'>curam.</span> <span class='ocrx_word' id='word_1_215' title='bbox 2131 2615 2495 2707; x_wconf 88' lang='lat' dir='ltr'>Respondeo</span> <span class='ocrx_word' id='word_1_216' title='bbox 2520 2636 2622 2683; x_wconf 89' lang='lat' dir='ltr'>se-</span> 
     </span>
     <span class='ocr_line' id='line_1_23' title="bbox 348 2714 2619 2810; baseline 0.004 -31"><span class='ocrx_word' id='word_1_217' title='bbox 348 2740 381 2779; x_wconf 91' lang='lat'>«</span> <span class='ocrx_word' id='word_1_218' title='bbox 410 2715 623 2783; x_wconf 91' lang='lat' dir='ltr'>cundo</span> <span class='ocrx_word' id='word_1_219' title='bbox 641 2714 710 2782; x_wconf 92' lang='lat' dir='ltr'>in</span> <span class='ocrx_word' id='word_1_220' title='bbox 730 2715 1103 2807; x_wconf 80' lang='lat' dir='ltr'>particulari</span> <span class='ocrx_word' id='word_1_221' title='bbox 1125 2740 1141 2784; x_wconf 72' lang='grc' dir='ltr'><strong><em>ε</em></strong></span> <span class='ocrx_word' id='word_1_222' title='bbox 1161 2717 1434 2787; x_wconf 78' lang='lat' dir='ltr'>vicarios</span> <span class='ocrx_word' id='word_1_223' title='bbox 1454 2724 1794 2810; x_wconf 90' lang='lat' dir='ltr'>perpetuos</span> <span class='ocrx_word' id='word_1_224' title='bbox 1810 2719 1877 2786; x_wconf 88' lang='lat' dir='ltr'>in</span> <span class='ocrx_word' id='word_1_225' title='bbox 1897 2721 2376 2810; x_wconf 88' lang='lat' dir='ltr'>parochialibus</span> <span class='ocrx_word' id='word_1_226' title='bbox 2395 2722 2619 2805; x_wconf 77' lang='lat' dir='ltr'>unitiS,</span> 
     </span>
     <span class='ocr_line' id='line_1_24' title="bbox 346 2817 2621 2918; baseline 0.004 -31"><span class='ocrx_word' id='word_1_227' title='bbox 346 2843 549 2906; x_wconf 89' lang='lat' dir='ltr'>«non</span> <span class='ocrx_word' id='word_1_228' title='bbox 573 2821 652 2889; x_wconf 91' lang='lat' dir='ltr'>ad</span> <span class='ocrx_word' id='word_1_229' title='bbox 677 2821 947 2890; x_wconf 86' lang='lat' dir='ltr'>liberam</span> <span class='ocrx_word' id='word_1_230' title='bbox 984 2821 1484 2892; x_wconf 89' lang='lat' dir='ltr'>Ordinariorum</span> <span class='ocrx_word' id='word_1_231' title='bbox 1509 2824 2020 2918; x_wconf 81' lang='lat' dir='ltr'>deputationem‚</span> <span class='ocrx_word' id='word_1_232' title='bbox 2059 2817 2168 2895; x_wconf 86' lang='lat' dir='ltr'>sed</span> <span class='ocrx_word' id='word_1_233' title='bbox 2202 2829 2283 2896; x_wconf 93' lang='lat' dir='ltr'>ad</span> <span class='ocrx_word' id='word_1_234' title='bbox 2324 2830 2621 2897; x_wconf 87' lang='lat' dir='ltr'>nomina-</span> 
     </span>
     <span class='ocr_line' id='line_1_25' title="bbox 348 2929 2619 3021; baseline 0.003 -27"><span class='ocrx_word' id='word_1_235' title='bbox 348 2956 382 2994; x_wconf 93' lang='lat'>«</span> <span class='ocrx_word' id='word_1_236' title='bbox 404 2929 649 2998; x_wconf 89' lang='lat' dir='ltr'>tionem</span> <span class='ocrx_word' id='word_1_237' title='bbox 673 2929 939 3006; x_wconf 82' lang='lat' dir='ltr'>illorum</span> <span class='ocrx_word' id='word_1_238' title='bbox 959 2929 1040 2997; x_wconf 87' lang='lat' dir='ltr'>ad</span> <span class='ocrx_word' id='word_1_239' title='bbox 1066 2952 1229 3019; x_wconf 90' lang='lat' dir='ltr'>quos</span> <span class='ocrx_word' id='word_1_240' title='bbox 1249 2938 1539 3021; x_wconf 85' lang='lat' dir='ltr'>spectant</span> <span class='ocrx_word' id='word_1_241' title='bbox 1562 2931 1851 3000; x_wconf 85' lang='lat' dir='ltr'>ecclesiae</span> <span class='ocrx_word' id='word_1_242' title='bbox 1867 2934 2067 3001; x_wconf 84' lang='lat' dir='ltr'>unitae</span> <span class='ocrx_word' id='word_1_243' title='bbox 2089 2934 2192 3003; x_wconf 85' lang='lat' dir='ltr'>vel</span> <span class='ocrx_word' id='word_1_244' title='bbox 2216 2935 2534 3003; x_wconf 87' lang='lat' dir='ltr'>beneficia</span> <span class='ocrx_word' id='word_1_245' title='bbox 2555 2934 2619 3002; x_wconf 91' lang='lat' dir='ltr'>in</span> 
     </span>
     <span class='ocr_line' id='line_1_26' title="bbox 346 3024 2609 3128; baseline 0.004 -31"><span class='ocrx_word' id='word_1_246' title='bbox 346 3059 381 3128; x_wconf 85' lang='lat'>«</span> <span class='ocrx_word' id='word_1_247' title='bbox 407 3034 647 3121; x_wconf 88' lang='lat' dir='ltr'>quibus</span> <span class='ocrx_word' id='word_1_248' title='bbox 675 3036 954 3123; x_wconf 75' lang='lat' dir='ltr'>erigitur</span> <span class='ocrx_word' id='word_1_249' title='bbox 976 3035 1242 3123; x_wconf 84' lang='lat' dir='ltr'>vicaria,</span> <span class='ocrx_word' id='word_1_250' title='bbox 1270 3042 1576 3127; x_wconf 84' lang='lat' dir='ltr'>spectare.</span> <span class='ocrx_word' id='word_1_251' title='bbox 1599 3035 1707 3106; x_wconf 87' lang='lat' dir='ltr'>Sic</span> <span class='ocrx_word' id='word_1_252' title='bbox 1732 3059 2023 3128; x_wconf 88' lang='lat' dir='ltr'>expresse</span> <span class='ocrx_word' id='word_1_253' title='bbox 2052 3024 2455 3110; x_wconf 87' lang='lat' dir='ltr'>statuitPius</span> <span class='ocrx_word' id='word_1_254' title='bbox 2474 3039 2556 3110; x_wconf 88' lang='lat' dir='ltr'>V.</span> <span class='ocrx_word' id='word_1_255' title='bbox 2577 3066 2609 3105; x_wconf 85' lang='lat'>»</span> 
     </span>
     <span class='ocr_line' id='line_1_27' title="bbox 337 3138 2613 3234; baseline 0.004 -27"><span class='ocrx_word' id='word_1_256' title='bbox 337 3138 905 3230; x_wconf 76' lang='lat' dir='ltr'>supervacaneum</span> <span class='ocrx_word' id='word_1_257' title='bbox 932 3148 1117 3229; x_wconf 84' lang='lat' dir='ltr'>esset,</span> <span class='ocrx_word' id='word_1_258' title='bbox 1147 3143 1335 3233; x_wconf 90' lang='lat' dir='ltr'>plura</span> <span class='ocrx_word' id='word_1_259' title='bbox 1355 3145 1836 3212; x_wconf 88' lang='lat' dir='ltr'>canonistarum</span> <span class='ocrx_word' id='word_1_260' title='bbox 1860 3166 2204 3234; x_wconf 86' lang='lat' dir='ltr'>congerere</span> <span class='ocrx_word' id='word_1_261' title='bbox 2232 3147 2613 3227; x_wconf 85' lang='lat' dir='ltr'>testimonia,</span> 
     </span>
     <span class='ocr_line' id='line_1_28' title="bbox 337 3246 2261 3319; baseline 0.004 -8"><span class='ocrx_word' id='word_1_262' title='bbox 337 3265 490 3312; x_wconf 90' lang='lat' dir='ltr'>cum</span> <span class='ocrx_word' id='word_1_263' title='bbox 516 3248 589 3313; x_wconf 91' lang='lat' dir='ltr'>in</span> <span class='ocrx_word' id='word_1_264' title='bbox 611 3246 734 3315; x_wconf 91' lang='lat' dir='ltr'>hac</span> <span class='ocrx_word' id='word_1_265' title='bbox 768 3248 1040 3316; x_wconf 91' lang='lat' dir='ltr'>materia</span> <span class='ocrx_word' id='word_1_266' title='bbox 1061 3251 1435 3318; x_wconf 89' lang='lat' dir='ltr'>communis</span> <span class='ocrx_word' id='word_1_267' title='bbox 1464 3252 1546 3317; x_wconf 90' lang='lat' dir='ltr'>sit</span> <span class='ocrx_word' id='word_1_268' title='bbox 1570 3272 1800 3318; x_wconf 90' lang='lat' dir='ltr'>eorum</span> <span class='ocrx_word' id='word_1_269' title='bbox 1827 3252 2162 3319; x_wconf 89' lang='lat' dir='ltr'>sententia.</span> <span class='ocrx_word' id='word_1_270' title='bbox 2258 3267 2261 3272; x_wconf 84' lang='grc'><strong><em>·</em></strong></span> 
     </span>
    </p>

    <p class='ocr_par' dir='ltr' id='par_1_4' title="bbox 333 3339 2617 3866">
     <span class='ocr_line' id='line_1_29' title="bbox 425 3339 2615 3442; baseline 0.002 -25"><span class='ocrx_word' id='word_1_271' title='bbox 425 3349 841 3420; x_wconf 81' lang='lat' dir='ltr'>Contrarium</span> <span class='ocrx_word' id='word_1_272' title='bbox 854 3353 1120 3442; x_wconf 90' lang='lat' dir='ltr'>quidem</span> <span class='ocrx_word' id='word_1_273' title='bbox 1131 3361 1223 3423; x_wconf 90' lang='lat' dir='ltr'>est</span> <span class='ocrx_word' id='word_1_274' title='bbox 1241 3357 1577 3425; x_wconf 88' lang='lat' dir='ltr'>decretum</span> <span class='ocrx_word' id='word_1_275' title='bbox 1596 3357 1684 3424; x_wconf 79' lang='lat'>24</span> <span class='ocrx_word' id='word_1_276' title='bbox 1697 3339 1967 3426; x_wconf 86' lang='lat' dir='ltr'>actionis</span> <span class='ocrx_word' id='word_1_277' title='bbox 1985 3358 2027 3425; x_wconf 80' lang='lat'>2</span> <span class='ocrx_word' id='word_1_278' title='bbox 2048 3356 2309 3426; x_wconf 90' lang='lat' dir='ltr'>concilii</span> <span class='ocrx_word' id='word_1_279' title='bbox 2332 3354 2615 3425; x_wconf 86' lang='lat' dir='ltr'>Toletani</span> 
     </span>
     <span class='ocr_line' id='line_1_30' title="bbox 333 3455 2616 3550; baseline 0.004 -30"><span class='ocrx_word' id='word_1_280' title='bbox 333 3456 492 3542; x_wconf 82' lang='lat' dir='ltr'>anni</span> <span class='ocrx_word' id='word_1_281' title='bbox 524 3455 695 3525; x_wconf 83' lang='grc'>1565</span> <span class='ocrx_word' id='word_1_282' title='bbox 711 3484 730 3544; x_wconf 91' lang='lat'>;</span> <span class='ocrx_word' id='word_1_283' title='bbox 757 3457 866 3526; x_wconf 89' lang='lat' dir='ltr'>sed</span> <span class='ocrx_word' id='word_1_284' title='bbox 891 3461 1283 3550; x_wconf 89' lang='lat' dir='ltr'>respondent</span> <span class='ocrx_word' id='word_1_285' title='bbox 1311 3460 1601 3529; x_wconf 88' lang='lat' dir='ltr'>doctores</span> <span class='ocrx_word' id='word_1_286' title='bbox 1625 3463 1696 3529; x_wconf 93' lang='lat' dir='ltr'>in</span> <span class='ocrx_word' id='word_1_287' title='bbox 1725 3463 1849 3531; x_wconf 88' lang='lat' dir='ltr'>hoc</span> <span class='ocrx_word' id='word_1_288' title='bbox 1879 3486 1916 3532; x_wconf 92' lang='lat' dir='ltr'>a</span> <span class='ocrx_word' id='word_1_289' title='bbox 1939 3469 2114 3533; x_wconf 91' lang='lat' dir='ltr'>recto</span> <span class='ocrx_word' id='word_1_290' title='bbox 2142 3465 2400 3531; x_wconf 87' lang='lat' dir='ltr'>tramite</span> <span class='ocrx_word' id='word_1_291' title='bbox 2429 3462 2616 3531; x_wconf 89' lang='lat' dir='ltr'>decli-</span> 
     </span>
     <span class='ocr_line' id='line_1_31' title="bbox 334 3562 2617 3655; baseline 0.002 -27"><span class='ocrx_word' id='word_1_292' title='bbox 334 3581 518 3629; x_wconf 84' lang='lat' dir='ltr'>nasse</span> <span class='ocrx_word' id='word_1_293' title='bbox 533 3562 1005 3654; x_wconf 87' lang='lat' dir='ltr'>provincialem</span> <span class='ocrx_word' id='word_1_294' title='bbox 1035 3566 1217 3634; x_wconf 91' lang='lat' dir='ltr'>illam</span> <span class='ocrx_word' id='word_1_295' title='bbox 1238 3566 1560 3655; x_wconf 79' lang='lat' dir='ltr'>synodum</span> <span class='ocrx_word' id='word_1_296' title='bbox 1595 3591 1612 3635; x_wconf 86' lang='lat'>:</span> <span class='ocrx_word' id='word_1_297' title='bbox 1647 3594 1682 3633; x_wconf 87' lang='lat'>«</span> <span class='ocrx_word' id='word_1_298' title='bbox 1704 3566 1968 3637; x_wconf 87' lang='lat' dir='ltr'>Dictum</span> <span class='ocrx_word' id='word_1_299' title='bbox 1999 3570 2334 3638; x_wconf 90' lang='lat' dir='ltr'>decretum</span> <span class='ocrx_word' id='word_1_300' title='bbox 2359 3568 2617 3637; x_wconf 87' lang='lat' dir='ltr'>concilii</span> 
     </span>
     <span class='ocr_line' id='line_1_32' title="bbox 342 3665 2617 3765; baseline 0.004 -34"><span class='ocrx_word' id='word_1_301' title='bbox 342 3692 377 3732; x_wconf 89' lang='lat'>«</span> <span class='ocrx_word' id='word_1_302' title='bbox 406 3665 699 3738; x_wconf 91' lang='lat' dir='ltr'>Toletani</span> <span class='ocrx_word' id='word_1_303' title='bbox 722 3667 832 3760; x_wconf 90' lang='lat' dir='ltr'>(ait</span> <span class='ocrx_word' id='word_1_304' title='bbox 843 3668 1104 3740; x_wconf 88' lang='lat' dir='ltr'>Garcias</span> <span class='ocrx_word' id='word_1_305' title='bbox 1122 3671 1265 3739; x_wconf 91' lang='lat' dir='ltr'>loco</span> <span class='ocrx_word' id='word_1_306' title='bbox 1284 3672 1394 3740; x_wconf 90' lang='lat' dir='ltr'>cit.</span> <span class='ocrx_word' id='word_1_307' title='bbox 1421 3694 1491 3739; x_wconf 89' lang='lat' dir='ltr'>n.</span> <span class='ocrx_word' id='word_1_308' title='bbox 1517 3671 1673 3763; x_wconf 77' lang='lat'>296)</span> <span class='ocrx_word' id='word_1_309' title='bbox 1700 3672 1956 3742; x_wconf 85' lang='lat' dir='ltr'>videtur</span> <span class='ocrx_word' id='word_1_310' title='bbox 1976 3676 2227 3765; x_wconf 83' lang='lat' dir='ltr'>contraj</span> <span class='ocrx_word' id='word_1_311' title='bbox 2237 3697 2337 3761; x_wconf 76' lang='grc' dir='ltr'>ηε,</span> <span class='ocrx_word' id='word_1_312' title='bbox 2363 3680 2426 3743; x_wconf 87' lang='lat' dir='ltr'>et</span> <span class='ocrx_word' id='word_1_313' title='bbox 2437 3694 2617 3765; x_wconf 88' lang='lat' dir='ltr'>egere</span> 
     </span>
     <span class='ocr_line' id='line_1_33' title="bbox 344 3776 1922 3866; baseline 0.001 -26"><span class='ocrx_word' id='word_1_314' title='bbox 344 3797 377 3838; x_wconf 92' lang='lat'>«</span> <span class='ocrx_word' id='word_1_315' title='bbox 414 3777 905 3844; x_wconf 90' lang='lat' dir='ltr'>confirmatione</span> <span class='ocrx_word' id='word_1_316' title='bbox 934 3776 1150 3866; x_wconf 82' lang='lat' dir='ltr'>Papae‚</span> <span class='ocrx_word' id='word_1_317' title='bbox 1183 3782 1245 3846; x_wconf 91' lang='lat' dir='ltr'>et</span> <span class='ocrx_word' id='word_1_318' title='bbox 1281 3778 1439 3847; x_wconf 90' lang='lat' dir='ltr'>alias</span> <span class='ocrx_word' id='word_1_319' title='bbox 1470 3800 1604 3847; x_wconf 91' lang='lat' dir='ltr'>non</span> <span class='ocrx_word' id='word_1_320' title='bbox 1625 3779 1856 3848; x_wconf 87' lang='lat' dir='ltr'>valere.</span> <span class='ocrx_word' id='word_1_321' title='bbox 1889 3806 1922 3845; x_wconf 89' lang='lat'>»</span> 
     </span>
    </p>

    <p class='ocr_par' dir='ltr' id='par_1_5' title="bbox 331 3879 2621 4507">
     <span class='ocr_line' id='line_1_34' title="bbox 422 3879 2621 3977; baseline 0.004 -31"><span class='ocrx_word' id='word_1_322' title='bbox 422 3879 500 3945; x_wconf 91' lang='lat' dir='ltr'>ln</span> <span class='ocrx_word' id='word_1_323' title='bbox 520 3887 647 3949; x_wconf 87' lang='lat' dir='ltr'>tota</span> <span class='ocrx_word' id='word_1_324' title='bbox 664 3884 962 3971; x_wconf 84' lang='lat' dir='ltr'>praesenti</span> <span class='ocrx_word' id='word_1_325' title='bbox 983 3886 1388 3975; x_wconf 86' lang='lat' dir='ltr'>paragrapho</span> <span class='ocrx_word' id='word_1_326' title='bbox 1404 3887 1867 3977; x_wconf 89' lang='lat' dir='ltr'>supposuimus</span> <span class='ocrx_word' id='word_1_327' title='bbox 1883 3910 2111 3955; x_wconf 88' lang='lat' dir='ltr'>curam</span> <span class='ocrx_word' id='word_1_328' title='bbox 2124 3887 2500 3956; x_wconf 88' lang='lat' dir='ltr'>animarum</span> <span class='ocrx_word' id='word_1_329' title='bbox 2512 3908 2621 3955; x_wconf 88' lang='lat' dir='ltr'>an-</span> 
     </span>
     <span class='ocr_line' id='line_1_35' title="bbox 332 3987 2620 4085; baseline 0.005 -37"><span class='ocrx_word' id='word_1_330' title='bbox 332 4002 564 4053; x_wconf 88' lang='lat' dir='ltr'>nexam</span> <span class='ocrx_word' id='word_1_331' title='bbox 593 3987 945 4057; x_wconf 89' lang='lat' dir='ltr'>cathedrali</span> <span class='ocrx_word' id='word_1_332' title='bbox 974 4011 1089 4056; x_wconf 92' lang='lat' dir='ltr'>seu</span> <span class='ocrx_word' id='word_1_333' title='bbox 1113 3990 1422 4080; x_wconf 84' lang='lat' dir='ltr'>capitulo,</span> <span class='ocrx_word' id='word_1_334' title='bbox 1456 3994 1545 4059; x_wconf 87' lang='lat' dir='ltr'>ita</span> <span class='ocrx_word' id='word_1_335' title='bbox 1575 3997 1648 4059; x_wconf 91' lang='lat' dir='ltr'>ut</span> <span class='ocrx_word' id='word_1_336' title='bbox 1677 3993 2040 4085; x_wconf 88' lang='lat' dir='ltr'>capitulum</span> <span class='ocrx_word' id='word_1_337' title='bbox 2075 4000 2413 4063; x_wconf 87' lang='lat' dir='ltr'>censeatur</span> <span class='ocrx_word' id='word_1_338' title='bbox 2439 4013 2620 4084; x_wconf 90' lang='lat' dir='ltr'>paro-</span> 
     </span>
     <span class='ocr_line' id='line_1_36' title="bbox 334 4085 2620 4180; baseline 0.005 -27"><span class='ocrx_word' id='word_1_339' title='bbox 334 4085 498 4153; x_wconf 90' lang='lat' dir='ltr'>chus</span> <span class='ocrx_word' id='word_1_340' title='bbox 523 4086 591 4152; x_wconf 92' lang='lat' dir='ltr'>in</span> <span class='ocrx_word' id='word_1_341' title='bbox 621 4088 878 4180; x_wconf 87' lang='lat' dir='ltr'>habitu,</span> <span class='ocrx_word' id='word_1_342' title='bbox 895 4094 1045 4163; x_wconf 88' lang='lat' dir='ltr'>licet</span> <span class='ocrx_word' id='word_1_343' title='bbox 1063 4100 1205 4166; x_wconf 89' lang='lat' dir='ltr'>actu</span> <span class='ocrx_word' id='word_1_344' title='bbox 1232 4116 1461 4164; x_wconf 90' lang='lat' dir='ltr'>curam</span> <span class='ocrx_word' id='word_1_345' title='bbox 1488 4119 1622 4166; x_wconf 90' lang='lat' dir='ltr'>non</span> <span class='ocrx_word' id='word_1_346' title='bbox 1647 4105 1954 4168; x_wconf 86' lang='lat' dir='ltr'>exerceat.</span> <span class='ocrx_word' id='word_1_347' title='bbox 1990 4100 2070 4169; x_wconf 87' lang='lat' dir='ltr'>Et</span> <span class='ocrx_word' id='word_1_348' title='bbox 2092 4101 2217 4169; x_wconf 90' lang='lat' dir='ltr'>hoc</span> <span class='ocrx_word' id='word_1_349' title='bbox 2247 4099 2440 4168; x_wconf 91' lang='lat' dir='ltr'>modo</span> <span class='ocrx_word' id='word_1_350' title='bbox 2464 4097 2620 4165; x_wconf 89' lang='lat' dir='ltr'>unio</span> 
     </span>
     <span class='ocr_line' id='line_1_37' title="bbox 333 4192 2620 4291; baseline 0.005 -32"><span class='ocrx_word' id='word_1_351' title='bbox 333 4212 505 4259; x_wconf 85' lang='lat' dir='ltr'>curae</span> <span class='ocrx_word' id='word_1_352' title='bbox 524 4192 733 4260; x_wconf 88' lang='lat' dir='ltr'>existit</span> <span class='ocrx_word' id='word_1_353' title='bbox 778 4196 850 4263; x_wconf 92' lang='lat' dir='ltr'>in</span> <span class='ocrx_word' id='word_1_354' title='bbox 884 4199 1209 4291; x_wconf 88' lang='lat' dir='ltr'>plerisque</span> <span class='ocrx_word' id='word_1_355' title='bbox 1238 4204 1741 4274; x_wconf 81' lang='lat' dir='ltr'>cathedralibuS.</span> <span class='ocrx_word' id='word_1_356' title='bbox 1771 4205 2047 4276; x_wconf 91' lang='lat' dir='ltr'>Videtur</span> <span class='ocrx_word' id='word_1_357' title='bbox 2075 4213 2298 4275; x_wconf 90' lang='lat' dir='ltr'>autem</span> <span class='ocrx_word' id='word_1_358' title='bbox 2332 4205 2620 4274; x_wconf 83' lang='lat' dir='ltr'>absolute</span> 
     </span>
     <span class='ocr_line' id='line_1_38' title="bbox 332 4295 2610 4402; baseline 0.005 -39"><span class='ocrx_word' id='word_1_359' title='bbox 332 4295 474 4365; x_wconf 91' lang='lat' dir='ltr'>fieri</span> <span class='ocrx_word' id='word_1_360' title='bbox 496 4318 677 4388; x_wconf 87' lang='lat' dir='ltr'>posse</span> <span class='ocrx_word' id='word_1_361' title='bbox 700 4303 771 4365; x_wconf 92' lang='lat' dir='ltr'>ut</span> <span class='ocrx_word' id='word_1_362' title='bbox 800 4302 868 4367; x_wconf 92' lang='lat' dir='ltr'>in</span> <span class='ocrx_word' id='word_1_363' title='bbox 895 4305 1245 4373; x_wconf 88' lang='lat' dir='ltr'>cathedrali</span> <span class='ocrx_word' id='word_1_364' title='bbox 1270 4310 1559 4399; x_wconf 89' lang='lat' dir='ltr'>erigatur</span> <span class='ocrx_word' id='word_1_365' title='bbox 1587 4310 1895 4402; x_wconf 86' lang='lat' dir='ltr'>parochia</span> <span class='ocrx_word' id='word_1_366' title='bbox 1931 4312 2216 4402; x_wconf 90' lang='lat' dir='ltr'>capitulo</span> <span class='ocrx_word' id='word_1_367' title='bbox 2241 4333 2375 4380; x_wconf 91' lang='lat' dir='ltr'>non</span> <span class='ocrx_word' id='word_1_368' title='bbox 2409 4310 2610 4379; x_wconf 87' lang='lat' dir='ltr'>unita.</span> 
     </span>
     <span class='ocr_line' id='line_1_39' title="bbox 331 4400 2614 4507; baseline 0.006 -37"><span class='ocrx_word' id='word_1_369' title='bbox 331 4400 519 4473; x_wconf 87' lang='lat' dir='ltr'>Tunc</span> <span class='ocrx_word' id='word_1_370' title='bbox 544 4427 696 4475; x_wconf 78' lang='lat' dir='ltr'>vero</span> <span class='ocrx_word' id='word_1_371' title='bbox 713 4406 992 4476; x_wconf 84' lang='lat' dir='ltr'>vicarius</span> <span class='ocrx_word' id='word_1_372' title='bbox 1022 4416 1372 4498; x_wconf 91' lang='lat' dir='ltr'>perpetuus</span> <span class='ocrx_word' id='word_1_373' title='bbox 1414 4415 1505 4484; x_wconf 91' lang='lat' dir='ltr'>ibi</span> <span class='ocrx_word' id='word_1_374' title='bbox 1545 4418 1956 4507; x_wconf 80' lang='lat' dir='ltr'>constitutuS,</span> <span class='ocrx_word' id='word_1_375' title='bbox 1989 4419 2332 4489; x_wconf 89' lang='lat' dir='ltr'>habendus</span> <span class='ocrx_word' id='word_1_376' title='bbox 2359 4423 2454 4487; x_wconf 89' lang='lat' dir='ltr'>est</span> <span class='ocrx_word' id='word_1_377' title='bbox 2478 4423 2614 4485; x_wconf 85' lang='lat' dir='ltr'>tan-</span> 
     </span>
    </p>
   </div>
  </div>
 </body>
</html>
