2930 4982
1126 308 1205 353 ns
1246 307 1568 358 men-runs.
2370 305 2489 367 26¹

230 444 327 513 pro
380 424 876 513 respicientibus
944 427 1328 516 dignitatem
1367 430 1820 522 episcopalem.
1878 433 2151 504 Eruitur
2206 459 2282 505 ex
2323 443 2498 508 textu

230 529 600 614 Tridentini,
633 538 694 599 et
711 539 805 600 est
823 535 1140 603 sententia
1156 536 1532 605 communis
1557 540 2059 611 canonistarum.
2087 542 2282 636 (Vide
2306 543 2499 614 Scar-

232 636 605 722 fantonium,
640 644 685 706 t.
721 639 802 727 11,
836 663 902 730 p.
943 640 1092 709 109.
1102 642 1124 731 )

302 740 369 810 30
384 742 492 810 An
515 744 829 836 Episcopo
848 747 1037 815 liceat
1049 770 1311 839 propr1a
1332 750 1713 820 auctoritate
1738 754 2099 844 capitulum
2113 777 2491 839 convocare,

226 848 449 938 absque
462 851 590 917 alia
613 852 1028 941 requisitione
1053 853 1232 923 illius
1259 856 1337 923 ad
1363 878 1561 945 quem
1592 864 1878 949 spectare
1902 862 2318 951 praetenditur
2347 884 2500 933 con·

225 954 455 1023 vocatio
484 960 516 1023 ⁶?
561 957 754 1026 Sacra
806 959 1232 1051 Congregatio
1266 964 1531 1033 concilii
1586 965 1685 1054 (in
1713 964 2068 1055 Phar-ensi,
2108 967 2188 1036 13
2223 989 2500 1039 novem-

225 1060 339 1128 bris
370 1061 569 1152 1649)
595 1066 963 1155 respondit:
994 1068 1431 1158 affirmative,
1456 1069 1818 1139 dummodo
1846 1095 1981 1141 non
2005 1085 2258 1164 aqatur
2285 1073 2367 1143 de
2385 1098 2501 1147 suo

224 1169 314 1235 vel
336 1192 614 1237 suorum
644 1174 1010 1241 commode.
1040 1174 1340 1244 Refertur
1361 1177 1500 1246 haec
1525 1178 1765 1247 decisio
1794 1201 1832 1247 a
1854 1177 2323 1266 Scarsontanio,
2359 1181 2503 1252 loco

223 1275 423 1364 citat0,
458 1300 526 1345 n.
556 1277 666 1345 30.

290 1383 362 1450 40
394 1384 500 1450 An
522 1383 876 1476 Episcopus
904 1388 1163 1476 negotia
1183 1388 1252 1454 in
1282 1388 1566 1479 capitulo
1591 1389 1944 1481 proposita,
1969 1396 2032 1458 et
2060 1412 2194 1459 non
2221 1390 2503 1461 resoluta

218 1490 286 1558 ob
340 1490 712 1559 varietatem
768 1499 1091 1578 votorum,
1133 1496 1337 1585 possit
1384 1495 1683 1564 decidere
1717 1503 1780 1564 et
1825 1497 2172 1565 terminare
2191 1501 2225 1564 ‘I
2260 1497 2503 1566 Eadem

216 1596 666 1688 Congregatio
650 1621 719 1666 ln
758 1599 982 1667 eadem
1025 1622 1220 1669 causa
1273 1601 1659 1723 respondit.
1687 1601 2099 1705 Episcopum
2124 1623 2263 1669 non
2284 1623 2497 1693 posse.

220 1702 750 1793 (Scart'antonius,
790 1706 983 1794 ibid.)
1029 1707 1176 1776 Ideo
1207 1713 1426 1776 autem
1479 1709 1550 1776 in
1579 1709 1893 1798 praedicto
1944 1729 2094 1776 casu
2133 1729 2267 1776 non
2295 1713 2501 1800 potest

214 1810 554 1904 Episcopus
583 1813 899 1902 decidere,
930 1813 1082 1903 quia
1110 1814 1182 1881 in
1203 1815 1486 1905 capitulo
1518 1816 1778 1883 nullum
1807 1814 2002 1883 habet
2028 1821 2279 1883 votum.
2316 1812 2499 1904 (Rota

214 1914 397 1989 decis,
429 1921 542 2004 37,
566 1943 635 1988 n.
665 1922 729 2004 1,
760 1959 851 1972 —
879 1927 943 1988 et
964 1921 1162 1989 decis,
1193 1920 1349 2002 156,
1382 1942 1450 1986 n.
1487 1920 1594 2004 18,
1629 1928 1807 2011 parte
1841 1921 1952 2001 12,
1978 1918 2251 2009 recent.)

289 2027 356 2094 5⁰
379 2027 739 2118 Episcopus
756 2029 867 2116 jus
895 2026 1088 2093 habet
1116 2025 1539 2093 interessendi
1584 2027 1883 2114 capitulis
1902 2027 2150 2116 abipso
2179 2045 2501 2093 convoca-

209 2133 319 2216 tis,
303 2157 317 2170 ·
346 2134 417 2200 in
449 2134 593 2201 aliis
622 2139 837 2200 autem
861 2155 1007 2221 quae
1029 2131 1330 2200 canonici
1356 2137 1714 2199 convocant
1745 2154 1864 2221 pro
1892 2132 2164 2219 negotiis
2184 2130 2499 2221 capitula·

204 2240 387 2308 ribus
426 2261 562 2305 non
603 2244 906 2306 tenentur
933 2239 1336 2327 Episcopum
1365 2238 1729 2303 admittere.
1773 2236 1968 2323 (Vide
1994 2237 2121 2302 hoc
2145 2237 2494 2325 probatum

201 2343 403 2423 infra,
460 2346 637 2431 parte
690 2341 760 2428 4,
815 2363 954 2431 cap
984 2343 1047 2423 7,
1084 2341 1202 2407 ubi
1231 2341 1613 2409 disserimus
1635 2342 1758 2409 de
1729 2363 1884 2431 Jure
1912 2341 2209 2433 capitulis
2229 2341 2495 2433 proprio

203 2470 341 2517 sese
365 2448 801 2538 congregandi
823 2447 1065 2537 absque
1083 2446 1389 2539 Episcopi
1407 2446 1688 2517 licentia.
1698 2450 1719 2539 )

291 2556 358 2624 60
412 2580 474 2620 α
469 2554 674 2635 Quod
731 2563 944 2623 tamen
971 2555 1315 2637 limitatur,
1362 2555 1626 2644 quando
1653 2577 1728 2624 ex
1757 2557 2250 2644 consuetudine,
2284 2557 2386 2625 vel
2415 2578 2490 2625 ex

215 2687 248 2723 «
285 2663 432 2750 jure
460 2662 748 2751 speciali,
776 2661 1179 2753 Episcopus
1153 2684 1264 2751 Jus
1294 2661 1560 2729 haberet
1579 2663 2054 2732 interveniendi
2075 2665 2145 2732 in
2164 2664 2482 2733 omnibus

215 2794 248 2833 «
290 2769 616 2858 capitulis;
646 2769 801 2858 quia
846 2774 1008 2837 esset
1033 2769 1378 2854 servanda3
1410 2775 1672 2859 excepto
1692 2791 1847 2837 casu
1876 2792 2010 2857 quo
2045 2770 2375 2856 agendum
2395 2789 2490 2834 es-

213 2899 245 2937 «
297 2879 391 2941 set
418 2876 497 2939 de
516 2896 633 2941 suo
660 2876 763 2941 vel
780 2897 1045 2940 suorum
1065 2875 1313 2963 privato
1336 2875 1642 2940 interesse
1670 2897 1688 2956 3
1721 2875 1878 2962 quia
1906 2875 1976 2940 in
2005 2875 2130 2941 hoc
2153 2894 2306 2939 casu
2333 2872 2498 2939 facta

218 3004 251 3043 «
295 2978 757 3046 convocatione
782 2979 1041 3045 deberet
1071 2978 1244 3043 exire
1268 2978 1348 3043 de
1376 2978 1683 3067 capitulo.
1712 2999 1748 3041 >³
1788 2976 2325 3065 (Scarrantonius,
2351 2976 2494 3046 loco

217 3087 417 3169 citat0,
453 3108 523 3152 n.
563 3083 706 3174 32.)

296 3192 357 3256 70
400 3192 581 3260 Licet
621 3213 697 3258 ex
754 3188 1219 3256 consuetudine
1255 3188 1356 3255 vel
1403 3209 1481 3254 ex
1517 3187 1735 3276 aliquo
1763 3186 2107 3278 privilegio
2136 3188 2492 3279 Episcopus

216 3299 311 3385 jus
335 3295 1026 3365 haberetinteressendi
1053 3295 1122 3362 in
1147 3295 1455 3362 omnibus
1480 3293 1804 3384 capitulis,
1830 3316 1963 3362 non
1994 3300 2210 3362 tamen
2227 3296 2488 3363 baberet

217 3404 314 3491 jus
337 3405 487 3474 voti.
523 3404 614 3472 lta
641 3403 930 3473 decisum
950 3424 987 3468 a
1012 3401 1206 3470 Sacra
1230 3400 1741 3491 Congregatione
1766 3401 2027 3471 concilii
2052 3402 2245 3473 refert
2262 3401 2490 3471 Cardi-

227 3506 375 3573 nalis
387 3506 599 3593 Petra,
620 3511 680 3574 et
704 3505 1192 3574 Scarfantonius
1217 3505 1380 3592 (loco
1410 3505 1626 3589 citat0,
1659 3507 1730 3573 n.
1763 3504 1900 3594 33).

305 3612 367 3679 8⁰
404 3639 436 3678 «
480 3613 654 3680 Dum
688 3632 839 3677 vero
869 3610 1224 3700 Episcopus
1247 3611 1593 3684 intervenit
1621 3610 1694 3675 in
1717 3609 2031 3698 capitulo,
2062 3610 2135 3675 in
2163 3608 2494 3696 sequelam

236 3742 265 3783 «
302 3718 608 3788 facultatis
659 3716 1060 3785 convocandi
1090 3715 1357 3781 debetur
1408 3715 1619 3780 eidem
1655 3712 2091 3802 praesidentia,
2111 3718 2245 3776 tam
2273 3712 2347 3775 in
2372 3730 2496 3778 ses-

239 3846 269 3887 «
304 3827 475 3895 sione
522 3847 725 3916 quam
771 3824 840 3891 in
867 3820 1142 3903 caeteris,
1187 3817 1389 3884 veluti
1425 3824 1643 3883 tenere
1676 3814 2156 3904 campanulam,
2182 3813 2498 3884 moderari

240 3954 267 3991 «
303 3932 737 4023 horologium,
770 3936 914 4000 vota
962 3928 1274 4016 recipere,
1304 3946 1379 3992 ac
1414 3924 1672 4013 negotia
1696 3943 2080 4014 proponere,
2122 3943 2273 3990 cum
2303 3921 2493 4014 Epis-

240 4060 269 4099 «
291 4060 443 4132 copo
464 4042 711 4129 ubique
727 4040 982 4130 primus
1006 4038 1213 4103 honor
1233 4033 1569 4102 debeatur.
1599 4058 1632 4099 »
1672 4030 2201 4121 (Scarfantonius,
2229 4031 2370 4100 loco
2397 4030 2492 4099 ci·-

235 4145 365 4231 tato,
396 4170 464 4214 n.
490 4146 603 4229 36,
636 4146 838 4213 citans
859 4143 1235 4219 Barbosam‚
1263 4139 1679 4208 Cardinalem
1709 4135 1892 4204 Petra
1921 4142 1985 4205 et
2002 4136 2274 4225 Rotam.)

308 4250 369 4317 90
383 4252 689 4324 Vicarius
711 4250 1025 4342 generalis
1044 4247 1345 4339 Episcopi
1367 4245 1751 4334 regulariter
1769 4267 1900 4314 non
1920 4247 2110 4314 habet
2137 4243 2507 4312 facultatem

237 4360 640 4444 convocandi,
668 4380 789 4430 neo
808 4355 1334 4425 interveniendi.
1368 4353 1652 4421 Absente
1676 4374 1825 4420 vero
1855 4354 2212 4443 EpiscopO,
2240 4333 2508 4411 omnim
