2930 4982
1231 345 1312 391 nr.
1360 343 1689 392 cunnus.
2488 337 2605 396 30¹

331 462 694 544 dicendum,
726 485 864 532 non
904 461 999 530 ad
1030 461 1445 532 audiendum
1476 463 1689 532 Ιιοναε.
1710 460 1803 554 (S.
1838 461 2215 554 Liguorius‚
2245 464 2291 533 l.
2319 464 2437 554 lv,
2463 488 2523 537 c.
2549 467 2618 550 2,

331 592 392 638 n.
425 572 458 637 .1
470 568 608 661 63.)

393 673 470 739 ,70
493 663 767 755 Quando
793 673 1094 745 officium
1128 677 1442 746 recitatur
1465 674 1840 745 alternatim
1860 674 1931 743 in
1965 675 2169 746 choro
2198 678 2305 747 vel
2335 698 2492 748 cum
2515 699 2619 749 so·

326 779 456 860 ciiS,
490 787 740 849 certum
760 787 855 851 est
871 781 1164 852 sufficere
1182 788 1262 856 ut,
1277 783 1736 873 unusquisque
1756 780 1981 850 recitet
1993 788 2242 872 partem
2265 784 2612 874 alternam,

323 891 378 953 et
397 887 614 956 audiat
634 887 952 956 alternam
971 893 1223 979 partem
1251 889 1333 957 ab
1351 888 1498 958 aliis
1517 889 1851 958 recitatam
1864 939 1879 955 .
1912 914 1946 953 (ι
1965 887 2295 957 Nascentis
2315 889 2616 961 Ecclesia!

328 992 575 1060 «initio
622 998 758 1061 tam
798 993 1021 1061 clerici
1062 1015 1264 1085 quam
1306 994 1485 1079 laici,
1533 1017 1665 1063 non
1693 994 2012 1082 vicissim,
2047 995 2157 1063 sed
2210 996 2404 1063 simul
2434 1016 2618 1066 cane-

322 1120 354 1161 «
386 1096 623 1165 bant...
658 1096 912 1166 Exinde
946 1119 1080 1166 non
1108 1098 1320 1167 multo
1347 1100 1662 1190 temporis
1689 1098 2057 1186 intervallo,
2096 1097 2224 1167 fuit
2254 1099 2618 1170 introducta

325 1227 357 1266 «
390 1201 763 1271 alternatim
792 1203 1064 1272 canendi
1102 1204 1330 1286 forma,
1365 1227 1484 1296 per
1507 1206 1668 1273 duos
1697 1205 1928 1273 choros
1958 1203 2315 1288 distinctos,
2350 1226 2483 1296 qua
2512 1228 2619 1276 re-

318 1331 353 1370 «
386 1309 445 1375 ci
448 1330 649 1398 proca
666 1308 1467 1400 modulationepsallentes
1481 1313 1863 1382 animantur
1875 1311 1954 1379 ad
1976 1310 2383 1379 laudandum
2399 1309 2613 1383 Deum

322 1438 352 1477 «
379 1435 536 1482 cum
568 1436 720 1483 voce
745 1414 1180 1500 exultationis,
1208 1421 1270 1484 et
1297 1417 1683 1507 hujusmodi
1715 1418 2017 1484 varietate
2040 1416 2323 1508 populus
2351 1417 2619 1487 audiens

319 1547 351 1587 ι(
378 1520 590 1612 magis
622 1521 1023 1590 oblectatur:
1056 1527 1324 1613 propter
1364 1523 1541 1612 quod
1584 1521 1904 1591 Damasus
1933 1521 2106 1613 Papa
2135 1523 2317 1590 hunc
2347 1522 2617 1592 modum

317 1649 498 1696 «sua
525 1629 903 1697 auctoritate
930 1650 1045 1719 per
1091 1628 1427 1697 universas
1456 1629 1759 1697 ecclesias
1804 1627 2209 1720 approbavit.
2267 1627 2347 1696 Et
2375 1630 2470 1697 sic
2497 1651 2616 1698 au-

316 1760 350 1801 «
376 1735 553 1804 ditus
571 1734 715 1802 loco
735 1733 1113 1825 prolationis
1138 1734 1337 1802 officii
1360 1756 1477 1826 per
1503 1735 1675 1803 vices
1703 1736 2031 1805 choratim
2056 1735 2344 1804 succedit
2368 1761 2386 1821 ;
2424 1740 2616 1826 atque

321 1865 351 1904 «
376 1841 721 1933 psallentes
755 1840 879 1909 hoc
909 1841 1130 1929 modo,
1162 1841 1356 1909 horas
1384 1842 1729 1909 canonicas
1758 1841 2013 1930 integre
2042 1840 2448 1930 persolvunt,
2480 1847 2614 1910 tam

316 1974 346 2015 α
372 1946 641 2039 publice
664 1948 1175 2037 quamprivate3
1204 1952 1268 2014 et
1289 1947 1369 2014 de
1395 1946 1518 2014 hac
1542 1968 1612 2015 re
1633 1946 1922 2015 dubitari
1943 1967 2078 2015 non
2100 1950 2326 2036 potest.
2362 1972 2397 2011 n
2431 1946 2615 2034 (Cec-

320 2055 647 2145 coperius,
675 2057 769 2120 De
789 2053 1126 2142 canonia,
1156 2053 1203 2120 l.
1233 2075 1307 2141 11,
1343 2057 1389 2122 t.
1418 2051 1537 2136 VI,
1574 2065 1645 2119 n.
1674 2052 1816 2145 21.)

394 2159 528 2228 Sed
561 2158 844 2227 dubium
884 2164 1179 2228 movetur
1219 2158 1299 2238 de
1344 2180 1501 2226 casu
1543 2158 1616 2225 in
1646 2178 1779 2246 quo
1831 2156 2061 2224 auditu
2090 2178 2223 2224 non
2247 2158 2613 2248 perciperes

309 2268 569 2354 partem
606 2264 921 2331 alternam
967 2264 1049 2331 ab
1077 2263 1221 2330 aliis
1247 2264 1628 2331 recitatam:
1658 2284 1743 2328 an
1778 2266 1942 2329 tune
1970 2261 2249 2328 tenearis
2279 2268 2567 2352 repetere
2583 2266 2617 2331 ‘t

307 2367 570 2459 Duplex
598 2368 915 2437 sententia
943 2369 1330 2459 probabilis3
1364 2371 1477 2438 sed
1507 2374 1642 2437 tuta
1663 2367 1732 2436 in
1764 2367 1947 2460 praxi
1982 2367 2299 2440 sententia
2328 2388 2609 2457 negans;

307 2497 510 2565 quam
545 2475 717 2543 inter
744 2474 899 2549 alios
928 2476 1345 2569 amplectitur
1380 2481 1641 2545 sanctus
1669 2474 2047 2543 Antoninus
2070 2473 2257 2565 (part.
2289 2473 2357 2559 2,
2393 2475 2490 2543 tit.
2520 2498 2610 2558 lx,

310 2602 368 2648 c.
409 2581 513 2673 12)
545 2581 669 2650 :Si
695 2582 869 2672 quia,
901 2583 1136 2672 inquit,
1170 2582 1527 2651 lectionem
1550 2583 1657 2650 vel
1681 2579 1882 2650 aliud
1904 2579 2088 2671 quod
2115 2581 2191 2648 z'n
2222 2581 2420 2649 choro
2447 2581 2616 2673 leqi·

313 2699 452 2771 tur,
477 2713 614 2757 non
634 2688 987 2782 intelliqat
999 2701 1285 2782 propter
1305 2689 1590 2781 leyentis
1613 2688 2165 2780 ineptitudinem,
2193 2711 2331 2755 non
2353 2701 2612 2777 peccat,

309 2789 674 2860 dummodo
700 2808 969 2863 conetur
999 2796 1371 2886 intelliqere
1393 2796 1633 2862 saltem
1655 2793 1877 2860 verba.
1913 2792 2002 2860 Ut
2027 2798 2283 2859 certum
2310 2808 2619 2859 commu-

311 2896 485 2964 niter
519 2898 883 2966 'admittitur
907 2922 1039 2967 non
1062 2922 1319 2968 necesse
1352 2921 1488 2967 esse
1516 2899 1746 2966 audire
1779 2914 2035 2978 omnes,
2070 2895 2186 2962 sed
2214 2895 2512 2966 sufficere
2545 2904 2620 2966 ut

311 3001 624 3071 audiatur
648 3025 865 3089 unus;
907 3010 970 3071 et
993 3006 1153 3073 item
1192 3024 1326 3070 non
1369 3003 1622 3092 requiri
1647 3006 1720 3069 ut
1745 3001 1943 3068 altera
1977 3021 2128 3092 pars
2153 3000 2455 3071 audiatur
2484 3003 2615 3073 dis-

313 3109 536 3197 tincte,
587 3109 701 3178 sed
730 3109 1026 3179 sufficere
1063 3115 1138 3178 ut
1177 3108 1484 3191 audiatur
1522 3107 1811 3176 confuse.
1854 3105 2047 3195 (Vide
2088 3105 2156 3177 S.
2195 3105 2609 3197 Liguorium,

315 3214 359 3281 l.
381 3213 499 3299 IV,
529 3236 588 3283 c.
637 3215 707 3300 2,
732 3237 800 3284 n.
835 3214 1018 3307 163.)
1888 3216 1899 3251 ¹

406 3321 473 3390 8ο
501 3321 595 3390 De
631 3323 827 3391 surdo
855 3323 972 3413 qui
1004 3343 1081 3390 ex
1116 3321 1516 3412 obligatione
1543 3320 1744 3390 choro
1773 3321 2007 3390 assistit
2048 3326 2110 3390 et
2138 3341 2323 3390 suam
2353 3324 2609 3390 tantum

317 3428 535 3497 recitat
561 3434 811 3519 partem
834 3435 1059 3498 utrum
1080 3428 1478 3498 satisfaciat?
1498 3465 1591 3482 —
1609 3426 1862 3520 Duplex
1879 3429 2195 3499 sententia
2218 3427 2604 3520 probabilis.

321 3533 410 3620 (S.
442 3534 817 3625 Liguorius,
850 3536 991 3604 loco
1018 3534 1263 3625 citato.)

406 3640 476 3708 9⁰
517 3642 739 3723 Quoad
773 3642 1212 3730 integritatem
1256 3641 1328 3706 in
1364 3640 1876 3729 pronuntiando.
1910 3677 2002 3690 —
2052 3639 2323 3705 Certum
2353 3643 2449 3705 est
2479 3658 2612 3707 non

321 3747 681 3816 satisfacere
709 3747 963 3836 eosqui
1006 3766 1166 3813 cum
1201 3742 1391 3811 sociis
1416 3744 1509 3810 ita
1558 3743 1938 3809 festinanter
1963 3741 2262 3828 recitant,
2294 3746 2369 3808 ut
2400 3744 2607 3812 versi-

322 3853 482 3922 culis
510 3875 549 3922 a
577 3854 749 3922 socio
770 3852 1071 3922 nondum
1099 3849 1389 3942 expletis,
1423 3847 1550 3940 ipsi
1580 3846 1921 3938 incipiant.
1957 3844 2273 3936 (Liguori,
2303 3847 2443 3917 loco
2466 3850 2607 3935 cit„

323 3979 387 4026 n.
439 3960 624 4051 165.)
650 3998 742 4011 —
779 3958 850 4029 Si
888 3958 1211 4027 mutilatio
1248 3955 1653 4047 syllabarum
1688 3955 1771 4024 sit
1809 3952 2244 4022 involuntaria
2281 3955 2365 4023 ob
2413 3956 2609 4028 inad-

324 4065 727 4151 vertentiam,
779 4065 879 4135 vel
927 4065 1013 4133 ob
1068 4062 1424 4132 balbutiem
1475 4068 1539 4131 et
1587 4063 2016 4132 inveteratam
2068 4064 2607 4134 consuetudinem

328 4183 468 4260 quae
509 4172 857 4242 difficulter
883 4171 1060 4247 vinci
1100 4169 1328 4262 possit,
1358 4190 1493 4237 non
1522 4171 1617 4266 est
1660 4167 2027 4259 culpabilis.
2063 4165 2132 4237 Si
2156 4171 2520 4240 voluntaria
2545 4177 2610 4233 et

330 4275 398 4344 in
435 4298 634 4369 parva
682 4279 1061 4371 quantitate,
1093 4281 1190 4346 est
1225 4282 1569 4368 peccatum
1595 4275 1867 4362 veniale,
1911 4275 1967 4344 si
2008 4275 2377 4345 voluntaria
2424 4276 2487 4336 et
2536 4266 2608 4329 in

334 4401 565 4474 magna
600 4387 954 4477 quantitate
981 4391 1044 4453 et
1067 4384 1155 4452 ita
1200 4388 1275 4450 ut
1303 4403 1531 4452 sensus
1559 4381 1926 4450 notabiliter
1960 4383 2442 4465 corrumpatur,
2477 4383 2608 4430 ‘¹0¹¹
2684 4443 2693 4451 ,
