2930 4982
304 386 339 440 2
350 385 381 439 2
394 385 429 438 ἕ)-
1280 387 1622 437 TRAGTATUS

300 533 654 584 commune
683 510 784 579 vel
811 511 1157 580 vehemens
1186 510 1377 578 malae
1406 509 1560 578 fidei
1579 508 2002 600 praesumptio
2026 506 2474 597 praescribenti
2500 530 2598 577 re-

301 620 486 690 sistit.
520 617 711 689 Extra
742 618 904 685 duos
930 616 1074 684 illos
1105 637 1291 684 casus
1315 615 1617 683 sufficere
1644 614 1885 707 bonam
1912 611 2110 679 fidem
2133 611 2376 700 absque
2407 610 2598 679 titulo

301 730 520 795 tenent
556 723 841 792 doctores
865 723 1326 791 communiter.
1362 720 1820 812 Expendamus
1856 739 2036 786 nunc
2073 740 2182 804 an,
2211 718 2383 786 dicta
2412 717 2602 807 Epis-

302 852 615 921 coporum
639 827 865 896 Galliae
891 826 1200 918 possessio
1230 828 1408 896 hisce
1433 825 1917 894 conditionibus
1938 823 2164 891 vestita
2187 824 2291 890 sit.

391 935 470 1003 ΙΙ.
509 933 857 1025 Episcopis
908 933 1157 1003 Gallice
1196 933 1291 1002 ad
1330 933 1584 1002 dietam
1622 931 1993 1020 leqitimam
2028 929 2600 1021 proeseriptionem

298 1064 432 1109 non
456 1039 628 1107 deest
656 1037 939 1106 conditio
966 1040 1267 1107 materiae
1282 1036 1842 1131 proeseriptz‘bz'lis.
1868 1075 1957 1088 —
1975 1035 2236 1104 Etenim
2261 1035 2601 1126 praescribi

299 1166 510 1236 posse,
543 1164 675 1210 non
703 1148 956 1210 tantum
985 1165 1087 1210 res
1119 1141 1504 1225 materiales,
1533 1141 1643 1209 sed
1672 1141 1864 1209 etiam
1881 1142 2059 1231 jura,
2087 1140 2157 1207 in
2187 1139 2485 1209 confesso
2508 1145 2601 1207 est

302 1248 471 1339 apud
497 1269 741 1316 omnes.
772 1246 853 1315 Et
881 1248 951 1314 in
983 1247 1388 1338 particulari,
1409 1249 1522 1337 jus
1556 1246 1928 1314 conferendi
1958 1244 2274 1314 beneficia
2301 1266 2490 1336 posse
2518 1245 2600 1313 ab

300 1376 435 1422 una
456 1375 730 1445 persona
759 1353 1186 1421 ecclesiastica
1215 1357 1437 1421 contra
1463 1352 1662 1419 aliam
1696 1350 2021 1441 praescribi
2067 1349 2455 1441 (dummodo
2480 1350 2600 1418 ad-

300 1460 430 1529 sint
468 1459 791 1548 requisitae
833 1459 975 1527 aliae
1012 1458 1435 1549 conditiones)
1485 1463 1578 1525 est
1606 1458 1845 1549 pariter
1882 1463 2056 1525 extra
2092 1459 2608 1528 controversiam

301 1587 594 1647 omnem,
629 1570 968 1632 etcertum
1009 1564 1118 1632 hic
1162 1566 1620 1656 supponimus.
1671 1587 1707 1628 «
1736 1562 1858 1632 Res
1901 1584 2132 1644 sacrae,
2182 1564 2399 1652 inquit
2444 1563 2606 1632 Fer-

309 1695 344 1736 «
373 1672 557 1753 rarIS,
579 1672 735 1759 jura
761 1669 1147 1760 spiritualia,
1172 1672 1286 1759 jus
1330 1667 1704 1738 conserendi
1725 1667 2036 1735 beneficia
2058 1666 2501 1751 ecclesiastica,
2535 1673 2603 1737 et
2667 1704 2671 1708 >

308 1774 778 1865 «hujusmodi,
829 1775 1014 1843 nullo
1061 1781 1352 1866 tempore
1394 1797 1430 1842 a
1482 1775 1668 1842 laicis
1717 1773 2054 1865 praescribi
2097 1777 2390 1864 possunt,
2446 1795 2609 1842 cum

310 1907 345 1949 «
375 1903 493 1949 nec
522 1881 673 1949 talia
700 1903 737 1947 a
772 1881 951 1948 laicis
994 1881 1307 1971 possideri
1347 1881 1626 1948 valeant.
1673 1879 1928 1948 Dicitur
1967 1884 2183 1947 autem
2225 1883 2528 1947 notanter
2563 1902 2609 1948 a

308 2011 344 2051 (ι
376 1986 564 2054 laicis
576 2010 603 2068 ,·
635 1987 787 2077 quia
810 1987 1095 2055 ecclesiae
1120 1987 1333 2076 quoad
1354 1987 1840 2079 proprietatem,
1862 1987 1944 2055 ab
1963 2008 2100 2055 uno
2118 1986 2381 2077 praelato
2398 1986 2611 2055 eccle-

308 2117 344 2161 «
375 2093 629 2160 siastico
671 2099 894 2161 contra
929 2094 1161 2179 alium,
1211 2100 1274 2161 et
1307 2095 1460 2183 jura
1501 2094 1864 2185 spiritualia
1899 2096 2171 2185 possunt
2213 2093 2354 2160 sine
2403 2092 2609 2162 dubio

311 2223 344 2262 «
373 2198 703 2289 praescribi
729 2222 766 2266 a
793 2199 1049 2267 clericis
1074 2200 1346 2289 aliisque
1370 2200 1664 2290 personis
1688 2198 2133 2267 ecclesiasticis
2158 2220 2175 2264 ε
2203 2197 2609 2278 eommuniS,

310 2326 346 2367 «
378 2325 491 2394 per
523 2309 766 2372 textum
796 2305 869 2372 in
900 2306 1219 2396 capitibus
1254 2305 1314 2387 1,
1345 2304 1415 2386 4,
1443 2304 1513 2387 6,
1547 2304 1654 2390 15,
1695 2304 1802 2390 18,
1841 2307 1936 2373 De
1955 2301 2607 2394 praescriptionibus,

310 2434 345 2473 «
377 2432 530 2477 cum
560 2408 909 2476 similibus.
946 2433 980 2473 »

391 2514 502 2583 Ill.
555 2519 690 2587 Nec
733 2514 938 2581 etiam
985 2512 1162 2582 deest
1205 2513 1499 2583 conditio
1531 2515 1965 2607 possessionis
1994 2515 2125 2606 per
2163 2513 2611 2582 necessarium

305 2634 563 2710 tempus
593 2620 1025 2714 continuatae.
1053 2657 1143 2671 —
1165 2619 1260 2687 De
1286 2627 1574 2712 tempore
1602 2622 1683 2690 ad
1713 2620 2268 2713 praescribendum
2289 2618 2611 2707 requisito

303 2723 395 2793 sic
437 2745 858 2792 communem
902 2745 979 2792 ac
1003 2730 1351 2815 ‚receptam
1392 2729 1779 2795 sententiam
1820 2729 2086 2819 exponit
2131 2726 2554 2795 Reiffenstuel
2587 2749 2606 2793 ε

313 2854 347 2895 ι(
375 2829 706 2910 Quantum
729 2829 1040 2920 temporis
1067 2831 1437 2920 requiratur
1471 2833 1550 2900 ad
1588 2834 2139 2925 praescriptionem
2175 2854 2424 2915 rerum,
2458 2837 2611 2899 turn

315 2961 350 3001 «
377 2936 749 3019 mobilium,
793 2940 938 3004 tum
976 2936 1452 3021 immobilium,
1500 2950 1734 3007 eontra
1770 2939 2126 3029 privatos?
2167 2936 2600 3028 Respondeo:

311 3064 349 3105 ι(
378 3040 458 3108 de
485 3041 650 3109 facto
678 3063 779 3109 res
812 3041 1085 3112 mobiles
1114 3043 1547 3134 privatorum,
1578 3068 1732 3114 cum
1757 3045 1944 3114 titulo
1968 3051 2031 3114 et
2057 3045 2229 3113 bona
2254 3042 2410 3129 fide,
2443 3065 2604 3111 usu-

311 3170 344 3209 «
377 3146 730 3236 capiuntur
760 3148 1041 3216 triennio
1077 3172 1093 3217 :
1123 3172 1225 3218 res
1261 3150 1633 3219 immobiles
1664 3157 1883 3219 autem
1922 3173 2038 3242 per
2072 3151 2265 3241 lonqz'
2293 3150 2608 3240 temporis

313 3276 347 3315 «
375 3252 868 3340 possessionem,
898 3254 964 3322 id
994 3260 1110 3339 est,
1133 3253 1449 3325 decennio
1474 3257 1641 3326 inter
1663 3262 2033 3348 praesentes,
2062 3261 2124 3324 et
2143 3256 2383 3345 viginti
2410 3256 2609 3324 annis

318 3356 545 3422 «inter
568 3357 879 3425 absentes.
929 3358 1024 3426 lta
1064 3382 1246 3428 nunc
1282 3362 1735 3430 communis...
1777 3362 1880 3431 Ad
1909 3361 2386 3453 praescribenda
2430 3361 2610 3429 bona

313 3487 347 3526 «
373 3464 509 3528 tam
531 3458 798 3527 mobilia
822 3481 1022 3549 quam
1045 3462 1411 3532 immobilia
1439 3466 1843 3555 privatorum
1874 3465 2015 3535 sine
2037 3465 2226 3534 titulo
2249 3465 2610 3557 (supposita

313 3570 594 3634 «tamen
627 3564 798 3632 bona
837 3564 965 3632 fide
994 3588 1069 3634 ex
1101 3572 1280 3659 parte
1320 3569 1821 3662 praescribentis)
1859 3570 2218 3662 requiritur
2258 3577 2321 3639 et
2359 3570 2611 3639 sufficit

312 3699 348 3754 ς(
374 3679 637 3765 tempus
663 3670 930 3761 triginta
959 3695 1311 3743 annorum.
1338 3673 1431 3743 Ita
1451 3678 1908 3746 communiS...
1936 3676 2269 3758 Quantum
2290 3676 2608 3767 temporis

314 3806 349 3845 «
373 3784 741 3871 requiratur
758 3780 840 3847 ad
860 3780 1370 3871 praescribendas
1390 3804 1492 3852 res
1516 3783 1886 3854 immobiles
1908 3795 2143 3853 eontra
2165 3783 2462 3853 ecelesias
2483 3786 2544 3850 ?.
2563 3833 2608 3850 ..

312 3909 349 3950 «
378 3884 752 3975 Respondeo
776 3910 794 3954 ε
820 3885 899 3952 ad
921 3887 1398 3978 praescribenda
1416 3888 1589 3956 bona
1607 3889 1972 3959 immobilia
1992 3894 2218 3958 contra
2235 3887 2611 3973 ecclesiam,

315 4012 349 4053 α
378 3987 631 4075 aliaque
657 3989 765 4076 pia
788 3988 927 4058 loca
955 3995 1015 4057 et
1044 4010 1293 4078 causas,
1337 3993 1769 4081 requiruntur
1799 3996 1958 4064 anni
1985 3994 2415 4085 quadraginta
2449 4015 2466 4059 ε
2500 4013 2609 4060 ex-

314 4117 349 4159 «
378 4097 559 4184 cepta
584 4097 805 4160 tamen
828 4094 1119 4182 Romana
1143 4096 1453 4185 Ecclesia,
1489 4107 1713 4170 contra
1733 4124 1933 4192 quam
1962 4107 2024 4170 et
2052 4102 2191 4191 ejus
2212 4101 2367 4189 jura
2397 4097 2611 4165 currit

312 4199 507 4269 «sola
545 4200 912 4268 centenaria
960 4204 1379 4297 praescriptio,
1423 4230 1457 4271 »
1498 4205 1625 4298 (Ad
1668 4207 1936 4277 titulum
1981 4228 2160 4291 xxw,
2206 4204 2364 4272 libri
2404 4225 2449 4270 11
2490 4202 2611 4270 de-

303 4306 670 4389 cretalium,
715 4325 784 4372 n.
833 4305 989 4384 148,
1035 4309 1189 4388 155,
1226 4312 1353 4379 162
1383 4317 1446 4379 et
1473 4311 1649 4404 163).
1691 4314 1846 4383 Haec
1876 4314 2096 4384 firmat
2121 4313 2351 4381 citatus
2378 4314 2608 4378 auctor

303 4415 580 4484 textibus
601 4412 797 4482 etiam
821 4409 855 4479 J
861 4412 1209 4481 ustinianei
1226 4417 1429 4504 juris;
1456 4427 1519 4486 et
1545 4422 1774 4490 merito
1799 4445 1816 4489 2
1847 4422 1970 4490 hoc
1993 4420 2172 4490 enim
2185 4418 2296 4507 jus
2314 4413 2605 4484 Ecclesia
