2930 4982
1158 387 1238 432 ΒΕ
1279 386 1612 433 ΕΑΡΠἬΗΒ.
2447 382 2479 435 2
2493 382 2528 437 2
2545 385 2561 437 l

281 505 447 574 istud
498 504 724 592 negari
768 508 997 594 potest,
1044 504 1307 594 allegari
1339 506 1671 574 dumtaxat
1710 514 1920 597 posset
1955 507 2204 576 dictum
2234 510 2575 581 silentium

283 609 364 677 ad
390 609 790 699 probandam
824 631 957 676 non
989 611 1422 701 interruptam
1462 613 1659 680 fuisse
1687 613 2233 705 praescriptionem
2273 638 2348 683 ex
2394 626 2577 707 parte

284 714 777 806 Episcoporum.
823 715 904 784 Et
930 715 1022 783 sic
1050 717 1131 784 ad
1172 719 1346 784 viam
1379 716 1693 807 legitimae
1725 723 2225 811 praescriptionis
2253 723 2568 794 redimus.

283 820 465 890 Unde
498 843 651 889 vera
689 828 983 890 remanet
1009 823 1400 914 diSJunctiva
1428 827 1635 915 posita
1668 849 1686 892 ε
1721 831 1832 893 aut
1858 848 1972 916 per
2001 827 2358 916 legitimam
2394 851 2576 920 prae-

275 927 700 1018 scriptionem
734 930 846 1019 jus
890 929 1293 997 exclusivum
1330 931 1693 1000 collationis
1734 933 1980 1001 habent
2018 934 2212 1002 hodie
2242 934 2566 1027 Episcopi,

273 1040 383 1100 aut
411 1032 602 1099 nullo
630 1034 821 1101 modo
851 1034 1116 1102 habent.

354 1137 749 1207 Pnorosrrio
778 1141 870 1207 4².
907 1179 1000 1192 —
1023 1142 1351 1233 Episcopi
1386 1144 1662 1221 Gallice,
1694 1165 1828 1211 non
1859 1154 2130 1211 tantum
2145 1144 2386 1234 prima
2414 1145 2571 1232 vice,

269 1243 387 1312 sed
416 1245 622 1312 etiam
640 1258 877 1337 postea
904 1259 1281 1314 constanter
1310 1246 1404 1313 ad
1426 1246 1745 1316 hodierna
1776 1270 1977 1337 usque
2002 1258 2334 1339 tempora,
2376 1273 2576 1318 cano·

269 1351 537 1420 nicatus
566 1365 897 1439 vacanteS,
936 1352 1181 1442 absque
1212 1354 1357 1421 ullo
1395 1353 1685 1444 capituli
1709 1353 2084 1421 interventu
2118 1356 2568 1426 contulerunt.

270 1493 355 1506 —
407 1455 525 1523 Est
553 1456 793 1524 factum
840 1459 1236 1529 notorietatis
1278 1459 1579 1549 publicoe‚
1617 1460 1789 1547 quod
1830 1460 2011 1527 nulla
2058 1461 2434 1550 probatione
2475 1468 2573 1532 in-

274 1562 480 1652 diget.
549 1561 682 1630 Cur
736 1585 922 1646 vero,
987 1586 1119 1631 non
1169 1564 1463 1632 obstante
1523 1564 1816 1633 clausula
1838 1618 1856 1651 ,
1916 1586 2046 1655 qua
2102 1564 2311 1635 libera
2357 1569 2576 1637 confe-

270 1669 465 1738 rendi
510 1668 780 1737 facultas
829 1671 987 1760 ipsis
1021 1693 1154 1761 pro
1198 1672 1428 1762 prima
1476 1671 1615 1739 vice
1664 1671 2162 1760 indulgebatur,
2224 1674 2296 1741 in
2354 1674 2578 1744 subse-

274 1775 632 1865 quentibus
684 1776 880 1843 etiam
925 1778 1365 1845 vacationibus
1418 1778 1596 1845 idem
1637 1780 1747 1868 jus
1795 1777 2025 1847 Galliae
2081 1777 2395 1849 Praesules
2446 1781 2573 1851 sibi

272 1882 776 1973 assumpserint,
829 1903 936 1948 me
980 1905 1246 1973 prorsus
1282 1884 1460 1950 latet.
1496 1882 1588 1951 Ex
1617 1890 1794 1973 parte
1833 1889 2054 1952 autem
2103 1887 2572 1976 capitulorum,

271 1992 388 2055 aut
422 2008 499 2054 ex
539 1993 719 2077 parte
747 1985 926 2054 Sedis
953 1986 1361 2076 Apostolicae,
1404 1986 1659 2053 nullam
1692 1988 2032 2077 hucusque
2061 1996 2346 2057 exortam
2374 1991 2578 2058 recla-

269 2095 634 2161 mationem
677 2113 996 2182 suppon0.
1043 2091 1182 2181 Ego
1228 2093 1455 2160 saltem
1483 2091 1735 2159 nullam
1761 2093 1936 2159 novi.
1970 2092 2205 2162 Notatu
2232 2102 2450 2163 autem
2479 2095 2578 2162 di·

268 2220 488 2288 gnum
542 2203 658 2281 est,
714 2199 905 2265 citata
950 2200 1352 2265 erectiouum
1399 2198 1653 2264 decreta
1674 2248 1693 2278 ,
1744 2198 1818 2263 in
1857 2198 2100 2283 quibus
2142 2200 2419 2268 habetur
2465 2200 2579 2269 illa

268 2303 451 2370 tanti
473 2302 787 2367 momenti
814 2303 1101 2368 clausula
1125 2325 1250 2390 pro
1272 2302 1504 2390 prima
1530 2302 1654 2368 Izac
1683 2301 1847 2382 vice,
1870 2302 2124 2369 occulta
2143 2303 2214 2369 in
2244 2304 2581 2396 Episcopa-

277 2413 480 2474 tuum
508 2407 817 2474 archiviis
848 2409 1253 2496 remansisse,
1282 2413 1346 2474 et
1368 2429 1500 2474 non
1527 2407 1652 2474 nisi
1682 2408 1909 2499 paucis
1931 2407 2172 2477 abhinc
2199 2411 2388 2478 annis
2411 2412 2578 2481 edita

275 2519 345 2583 et
372 2515 444 2581 in
474 2514 733 2603 scriptis
756 2514 1041 2605 publicis
1072 2515 1260 2582 citata
1289 2515 1508 2582 fuisse.
1550 2514 1653 2581 Ad
1690 2536 1796 2582 me
1824 2516 1996 2604 quod
2026 2517 2279 2606 attinet,
2312 2520 2576 2587 nonnisi

274 2642 449 2689 anno
483 2620 655 2687 1852
685 2642 909 2688 eorum
941 2623 1236 2689 notitiam
1265 2621 1494 2687 habui.

368 2726 750 2793 Pnorosmo
795 2725 884 2794 5².
931 2765 1022 2779 -
1056 2728 1375 2818 Capitula
1427 2726 1670 2795 Gallice
1705 2749 1840 2794 non
1878 2727 2189 2796 videntur
2215 2731 2334 2819 jus
2380 2750 2578 2797 suum

273 2829 488 2898 simul
495 2842 704 2897 tanece
743 2830 1123 2899 collationis
1168 2832 1488 2918 amisisse,
1522 2854 1650 2921 per
1681 2833 2055 2922 praefatam
2095 2833 2581 2923 Episcoporum

264 2934 775 3027 possessionem,
805 2941 916 3002 seu
947 2959 1073 3025 per
1118 2935 1494 3025 leqitimam
1524 2935 2125 3026 praescriptionem.
2159 2972 2251 2988 —
2278 2935 2365 3004 Ut
2391 2937 2582 3006 thesis

275 3043 516 3131 hujuS,
561 3062 710 3129 quae
745 3041 941 3108 totius
976 3042 1353 3129 quaestionis
1394 3041 1588 3107 cardo
1628 3044 1745 3121 est,
1792 3039 2045 3108 facilius
2093 3042 2316 3110 veritas
2343 3049 2578 3134 pateat,

280 3148 677 3215 disseremus
726 3148 852 3214 hoc
897 3147 1129 3215 ordine
1177 3170 1194 3214 ι
1242 3145 1464 3213 Primo
1512 3146 1910 3213 conditiones
1961 3148 2444 3217 recensebimus
2498 3149 2579 3218 ad

280 3250 647 3340 legitimam
677 3253 1235 3343 praescriptionem
1265 3251 1651 3320 necessarias
1691 3275 1708 3320 ε
1754 3258 1897 3319 tum
1924 3253 2335 3321 ostendemus
2363 3254 2580 3345 plures

288 3376 364 3423 ex
391 3355 469 3423 iis
511 3358 991 3426 conditionibus
1024 3380 1157 3425 non
1198 3358 1476 3425 defuisse
1504 3381 1523 3425 ε
1552 3363 1770 3449 postea
1804 3379 2009 3426 unam
2046 3360 2270 3428 saltem
2300 3361 2579 3430 defuisse

288 3462 711 3550 probabimus
736 3464 1048 3531 :demum
1074 3465 1560 3532 conclusionem
1590 3465 2005 3534 deducemus.

376 3568 427 3636 l.
466 3572 897 3637 Recensentur
932 3569 1331 3638 conditiones
1364 3583 1653 3661 quatuor
1696 3571 1789 3639 ad
1820 3572 2194 3661 leqitimam
2220 3572 2582 3663 praescrip-

294 3676 535 3746 tionem
579 3675 980 3745 necessariae.
1010 3714 1103 3729 —-
1133 3704 1169 3742 «
1193 3678 1281 3745 Ut
1310 3678 1730 3767 praescriptio,
1779 3676 1912 3743 sive
1956 3679 2271 3765 usucapio
2307 3678 2390 3743 sit
2425 3677 2584 3767 legi-

298 3809 331 3850 «
355 3773 635 3870 tima...,
665 3783 886 3875 plures
923 3782 1352 3871 requiruntur
1388 3782 1814 3861 conditioneS,
1857 3781 2153 3847 videlicet
2196 3792 2528 3870 sequentes
2557 3811 2573 3855 ε

297 3916 329 3955 «
362 3892 428 3957 10
456 3897 531 3957 ut
560 3912 663 3958 res
703 3891 783 3958 sit
821 3894 967 3980 apta
1011 3887 1346 3979 praescribi
1380 3910 1395 3967 ;
1424 3886 1495 3953 2⁰
1523 3886 1697 3953 bona
1740 3884 1933 3972 fides;
1963 3884 2032 3953 3⁰
2062 3885 2276 3976 justus
2307 3891 2574 3979 titulus;

299 4021 333 4061 α
360 3998 432 4063 40
455 3997 794 4087 possessio,
835 4002 897 4064 et
927 3996 1192 4085 quidem
1228 3995 1523 4085 legitimo
1550 4000 1841 4085 tempore
1883 3992 2276 4066 continuata.
2315 4023 2350 4064 »
2384 4000 2580 4091 (Reif-

293 4102 591 4185 fenstuel,
621 4103 700 4169 ad
736 4089 836 4170 tit.
886 4124 1069 4188 xxvi,
1112 4098 1231 4169 lib.
1281 4125 1326 4169 11
1377 4100 1830 4183 decretalium,
1864 4122 1933 4167 n.
1980 4099 2118 4193 24.)
2156 4103 2250 4173 Ita
2291 4106 2579 4174 doctores

295 4193 755 4276 communiter.
780 4208 884 4276 Ad
903 4209 1167 4298 titulum
1186 4214 1406 4275 tamen
1432 4207 1607 4297 quod
1629 4208 1875 4295 attinet,
1903 4208 2208 4279 adnotant
2228 4212 2421 4278 illum
2445 4225 2580 4269 non

298 4317 535 4404 requiri
575 4307 827 4407 semper
868 4322 931 4383 et
971 4314 1275 4384 absolute
1302 4366 1320 4402 ‚
1369 4314 1479 4382 sed
1531 4315 1936 4386 solummodo
1983 4319 2249 4385 relative
2291 4311 2373 4375 ad
2422 4303 2583 4411 duos

301 4439 512 4509 casus3
559 4407 879 4488 nimirum
925 4426 1001 4488 ut
1040 4420 1316 4487 sufficiat
1356 4418 1609 4489 brevior
1637 4423 2062 4513 praescriptio,
2094 4424 2158 4483 et
2188 4398 2448 4490 Quand⁰
2475 4414 2588 4476 3¹²⁵
