2930 4982
474 340 600 400 482
1458 346 1799 391 ΤΒΑΕΤΑΤῦδ

480 496 519 539 α
560 489 772 541 mores
798 468 1149 561 pertinent,
1196 465 1425 535 delecti
1460 489 1577 556 pro
1604 465 1938 533 moribus:
1970 462 2041 531 in
2073 464 2415 555 temporali
2444 463 2722 534 adminis-

479 602 512 642 α
557 577 857 661 tratione,
914 576 1102 645 electi
1144 597 1261 666 pro
1292 575 1485 642 rebus
1522 572 2017 663 temporalibus.
2057 570 2297 640 Praeter
2345 571 2505 640 alios
2548 578 2722 640 rector

478 707 514 750 α
558 682 916 766 seminarii,
955 689 1099 750 tum
1144 682 1336 749 etiam
1383 681 1665 747 ministri
1698 680 1811 768 qui
1863 678 2213 767 aliquando
2271 680 2541 746 vocandi
2568 684 2723 746 erunt

475 815 511 856 κ
558 812 676 881 pro
697 790 973 877 negotiis
1000 789 1363 858 tractandis.
1399 787 1471 854 ln
1504 787 2004 875 congregatione
2046 787 2486 876 spiritualium
2509 807 2717 872 rerum,

475 921 513 964 α
557 916 631 964 ea
648 899 1088 985 proponantur
1117 914 1191 960 ac
1220 891 1663 960 deliberentur
1687 914 1834 981 quae
1868 892 1949 959 ad
1973 891 2418 982 disciplinam,
2444 913 2641 959 mores
2657 911 2712 958 ac

472 1026 510 1067 α
556 1001 767 1069 studia
799 1001 1144 1091 pertinent.
1197 998 1271 1067 ln
1327 999 1665 1088 temporali
1706 1004 1924 1066 autem
1968 1000 2469 1088 congregatione
2505 1019 2574 1066 ea
2597 1019 2711 1088 per·

468 1135 506 1176 α
551 1113 905 1176 tractentur
925 1129 1069 1196 quae
1096 1106 1173 1174 ad
1190 1106 1573 1173 domesticas
1597 1105 2157 1195 rationeS‚jurium
2169 1106 2700 1188 conservationem,

465 1240 501 1280 α
541 1213 862 1281 bonorum
891 1210 1491 1303 amplificationem,
1526 1212 1920 1302 praediorum
1953 1218 2015 1278 et
2041 1212 2279 1280 aedium
2342 1211 2698 1278 instauratio-

463 1346 499 1386 α
546 1342 696 1388 nem
713 1324 775 1388 et
802 1318 1215 1405 locationem,
1242 1318 1582 1386 fruetuum
1612 1319 2032 1403 exactionem,
2072 1339 2496 1407 expensarum
2544 1322 2691 1387 totius

462 1452 497 1493 α
543 1426 701 1495 anni
731 1425 1031 1507 rationes,
1058 1431 1121 1492 et
1156 1447 1303 1515 quae
1348 1427 1426 1493 ad
1471 1425 1595 1492 alia
1636 1425 1930 1515 ejusdem
1988 1423 2242 1513 generis
2273 1430 2566 1515 spectant.
2599 1424 2687 1493 Ros

461 1558 497 1598 «
543 1555 768 1601 omnes
795 1533 873 1600 de
913 1532 1155 1622 quibus
1184 1530 1252 1598 in
1289 1532 1785 1621 congregatione
1840 1532 2003 1598 inita
2051 1536 2148 1598 est
2182 1531 2570 1617 consultatio,
2622 1532 2684 1599 ad

456 1663 492 1702 ι(
534 1637 868 1706 reverend.
914 1636 1526 1727 Archiepiscopum,
1582 1659 1736 1704 cum
1783 1638 1919 1728 ipse
1956 1637 2429 1727 congregationi
2458 1657 2567 1702 non
2595 1636 2681 1701 in-

457 1766 490 1808 «
538 1745 854 1828 terfuerit,
881 1742 1275 1825 referantur3
1304 1744 1414 1831 qui
1452 1743 1585 1809 sive
1617 1742 2102 1832 congregationi
2130 1741 2403 1829 intersit,
2426 1742 2675 1823 sirenon,

451 1872 486 1914 α
535 1847 654 1916 ubi
674 1849 1132 1937 deputatorum
1160 1847 1541 1915 sententiam
1574 1849 1791 1937 (quam
1827 1855 2044 1916 tamen
2066 1871 2141 1915 ex
2181 1848 2431 1915 decreto
2458 1846 2679 1938 provin-

454 1978 489 2020 «
540 1955 685 2022 ciali
711 1954 891 2042 sequi
919 1975 1048 2020 non
1080 1952 1364 2043 cogitur)
1390 1954 1690 2039 audierit,
1715 1953 1851 2044 ipse
1871 1954 2180 2021 deliberet
2207 1974 2282 2020 ac
2300 1958 2525 2021 statuat
2546 1971 2678 2040 quae·

453 2083 486 2121 «
537 2079 819 2147 cumque
849 2080 965 2148 pro
997 2079 1113 2125 sua
1144 2059 1374 2146 pietate
1425 2081 1501 2127 ac
1541 2060 1884 2149 prudentia
1916 2061 1994 2126 ad
2025 2060 2353 2127 seminarii
2385 2060 2676 2127 utilitatem

449 2189 485 2231 α
530 2165 779 2257 potiora
807 2187 942 2232 esse
962 2164 1441 2232 existimaverit.
1468 2165 1805 2256 Quidquid
1829 2165 2061 2234 deinde
2089 2166 2421 2234 reverend.
2450 2164 2676 2233 Archie-

445 2296 481 2339 α
533 2274 795 2364 piscopo
819 2272 1169 2351 videbitur,
1211 2278 1420 2339 rector
1449 2273 1587 2363 ipse
1611 2274 2104 2366 quamprimum
2135 2274 2543 2362 etdiligenter
2562 2290 2678 2337 exe-

445 2402 480 2444 «
527 2384 791 2468 quatur,
850 2379 974 2444 nisi
1016 2378 1218 2444 alium
1259 2377 1434 2447 idem
1488 2380 2035 2470 Archiepiscopus
2081 2379 2411 2470 delegarit.
2450 2403 2484 2444 ι)
2530 2376 2683 2467 (Acta

432 2481 719 2550 ecclesiae
748 2480 1271 2571 Mediolanensis‚
1302 2488 1349 2551 t.
1384 2482 1476 2562 V,
1498 2507 1563 2574 p.
1597 2482 1782 2575 863.)

1350 2714 1639 2820 cAp'nT
1692 2761 1781 2820 xl

430 2930 633 2976 mim
690 2931 1025 2977 carrrnmu
1072 2932 1169 2979 ms
1228 2933 1471 2976 ΗΑΒΕΑΤ
1522 2932 1807 2978 manum
1861 2934 2099 2986 moun)
2158 2935 2320 2980 sonvr
2370 2936 2405 2979 A
2462 2932 2684 2980 noman

1413 3025 1740 3083 necamus?

516 3217 828 3284 Prohibet
855 3219 1186 3286 decretum
1211 3219 1470 3286 concilii
1493 3216 1859 3288 Tridentini
1882 3223 1963 3313 (c.
1997 3223 2105 3307 14,
2133 3246 2286 3292 sess.
2319 3223 2431 3315 24)
2461 3218 2678 3291 etbulla

426 3322 626 3391 sancti
650 3321 850 3406 PiiV,
911 3327 1169 3391 Durum
1217 3325 1437 3410 nimis,
1474 3347 1557 3391 ne
1582 3348 1700 3415 pro
1731 3329 1967 3397 talibus
2018 3333 2498 3421 receptionibus
2514 3327 2675 3419 quid-

422 3448 622 3519 quam
649 3428 966 3515 exigatur,
990 3428 1188 3518 idque
1204 3430 1328 3496 sub
1354 3431 1564 3519 poenis
1584 3432 2011 3519 gravissimis
2045 3434 2231 3515 Quod
2263 3442 2479 3505 tamen
2506 3434 2676 3503 intel-

421 3533 762 3627 ligendum
792 3532 915 3602 sub
934 3534 1473 3624 explicationibus
1503 3557 1662 3624 quas
1689 3537 1782 3606 sic
1813 3540 2007 3607 tradit
2034 3540 2381 3610 Monacelli
2410 3567 2427 3610 ε

520 3671 555 3711 «
581 3631 726 3712 Non
761 3648 977 3711 autem
1001 3643 1214 3710 omnis
1236 3643 1454 3733 petitio
1480 3665 1627 3734 quae
1658 3645 1729 3712 iit
1754 3668 1790 3713 a
1826 3648 2125 3738 capitulis
2146 3655 2210 3716 et
2229 3650 2465 3717 solutio
2489 3670 2526 3716 a
2550 3666 2681 3738 pro·

431 3776 467 3818 α
490 3752 643 3820 visis
671 3756 765 3818 est
794 3750 1020 3818 illicita
1058 3775 1072 3817 ε
1103 3751 1414 3839 quoniam
1452 3751 1668 3841 plures
1691 3759 1844 3820 sunt
1883 3777 2068 3822 casus
2111 3756 2179 3822 in
2213 3756 2455 3845 quibus
2493 3755 2682 3842 dispo-

428 3880 465 3925 «
492 3858 635 3925 sitio
662 3857 775 3947 huj
787 3878 861 3923 us
885 3855 1082 3922 bullae
1103 3877 1235 3922 non
1271 3856 1490 3922 intrat.
1527 3855 1673 3923 Non
1694 3860 1872 3925 enim
1898 3861 2391 3951 comprehendit
2430 3876 2679 3929 consue-

427 3987 460 4029 «
494 3965 749 4034 tudines
777 3970 838 4031 et
872 3968 1103 4031 statuta
1133 3962 1372 4051 quibus
1393 3962 1762 4050 disponitur
1802 3967 1975 4054 quod
2002 3967 2083 4033 ab
2113 3964 2554 4035 obtinentibus
2579 3965 2680 4031 be-

425 4091 460 4132 «
489 4067 719 4133 neficia
746 4076 808 4134 et
836 4067 1257 4137 canonicatus
1286 4068 1355 4135 in
1403 4068 1882 4138 cathedralibus
1926 4078 1988 4139 et
2025 4073 2382 4163 collegiatis
2409 4057 2676 4141 ecclesiis

416 4200 449 4239 >2
488 4172 743 4240 olvatur
772 4180 833 4238 et
848 4176 1141 4261 exigatur
1170 4177 1447 4265 aliquid,
1483 4177 1657 4265 quod
1690 4199 1822 4244 non
1852 4179 1918 4244 in
1961 4179 2259 4268 ipsorum
2288 4179 2669 4269 exigentium

423 4308 457 4349 κ
479 4278 885 4362 sutilitatem‚
945 4300 1067 4343 nec
1092 4303 1211 4366 pro
1244 4283 1540 4371 ingressu
1587 4287 1647 4349 et
1672 4283 2062 4351 admissione
2113 4280 2667 4376 accipiatur,sedin

416 4412 451 4450 «
481 4382 882 4473 aliquospios
909 4401 1068 4448 usus
1090 4393 1498 4455 convertatur
1524 4412 1540 4456 :
1563 4390 1685 4458 hoc
1710 4391 1947 4458 etenim
1987 4390 2240 4481 nullam
2270 4385 2536 4461 avaritiae
2560 4399 2662 4452 seu
