2930 4982
371 393 451 450 20
1339 404 1681 451 'rnac‘ruus

376 551 408 592 «
442 524 590 611 bus,
638 524 803 592 sicut
837 530 1083 614 pugnat
1135 546 1288 593 cum
1317 524 1584 592 historia
1617 529 1681 592 et
1725 523 1948 607 factis3
1981 524 2090 592 sed
2138 522 2544 614 pertinebant
2565 520 2638 587 ad

373 657 408 695 ι(
435 627 791 714 cardinem,
833 630 967 697 sive
996 613 1077 698 ad
1105 630 1467 699 cardinales
1490 629 1822 698 collective
1847 635 2171 720 sumptos,
2195 630 2262 697 id
2286 634 2400 708 est,
2424 627 2500 695 ad
2532 648 2643 694 ca-

376 763 408 800 «
440 737 748 827 pitulum,
797 759 930 805 non
984 737 1064 805 ad
1108 736 1444 804 individua
1499 736 1818 804 membra.
1854 762 1887 801 »
1952 736 2203 827 (Nardi,
2254 736 2394 804 loco
2434 733 2638 815 citato,

366 867 432 934 p.
456 843 643 935 421.)
667 842 867 913 Docet
891 850 1117 913 auctor
1144 844 1253 912 ille
1282 845 1352 911 in
1376 844 1700 935 praedictis
1737 845 2033 912 oratoriis
2052 844 2386 911 civitatum
2412 863 2448 907 a
2472 839 2641 928 capi·

363 949 515 1017 tulis
535 950 867 1019 collocatos
898 950 1094 1019 fuisse
1120 955 1493 1040 temporum
1524 951 1800 1019 decursu
1836 950 2190 1019 sacerdotes
2218 946 2485 1017 secundi
2508 966 2643 1032 gra-

242 1148 249 1153 ,
363 1056 507 1139 duS‚
544 1057 658 1145 qui
680 1057 881 1124 veluti
905 1057 1245 1148 capellani,
1293 1058 1435 1126 loco
1471 1058 1813 1149 ipsiusmet
1846 1057 2138 1148 capituli,
2181 1057 2312 1124 illis
2356 1052 2642 1123 oratoriis

363 1162 793 1230 inserviebant
817 1168 879 1229 et
906 1184 978 1230 ea
1007 1164 1474 1232 custodiebant.
1513 1164 1605 1231 Ex
1636 1164 2034 1253 negligentia
2068 1169 2288 1231 autem
2314 1167 2375 1229 et
2408 1158 2640 1228 desidia

361 1267 794 1358 capitulorum
836 1269 1146 1347 evenisse,
1177 1275 1253 1336 ut
1281 1269 1666 1359 hujusmodi
1703 1270 2017 1360 capellani
2067 1269 2385 1361 paulatim
2434 1269 2505 1335 in
2533 1285 2640 1355 pa-

358 1372 587 1441 rochos
616 1395 653 1440 a
679 1374 1028 1443 cathedrali
1067 1398 1181 1444 seu
1207 1377 1491 1467 capitulo
1531 1377 2036 1466 independentes
2066 1376 2464 1446 transierint.

446 1477 818 1548 Notandum
848 1502 999 1549 vero
1029 1482 1426 1572 Jampridem
1453 1503 1492 1550 a
1526 1481 1816 1551 Summis
1863 1481 2292 1551 Pontificibus
2319 1481 2642 1549 decretum

359 1584 576 1670 fuisse,
633 1587 804 1653 sicut
876 1608 1119 1655 nomen
1189 1591 1421 1678 Papae,
1477 1588 1637 1656 olim
1695 1588 2033 1680 Episcopis
2087 1608 2473 1669 commune,
2536 1581 2646 1651 soli

358 1690 650 1760 Romano
673 1692 977 1761 Pontifici
1002 1718 1018 1778 ;
1045 1694 1133 1761 ita
1159 1716 1402 1762 nomen
1442 1692 1894 1763 cardinalium
1917 1695 2067 1764 solis
2096 1695 2410 1764 Romanae
2432 1690 2644 1761 Eccle-

280 1866 285 1870 .
358 1796 469 1868 siae
492 1799 931 1868 cardinalibus
978 1822 1112 1868 esse
1149 1801 1606 1869 tribuendum.
1649 1801 1747 1869 Ex
1787 1803 2044 1871 indulto
2093 1802 2360 1892 speciali
2407 1796 2642 1886 excepti

357 1906 656 1974 canonici
707 1905 923 1975 Sancti
973 1903 1199 1974 Jacobi
1248 1905 1720 1998 Compostellae,
1769 1913 1831 1975 et
1883 1906 2153 1997 quidam
2214 1906 2353 1987 alii,
2406 1902 2640 1994 quibus

356 2033 592 2080 nomen
621 2012 789 2097 illud
819 2012 1095 2079 retinere
1141 2013 1534 2103 permissum
1559 2020 1674 2083 est.

442 2118 554 2187 IV.
606 2121 904 2187 Potestas
929 2131 993 2186 et
1004 2121 1540 2210 praeeminentia.
1565 2161 1656 2174 —
1679 2121 2039 2211 Episcopus
2066 2142 2198 2187 non
2221 2123 2466 2209 poterat
2493 2137 2640 2183 cau·

354 2249 453 2295 sas
474 2225 771 2316 judicare
799 2228 939 2295 sine
970 2230 1343 2296 interventu
1364 2236 1426 2296 et
1445 2230 1714 2298 consilio
1744 2228 1844 2296 sui
1874 2233 2161 2313 senamS,
2186 2225 2250 2293 id
2282 2229 2399 2307 est,
2430 2220 2637 2289 cathe-

354 2334 552 2401 dralis
580 2334 885 2421 collegii:
943 2335 1280 2401 Assistant
1324 2348 1553 2405 autem
1585 2335 1845 2426 judicio
1880 2334 2145 2402 diaconi
2186 2324 2644 2424 etpresbyteri

356 2437 876 2528 (Constitutiones
916 2438 1325 2529 Apostolicae‚
1358 2441 1404 2507 l.
1448 2441 1517 2523 2,
1555 2463 1614 2508 c.
1653 2441 1788 2530 47).
1842 2440 2216 2508 Concilium
2246 2444 2462 2506 autem
2497 2433 2637 2501 llli-

351 2543 722 2612 beritanum
748 2545 905 2613 anni
935 2543 1066 2612 305
1089 2545 1181 2612 sic
1205 2546 1400 2613 habet
1427 2567 1674 2614 canone
1709 2547 1794 2614 74
1828 2570 1844 2613 z
1898 2545 1973 2614 Si
1989 2556 2217 2613 autem
2238 2567 2376 2612 non
2393 2539 2635 2633 proba-

353 2650 519 2718 verit
570 2661 925 2719 conventus
976 2651 1395 2741 clericorum,
1438 2653 1709 2743 placuit
1747 2676 1878 2746 per
1919 2652 2450 2744 quinquennium
2482 2647 2635 2714 abs·-

356 2759 570 2827 tinet-i.

442 2866 816 2957 Episcopus
837 2866 1098 2934 nullius
1132 2888 1401 2934 causam
1426 2866 1662 2935 audiat
1691 2867 1936 2957 absque
1964 2866 2334 2957 praesentia
2364 2862 2632 2933 clerico·

352 2998 386 3037 7
391 2995 505 3040 um
521 2995 820 3059 suorum,
854 2972 1158 3071 alioquin
1184 2973 1382 3041 irrita
1408 2974 1535 3042 erit
1560 2974 1889 3042 sententia
1914 2973 2265 3064 Episcopi,
2293 2972 2423 3039 nisi
2416 2967 2608 3035 cle7
2582 2991 2637 3031 2-

353 3101 577 3146 corum
604 3079 929 3145 sententia
947 3080 1280 3167 firmetur.
1312 3080 1589 3169 (Concil.
1621 3081 1925 3171 Carthag.
1956 3080 2075 3157 lV,
2102 3100 2244 3147 can.
2280 3075 2389 3143 23.
2399 3072 2419 3163 )

440 3184 562 3252 Illa
584 3185 925 3253 necessitas
965 3187 1320 3275 praesentiae
1361 3192 1424 3254 et
1452 3188 1703 3256 consilii
1747 3187 2211 3270 canonicorum
2258 3183 2328 3248 in
2367 3180 2634 3271 judiciis

350 3290 648 3380 Episcopi
670 3290 858 3356 firma
882 3291 1303 3379 permanebat
1323 3292 1539 3361 adhuc
1567 3275 1781 3360 media
1810 3296 2011 3359 aetate.
2043 3288 2153 3359 Sic
2183 3288 2362 3355 enim
2396 3288 2634 3375 legitur

352 3399 420 3464 in
450 3394 997 3486 Excerptionibus
1021 3396 1327 3487 Eqberti,
1360 3405 1605 3466 canone
1639 3398 1725 3484 45
1753 3422 1768 3465 ε
1797 3396 2168 3486 Episcopus
2193 3393 2452 3461 nullius
2480 3414 2634 3459 cau-

349 3525 494 3571 sam
548 3500 790 3569 audiat
845 3500 1088 3592 absque
1127 3503 1489 3593 praesentia
1553 3505 1935 3572 clericorum
1997 3499 2300 3585 suorum,
2359 3512 2629 3592 excepta

351 3632 549 3678 causa
599 3607 1036 3699 confessionis.
1091 3608 1280 3686 Juxta
1328 3612 1684 3679 concilium
1715 3612 1988 3679 Elvense
2017 3610 2175 3679 anni
2221 3609 2391 3678 1065
2423 3629 2629 3676 causae

348 3716 563 3783 adhuc
595 3715 1001 3804 pertinebant
1028 3713 1472 3807 adjudicium
1515 3719 1837 3811 Episcopi
1866 3731 1931 3786 et
1983 3716 2491 3785 Canonicorum.

435 3818 705 3886 Dicebat
747 3820 815 3889 S.
859 3820 1355 3911 Chrysostomus
1402 3825 1481 3892 de
1528 3847 1646 3893 suo
1704 3823 1977 3909 collegio
2047 3820 2398 3890 cathedrali
2433 3844 2449 3887 :
2506 3817 2633 3900 Qui

345 3924 679 3993 nobiscum
731 3926 962 3993 navim
1010 3928 1409 4017 qubernant,
1470 3930 1701 3996 navim
1756 3925 2128 4016 demerqere
2171 3938 2331 3995 sunt
2373 3924 2617 3994 conati.

345 4030 595 4121 (Sermo
629 4038 771 4121 post
797 4033 1108 4123 reditum',
1142 4058 1209 4103 n.
1242 4034 1339 4127 5.)

429 4136 612 4207 Sicut
638 4138 854 4225 hodie,
882 4141 966 4207 ita
1001 4143 1084 4210 ab
1103 4142 1291 4212 initio
1314 4149 1377 4211 et
1394 4163 1511 4233 per
1540 4163 1673 4210 non
1695 4143 2126 4234 interruptam
2158 4142 2389 4209 seriem
2420 4157 2621 4205 saecu-

337 4248 576 4329 lorum,
637 4251 892 4314 mortuo
941 4246 1284 4339 Episcopo,
1347 4249 1749 4339 gubernium
1808 4250 2091 4318 ecclesiae
2139 4248 2217 4314 ad
2266 4244 2616 4333 collegium

334 4348 694 4417 cathedrale
738 4350 1116 4438 pertinebat.
1151 4351 1342 4443 (Vide
1391 4352 1593 4434 Cone.
1639 4353 1939 4423 Arausic.
1976 4354 2027 4437 l,
2062 4372 2307 4421 canone
2336 4348 2476 4438 30.)
2505 4344 2621 4414 Or-

328 4448 686 4521 dinationes
742 4454 883 4522 fieri
937 4458 1295 4546 nequibant
1348 4459 1595 4549 absque
1641 4462 1932 4553 ejusdem
1994 4458 2249 4549 collegii
2300 4454 2613 4528 consilio:
