2930 4982
1206 328 1286 373 nn
1330 326 1654 374 ennomus,
2451 319 2569 376 39¹

295 440 450 532 (dec.
474 443 631 529 455,
652 467 722 513 n.
744 445 815 532 4,
828 454 1015 533 part.
1032 445 1100 529 4,
1113 444 1298 535 rea).
1321 444 1757 527 Quamobrem
1770 441 2206 535 fundationes
2226 446 2581 518 missarum

290 561 354 618 et
380 551 996 618 anniversariorum
1023 549 1106 618 de
1136 551 1370 641 quibus
1402 551 1656 641 aqitur,
1685 572 1833 618 cum
1860 550 2221 641 respiciant
2253 551 2587 623 adminis-

288 657 646 724 trationem
676 668 741 724 et
768 656 1064 747 reqimen
1100 656 1413 740 ecclesiae,
1457 656 1667 747 recipi
1686 668 2012 745 nequeunt
2032 678 2157 746 per
2191 657 2589 748 Diynitates

286 782 435 828 cum
473 762 617 829 solo
651 783 970 830 ‘consensu
1005 761 1330 853 Episcopi
1363 773 1428 829 et
1457 761 1600 830 sine
1638 761 1768 829 illo
1808 759 2210 830 simultaneo
2248 763 2541 853 capituli
2553 784 2584 848 ,·

285 890 448 935 nam
477 868 729 958 quoties
764 868 1125 958 requiritur
1165 890 1515 936 consensus
1559 866 1876 949 duorum,
1924 868 2264 959 sufficiens
2303 891 2439 938 non
2488 881 2587 940 est

286 994 630 1042 consensus
675 975 902 1060 unius,
945 962 1061 1042 sed
1097 975 1451 1043 amborum
1477 975 1881 1045 intervenire
1924 997 2176 1043 necesse
2216 988 2335 1043 est.
2373 977 2578 1064 (Rota,

282 1079 484 1147 decis.
539 1081 739 1166 1620,
808 1103 1027 1150 coram
1085 1079 1387 1173 Caprara,
1449 1082 1523 1149 in
1589 1078 2104 1169 Gerundinensi,
2180 1081 2262 1149 15
2328 1080 2583 1151 decem·

279 1185 425 1252 bris
460 1185 686 1278 1702.)

373 1289 670 1361 Notanda
706 1298 859 1360 sunt
897 1292 1084 1362 valde
1125 1293 1320 1360 verba
1349 1294 1491 1361 haec
1533 1290 1906 1361 Tridentini
1930 1290 2021 1358 de
2052 1289 2317 1358 servitio
2357 1289 2584 1362 chori:

265 1397 485 1486 juoeta
508 1399 809 1488 formam
836 1400 920 1467 ab
959 1397 1204 1468 eisdem
1230 1398 1586 1490 Episcopis
1612 1394 2198 1488 praescribendam.
2237 1394 2587 1466 Tribuitur

280 1503 546 1591 quidem
583 1503 917 1594 Episcopis
962 1510 1235 1596 potestas
1279 1504 1757 1571 determinandi
1805 1503 2086 1570 formam
2133 1501 2382 1569 servitii
2425 1501 2587 1570 cho·

279 1606 471 1696 ralis;
514 1610 624 1677 sed
650 1631 781 1678 non
807 1611 1066 1697 excludi
1101 1615 1477 1701 potestatem
1508 1610 1777 1700 capituli
1808 1610 1980 1677 circa
2008 1608 2181 1675 idem
2229 1606 2580 1693 statuendi,

278 1734 361 1781 ac
393 1715 665 1805 proinde
693 1737 826 1784 non
863 1717 1067 1785 tribui
1097 1717 1415 1807 Episcopo
1450 1715 1832 1806 praedictam
1862 1715 2229 1783 facultatem
2258 1713 2387 1782 nisi
2420 1735 2580 1782 cum

277 1841 538 1889 assensu
566 1824 833 1913 capituli
860 1825 1306 1910 exercendam,
1339 1824 1869 1893 concludendum
1903 1833 1999 1891 est
2034 1844 2111 1891 ex
2154 1821 2363 1895 allatis
2399 1820 2577 1893 Rotae

276 1926 743 1999 decisionibus:
774 1952 956 2000 secus
975 1932 1154 1999 enim
1172 1931 1349 1998 falsae
1369 1935 1580 1997 essent
1597 1929 1725 1998 illae
1745 1929 2123 2012 decisiones,
2151 1935 2214 1996 et
2233 1927 2390 1996 falsa
2410 1934 2576 1996 esset

271 2032 721 2122 receptissima
746 2033 1095 2102 doctorum
1121 2035 1471 2103 sententia.

363 2135 743 2206 Pnorosrrio
773 2139 862 2207 8⁶.
900 2178 989 2191 —
1024 2141 1216 2208 Circa
1252 2139 1548 2229 reqimen
1597 2149 1663 2205 et
1703 2135 2353 2205 administrationem
2379 2137 2577 2205 eccle-

276 2239 398 2307 sioe
437 2243 861 2326 cathedralis,
914 2267 1031 2313 nec
1084 2245 1464 2334 capitulum
1517 2244 1661 2313 sine
1717 2264 2030 2310 consensu
2061 2242 2402 2332 Episcopi,
2459 2262 2577 2309 nec

274 2346 664 2439 Episcopus·
685 2349 822 2416 sine
860 2372 1171 2418 consensu
1210 2350 1529 2440 capituli,
1566 2360 1790 2439 potest
1829 2346 2055 2415 valide
2094 2359 2410 2428 statuere,
2453 2357 2572 2414 aut

272 2453 419 2524 iam
458 2467 696 2524 mutuo
729 2479 999 2525 assensu
1023 2457 1339 2526 stabilita
1377 2469 1665 2526 mutare.
1693 2494 1785 2510 -
1817 2455 2091 2526 Videtur
2112 2454 2296 2544 sequi
2325 2475 2398 2521 ex
2424 2473 2575 2544 pro-

271 2564 588 2652 positione
621 2566 1034 2655 praecedenti,
1066 2588 1142 2635 ex
1171 2589 1246 2634 eo
1277 2566 1523 2635 scilicet
1560 2565 1735 2656 quod
1776 2566 1848 2633 in
1894 2564 2004 2632 tali
2033 2564 2299 2633 materia
2324 2564 2571 2653 capitu-

270 2666 413 2734 lum
439 2669 671 2737 habeat
706 2694 781 2739 ex
816 2674 965 2762 jure
995 2674 1338 2741 communi
1379 2673 2117 2764 potestatem-statuendi
2152 2669 2568 2739 cumulative

278 2792 430 2837 cum
471 2775 823 2866 Episcopo·
866 2777 1052 2845 Unde
1096 2781 1321 2857 etiam,
1365 2780 1436 2846 in
1479 2779 1593 2846 tali
1632 2780 1926 2861 materia,
1969 2777 2026 2844 si
2060 2776 2220 2864 quid
2260 2776 2562 2842 nondum

278 2874 781 2946 determinatum
824 2883 971 2965 suit,
1020 2888 1255 2973 poterit
1300 2885 1657 2975 Episcopus
1702 2885 1774 2949 in
1826 2883 2163 2951 statuendo
2210 2879 2567 2969 praevenirc

273 2980 667 3070 capitulum,
698 2990 759 3052 et
782 2988 1074 3054 vicissim·
1095 2992 1462 3079 capitulum
1494 2989 1845 3079 praevenire
1881 2988 2323 3078 Episcopum3
2361 2987 2562 3074 etqui

268 3085 352 3153 ab
373 3086 575 3155 altero
595 3095 1096 3180 praeventusfest,
1124 3095 1314 3161 debet
1336 3099 1567 3162 statuto
1595 3091 1926 3178 assentire,
1957 3091 2084 3159 nisi
2111 3091 2196 3158 ob
2222 3092 2563 3159 irrationa-

267 3190 581 3262 bilitatem
623 3197 1059 3285 rejiciendum
1105 3200 1468 3267 contendat.
1518 3198 1593 3265 ln
1643 3220 1798 3265 casu
1844 3203 2059 3266 autem
2103 3197 2552 3281 contentioniS,

268 3320 402 3366 non
422 3301 659 3370 valebit
682 3309 1018 3389 statutum,
1045 3306 1172 3373 nisi
1196 3307 1513 3374 sententia
1536 3305 1883 3373 tribunalis
1906 3305 2251 3395 superioris
2269 3304 2558 3372 validum

265 3404 646 3476 declaretur.

353 3507 731 3582 Pnoposmo
756 3514 848 3583 9⁸.
876 3554 967 3568 —
994 3518 1249 3585 Statim
1273 3541 1349 3585 ac
1369 3530 1659 3587 erectum
1682 3519 1823 3611 fuit
1851 3517 2126 3609 aliquod
2150 3517 2552 3607 capitulum,

262 3615 360 3683 ad
395 3618 615 3707 ipsum
656 3618 733 3685 de
764 3619 921 3707 jure
958 3624 1295 3689 communi
1325 3625 1623 3713 pertinet
1663 3624 1790 3691 sibi
1825 3635 2085 3691 statuta
2124 3623 2416 3691 condere.
2462 3655 2554 3670 —

261 3718 568 3810 Sequitur
608 3744 683 3790 ex
724 3745 797 3791 eo
841 3727 1014 3813 quod
1050 3727 1282 3794 habeat
1306 3731 1444 3817 juS,
1493 3730 1687 3797 etiam
1730 3730 1870 3797 sine
1912 3751 2179 3798 assensu
2221 3725 2549 3814 Episcopi,

259 3828 582 3896 statuendi
604 3830 673 3896 in
702 3828 798 3897 iis*
822 3852 968 3919 quae
1005 3853 1140 3900 non
1178 3839 1461 3923 tangunt
1501 3840 1749 3906 statum.
1779 3836 2060 3904 ecclesiae
2098 3854 2219 3901 nec
2245 3830 2554 3921 praejudi-

261 3940 409 4001 cant
437 3934 778 4028 Episcopo.
808 3936 889 4004 Et
920 3959 1074 4006 cum
1098 3938 1180 4006 ad
1208 3946 1458 4008 rectum
1485 3941 1752 4032 capituli
1780 3943 2076 4029 regimen
2100 3938 2371 4006 omnino
2398 3958 2555 4006 con-

258 4040 464 4109 ferant
485 4042 700 4132 aliqua
720 4050 891 4112 certa
912 4050 1142 4115 statuta
1161 4048 1242 4115 ab
1261 4048 1567 4117 omnibus
1589 4049 2013 4129 observanda,
2041 4048 2274 4136 poterit
2292 4046 2555 4137 Episco-

256 4168 379 4235 pus
428 4149 791 4239 capitulum
834 4173 1061 4243 cogere
1107 4159 1180 4221 ut
1223 4154 1608 4244 hujusmodi
1653 4158 1886 4220 statuta
1936 4153 2062 4220 sibi
2111 4155 2365 4223 condat.
2415 4153 2556 4220 lino

252 4253 536 4324 vidimus
563 4278 637 4324 su
647 4280 761 4347 pra
783 4260 1134 4328 concilium
1159 4259 1565 4344 Romanum,
1605 4259 1729 4326 sub
1759 4258 2104 4329 Benedicto
2134 4260 2312 4346 XIII,
2341 4259 2406 4324 id
2432 4251 2553 4320 sub

247 4359 455 4447 poenis
515 4362 816 4454 capitulis
864 4365 1249 4455 injunxisse.
1308 4365 1492 4434 Illius
1542 4370 1761 4435 tamen
1820 4368 2079 4437 concilii
2139 4354 2551 4456 provincialis
