2930 4982
315 367 350 422 3
363 367 440 421 58
1278 368 1628 414 TRACTATUS

405 492 509 560 14.
561 490 637 559 In
683 489 890 558 Gallia
945 488 1577 557 administrationem
1633 488 1957 556 bonorum
2014 488 2599 558 ecclesiasticorum

310 603 555 669 exercet
596 602 871 688 potestas
909 594 1163 663 civilis:
1205 599 1270 663 at
1308 617 1441 663 non
1489 617 1564 662 ex
1593 594 1731 663 ullo
1761 595 1973 684 quoad
2012 594 2138 662 boc
2182 617 2337 663 cum
2363 593 2600 665 Sancta

308 704 467 775 Sede
515 703 929 785 concordam,
982 700 1187 769 aliove
1242 702 1417 790 jure.
1481 699 1699 770 Variis
1748 700 2067 769 Gubernii
2124 699 2393 768 decretis
2455 724 2601 790 quae

305 812 490 880 illam
530 809 1162 879 administrationem
1207 808 1506 896 regulaut
1541 829 1619 876 ex
1651 807 2022 875 necessitate
2068 810 2395 895 coguntur
2436 807 2600 898 Epi-

307 919 486 1010 scopi
508 924 572 985 et
594 916 805 986 caeteri
838 915 917 983 de
945 914 1116 982 clero
1151 935 1286 983 sese
1312 914 1634 1003 subjicere
1651 968 1669 1001 ,
1699 914 1903 983 donec
1939 913 2210 981 meliora
2232 913 2605 982 elucescant

305 1032 625 1113 tempora,
650 1027 713 1089 et
734 1041 849 1089 sua
885 1018 1245 1087 Galliarum
1273 1019 1556 1087 ecclesiis
1581 1019 1954 1086 restituatur
1990 1017 2281 1107 legitima
2308 1017 2594 1086 libertas.

310 1126 497 1208 Quod
521 1134 741 1195 autem
764 1125 1178 1194 Gubemium
1195 1126 1350 1193 talia
1377 1125 1504 1193 sibi
1523 1125 1870 1193 tribuenda
1896 1125 2171 1203 duxerit,
2195 1145 2329 1191 non
2359 1144 2596 1215 parum

309 1233 524 1302 effecit
549 1254 902 1301 erroneum
934 1233 1372 1322 gallicanismi
1401 1238 1701 1321 systema.

1393 1513 1521 1591 §3

309 1695 383 1733 AN
428 1694 494 1732 m·
544 1694 811 1740 QUALITER
867 1695 938 1734 DE
992 1696 1124 1734 JURE
1184 1694 1430 1733 connum
1485 1693 1830 1739 REQUIRATUR
1877 1691 2179 1731 CONSENSUS
2225 1691 2462 1730 CAPITULI
2521 1693 2608 1732 At>

377 1789 713 1829 EBECTIONEM
753 1791 907 1829 NOVAE
941 1790 1239 1842 PAROCHIAE,
1282 1789 1674 1840 CANONICATUS,
1706 1789 1808 1828 VEL
1845 1788 2174 1841 DIGNITATIS,
2200 1789 2265 1827 ET
2301 1789 2370 1828 An
2398 1789 2606 1830 (3οΝὒὲ-

379 1882 599 1924 ῺΕΝΒΔΜ
624 1885 804 1924 ALICUI
833 1884 1169 1925 MONASTERIO
1198 1885 1492 1926 ECCLESIAM
1520 1884 1898 1924 PARoeHIALEM

403 2064 464 2126 1.
506 2084 540 2123 «
586 2060 942 2149 Episcopus
969 2082 1101 2127 non
1144 2065 1402 2129 tantum
1437 2062 1789 2131 consilium
1821 2060 2093 2151 capituli
2123 2061 2228 2129 sui
2254 2059 2603 2129 cathedra-

296 2191 352 2255 .<‘
396 2166 505 2245 lis,
554 2167 665 2234 sed
710 2172 773 2233 et
820 2188 1211 2236 consensum
1260 2169 1440 2236 illius
1487 2169 1792 2236 adhibere
1853 2173 2110 2235 tenetur
2150 2167 2227 2234 in
2283 2169 2599 2236 erectione

318 2298 354 2337 «
400 2294 583 2343 novae
609 2274 931 2364 parochias
957 2274 1126 2341 intra
1150 2275 1309 2342 fines
1338 2275 1598 2347 alterius
1629 2273 1983 2364 parocbiae3
2019 2294 2172 2340 curn
2199 2272 2341 2340 haec
2370 2272 2602 2341 divisio

318 2404 354 2443 ι(
400 2379 726 2468 parocbiae
761 2385 823 2446 et
862 2379 1352 2448 dismembratio
1387 2382 1720 2450 redituum
1748 2382 1828 2449 ad
1871 2382 2208 2448 matricem
2256 2379 2597 2449 ecclesiam

320 2506 355 2546 «
404 2483 893 2572 pertinentium,
942 2486 1023 2552 sit
1057 2488 1355 2575 quaedam
1393 2488 1696 2556 alienatio
1726 2510 1947 2556 rerum
1990 2486 2289 2554 Ecclesiae
2319 2485 2397 2577 (F
2398 2508 2604 2575 agna·

321 2612 355 2650 «
401 2610 526 2654 nus
553 2590 629 2655 ad
664 2613 722 2657 c.
766 2590 880 2656 Ad
908 2591 1349 2675 audientiam,
1384 2593 1463 2661 de
1491 2596 1712 2663 eccles.
1739 2594 2006 2685 calista,
2041 2617 2111 2662 n.
2147 2594 2250 2682 50)
2275 2618 2292 2659 ε
2322 2594 2423 2659 his
2454 2614 2603 2660 non

320 2721 355 2761 «
400 2694 688 2763 obstante
711 2697 886 2783 quod
911 2698 1176 2765 facultas
1214 2701 1647 2769 constituendi
1678 2724 1914 2769 novam
1937 2701 2301 2791 parochiam
2326 2698 2599 2766 dicatur

323 2826 357 2865 «
402 2821 440 2869 a
465 2799 843 2868 Tridentino
884 2800 1061 2892 (sess.
1105 2803 1217 2887 2¹,
1261 2827 1318 2872 c.
1369 2807 1434 2894 4)
1475 2828 1778 2874 concessa
1806 2806 2166 2897 Episcopis,
2208 2804 2399 2871 etiam
2437 2808 2603 2871 tan-

323 2934 357 2972 «
397 2929 595 2996 quam
629 2906 808 2976 Sedis
840 2909 1225 2999 Apostolicae
1254 2912 1602 3001 delegatis3
1639 2914 1720 2980 ad
1739 2914 1865 2980 hoc
1891 2913 2071 2979 enim
2090 2931 2479 3004 responsum
2507 2916 2606 2977 est

324 3038 359 3076 «
405 3035 600 3103 supra
647 3013 883 3105 (hujus
926 3018 1161 3107 capitis
1207 3019 1248 3109 ξ
1293 3020 1358 3107 1,
1411 3018 1507 3088 ad
1552 3017 1846 3110 quarto),
1902 3018 2220 3087 nimirum
2275 3016 2452 3105 quod
2496 3015 2605 3082 in-

324 3143 358 3183 «
403 3125 687 3189 structus
732 3122 983 3213 duplici
1020 3130 1350 3214 potestate,
1397 3126 1725 3195 ordinaria
1770 3129 1833 3194 et
1878 3117 2191 3213 delegata,
2221 3125 2275 3191 si
2298 3122 2604 3213 procedat

320 3250 356 3290 «
389 3228 540 3315 jure
568 3230 894 3312 ordinario
913 3230 1356 3320 delegationiS,
1382 3235 1598 3302 adhuc
1629 3234 1915 3321 indigeat
1944 3253 2265 3301 consensu
2288 3230 2597 3320 capituli;

320 3355 355 3393 α
398 3352 581 3401 secus
623 3339 865 3423 tamen,
904 3337 1020 3403 ubi
1048 3340 1336 3427 procedit
1380 3340 1644 3429 speciali
1677 3340 1830 3429 jure
1857 3338 2301 3427 delegationis,
2334 3337 2404 3402 in
2444 3356 2602 3403 casu

325 3459 358 3498 «
399 3436 720 3540 nimirum
756 3442 825 3507 in
858 3464 990 3530 quo
1010 3445 1161 3530 jure
1210 3444 1542 3513 ordinario
1591 3444 1933 3536 procedere
1982 3444 2227 3533 nequit.
2265 3444 2483 3532 Atque
2512 3441 2600 3508 ita

323 3567 357 3607 «
391 3564 524 3611 non
573 3547 785 3634 egebit
840 3570 1156 3617 consensu
1210 3550 1476 3641 capituli
1533 3553 1602 3619 in
1651 3552 1975 3619 erectione
2026 3572 2212 3618 novae
2268 3548 2595 3640 parochiae

318 3677 355 3717 ι(
399 3652 572 3721 intra
616 3654 778 3722 fines
821 3654 1141 3744 parochiae
1191 3657 1496 3747 subjectae
1545 3658 1958 3747 regularibus
2006 3679 2185 3725 exem
2193 3655 2346 3746 ptis,
2391 3674 2594 3743 quam

320 3784 357 3826 (ι
394 3760 603 3830 facere
645 3784 779 3830 non
822 3768 1026 3852 potest
1064 3765 1217 3852 jure
1262 3765 1620 3844 ordinari0,
1664 3772 1868 3856 potest
1923 3771 2143 3838 autem
2200 3763 2409 3830 facere
2448 3763 2605 3850 jure

322 3889 356 3929 «
395 3868 655 3956 speciali
681 3867 1143 3958 delegationis:
1179 3892 1253 3938 ea
1279 3872 1527 3940 ratione
1554 3872 1728 3960 quod
1768 3871 1934 3940 sicut
1963 3870 2136 3960 Papa
2166 3890 2300 3938 non
2327 3866 2602 3933 restrin-

320 3993 353 4031 «
403 3971 584 4064 gitur
611 3975 693 4042 ad
726 3974 905 4042 hunc
946 3995 1333 4043 consensum
1374 3978 1873 4067 exquirendum,
1908 3976 1995 4044 ita
2034 3996 2156 4043 nec
2199 3975 2341 4063 ejus
2386 3971 2597 4039 vices-

310 4096 347 4144 «
394 4094 623 4161 gerens
668 4102 782 4148 seu
829 4081 1179 4172 delegatus.
1220 4082 1455 4172 Egebit
1497 4106 1532 4152 e
1580 4090 1804 4153 contra
1850 4102 2170 4153 consensu
2217 4076 2487 4169 capituli
2525 4075 2594 4143 in

318 4204 353 4242 «
394 4182 711 4250 erectione
733 4186 842 4254 tali
867 4188 1038 4257 intra
1057 4191 1216 4259 fines
1236 4191 1560 4281 parochiae
1588 4212 1718 4258 non
1742 4195 2073 4279 exemptae.
2101 4186 2192 4254 lta
2208 4184 2594 4273 FagnanuS,

317 4310 353 4351 «
397 4286 540 4353 loco
558 4287 771 4355 citato.
806 4314 840 4353 »

396 4394 465 4462 2.
498 4420 532 4460 «
580 4392 917 4485 Quidquid
962 4397 1048 4464 sit
1091 4399 1171 4467 de
1198 4423 1296 4486 ec,
1354 4424 1520 4484 num
1550 4403 1717 4471 sicut
1756 4402 1915 4472 olim
1953 4406 2225 4492 poterat,
2260 4396 2354 4465 sic
2381 4399 2446 4463 et
2474 4393 2603 4461 ho-
