2930 4982
298 359 432 420 380
1235 362 1577 411 ‘suenrus

311 515 348 556 α
395 506 807 578 compescere
849 488 1164 552 statutum
1205 504 1406 573 quam
1447 485 1562 572 jus
1606 501 1985 564 commune,
2029 480 2352 570 siquidem
2390 483 2601 570 magis

308 619 344 661 «
391 595 660 661 timetur
723 589 899 678 quod
951 587 1313 678 specialiter
1344 589 1602 676 jussum
1655 587 1996 677 reperitur.
2038 587 2250 655 Tertio
2303 586 2607 677 producit

309 724 344 764 α
388 697 617 766 saltem
659 695 965 763 effectum
1000 700 1286 784 paternae
1317 693 1722 761 monitionis.
1773 695 2055 774 Quarw,
2089 693 2144 760 si
2172 693 2361 760 fuerit
2378 694 2607 782 jurata

307 828 342 869 α
388 805 533 893 ejus
594 799 1034 887 observantia,
1088 798 1268 866 addit
1327 788 1674 867 vinculum
1720 797 2100 887 juramenti.
2153 796 2234 865 Et
2283 800 2605 888 majorem

310 933 345 974 et
389 906 659 975 habebit
696 905 1187 993 obligationem,
1218 904 1274 972 si
1315 905 1586 995 insuper
1619 905 1759 992 ejus
1809 904 2386 992 transgressoribus
2433 903 2610 992 adji-

307 1041 346 1082 α
388 1016 600 1084 ciatur
630 1013 846 1102 aliqua
866 1033 1055 1102 poena
1076 1013 1475 1102 pecuniaria.
1519 1010 1765 1094 Quinto
1789 1017 1849 1077 et
1879 1010 2138 1096 ultimo,
2170 1011 2322 1099 quia
2346 1010 2606 1077 sublato

307 1147 344 1187 «
384 1124 536 1212 Jure
570 1119 932 1200 communi,
965 1139 1097 1185 non
1118 1124 1407 1186 remanet
1437 1117 1824 1207 abrogatum
1848 1123 2185 1184 statutum.
2358 1126 2361 1131 ’

394 1253 430 1294 α
470 1226 660 1294 Juxta
701 1226 841 1292 haec
890 1245 1310 1315 summopere
1362 1223 1839 1310 adnotandum,
1889 1223 2250 1314 capitulum
2278 1230 2340 1291 et
2390 1245 2603 1292 cano-

185 1330 188 1333 *
306 1360 343 1401 α
388 1333 573 1401 nicos
605 1352 736 1399 non
766 1343 948 1421 posse
979 1330 1151 1398 circa
1188 1331 1391 1398 ardua
1413 1337 1476 1397 et
1504 1330 1825 1419 graviora,
1858 1353 2005 1419 quae
2033 1352 2165 1398 non
2196 1336 2603 1398 concernunt

308 1465 345 1505 α
390 1439 688 1508 debitum
716 1458 851 1507 suae
877 1437 1166 1505 ecclesiae
1188 1437 1554 1523 servitium,
1585 1459 1751 1505 nova
1772 1442 2000 1505 statuta
2026 1437 2236 1521 edere,
2262 1438 2386 1505 nisi
2415 1458 2603 1504 acce-

309 1570 346 1611 «
391 1546 583 1612 dente
637 1564 956 1610 consensu
982 1541 1309 1632 Episcopi,
1350 1548 1483 1609 tam
1534 1544 1603 1608 in
1646 1541 1963 1609 vestibulo
1991 1542 2366 1630 collegiatae,
2395 1563 2602 1630 quam

311 1675 344 1714 a
394 1649 651 1717 deinde.
683 1648 868 1715 Ratio
914 1654 1007 1715 est
1047 1649 1201 1736 quia
1251 1649 1393 1716 haec
1444 1648 1854 1716 decernenda
1896 1655 2049 1717 sunt
2076 1648 2318 1716 saniori
2343 1647 2591 1738 judicio

306 1780 343 1820 α
384 1753 717 1844 Episcopi,
781 1753 851 1820 in
916 1774 1046 1842 quo
1113 1774 1245 1820 non
1313 1754 1739 1844 praesumitur
1811 1754 2177 1842 ignorantia
2222 1753 2417 1843 juriS,
2479 1750 2601 1818 sed

306 1884 343 1925 (ι
386 1858 623 1930 habere
663 1858 1116 1925 omnimodam
1168 1857 1510 1926 scientiam
1561 1860 1641 1927 ad
1691 1858 2231 1948 gubernationem
2283 1864 2600 1947 tempora-

309 1991 343 2032 «
380 1966 550 2033 lium
588 1971 651 2033 et
681 1963 1124 2056 spiritualium
1153 1965 1455 2034 omnium
1488 1966 1909 2035 ecclesiarum
1954 1966 2078 2034 sibi
2131 1966 2589 2054 subjectarum,

311 2096 345 2135 «
388 2070 459 2138 in
489 2071 727 2160 quibus
752 2076 847 2138 est
877 2075 1093 2161 caput.
1122 2096 1157 2135 »

398 2202 433 2241 ιι
472 2175 656 2256 Quod
681 2177 734 2244 si
765 2176 1129 2267 capitulum
1168 2183 1229 2244 et
1268 2177 1560 2245 canonici
1594 2178 1974 2268 hujusmodi
2024 2183 2279 2264 statuta,
2331 2200 2477 2266 quae
2520 2179 2597 2244 de

309 2305 345 2345 a
393 2304 712 2350 consensu
746 2280 1052 2372 Episcopi
1080 2291 1351 2372 possunt
1378 2283 1681 2361 condere,
1727 2283 1968 2405 absque
1997 2284 2136 2372 ejus
2178 2283 2342 2350 scitu
2374 2282 2598 2350 condi-

309 2412 343 2450 «
388 2389 647 2470 derunt,
683 2388 999 2455 dicuntur
1036 2387 1409 2480 imperfecta
1450 2397 1514 2457 et
1561 2390 1820 2457 nullum
1859 2391 1971 2479 jus
2009 2389 2402 2512 producunt,
2444 2390 2600 2479 quia

308 2515 343 2555 ι(
384 2493 452 2557 in
477 2493 914 2559 statuentibus
947 2493 1122 2561 deest
1144 2498 1516 2565 auctoritas.
1547 2523 1582 2560 ³>

398 2621 432 2659 «
475 2595 596 2662 Iste
624 2596 925 2685 Episcopi
965 2619 1343 2678 consensus,
1379 2604 1494 2689 qui
1536 2601 1785 2668 dicitur
1811 2600 2189 2688 essentialis,
2232 2622 2353 2667 non
2381 2599 2590 2687 exigi-

309 2726 344 2765 «
388 2705 496 2767 tur
517 2700 879 2768 necessario
904 2702 976 2768 in
1005 2701 1144 2792 ipso
1174 2708 1347 2772 actu.
1373 2729 1408 2768 »

392 2806 593 2875 Addit
620 2812 840 2875 auctor
866 2829 998 2875 non
1045 2809 1133 2876 ita
1160 2832 1296 2878 esse
1327 2811 1405 2878 de
1436 2810 1707 2878 licentia
1742 2833 1890 2901 quae
1931 2813 2009 2880 de
2038 2814 2189 2901 jure
2225 2809 2599 2901 praecipitur

303 2915 655 2984 obtinenda
675 2915 758 2983 ab
777 2914 1095 3006 Episcopo
1120 2916 1186 2982 in
1206 2916 1350 2984 aliis
1374 2917 1646 2985 actibus.
1671 2916 1816 2985 Non
1841 2918 2082 2986 sufficit
2099 2918 2274 2985 illam
2294 2916 2599 3006 subsequi

304 3019 506 3087 dictos
552 3027 755 3107 actus,
803 3023 914 3089 sed
965 3022 1344 3112 requiritur,
1399 3029 1461 3090 et
1509 3024 1775 3112 quidem
1803 3045 2118 3114 expressa,
2163 3030 2237 3090 ut
2272 3029 2455 3091 actus
2501 3023 2600 3090 isti

307 3125 463 3191 fiant
501 3125 787 3216 capitulo
837 3126 1024 3194 liciti.
1086 3153 1121 3192 «
1151 3128 1226 3195 ln
1258 3130 1509 3196 statutis
1547 3151 1696 3197 vero
1747 3151 1894 3218 quae
1944 3129 2114 3197 fiunt
2158 3152 2194 3195 a
2243 3129 2591 3210 canonicis,

314 3256 349 3297 «
389 3234 541 3300 satis
570 3237 666 3300 est
706 3239 920 3324 postea
960 3237 1723 3324 consensumbpraestari3
1776 3242 1991 3325 atque,
2032 3235 2353 3325 Episcopo
2400 3234 2599 3301 ratifi-

314 3362 349 3402 «
389 3343 599 3420 cante,
647 3340 1104 3408 convalescunt
1132 3345 1365 3407 statuta
1411 3340 1492 3408 de
1535 3341 1730 3409 rebus
1786 3341 2093 3431 gravibus
2135 3347 2418 3432 peracta,
2456 3360 2597 3429 quae

315 3465 349 3506 «
395 3447 583 3510 antea
639 3444 891 3512 nullius
931 3450 1114 3512 erant
1164 3445 1439 3512 roboris.
1503 3446 1716 3535 Atque
1770 3447 2146 3537 huJusmodi
2196 3446 2597 3515 confirmatio

311 3573 345 3614 «
393 3553 699 3639 operatur
725 3572 807 3618 ne
827 3551 1097 3619 ulterius
1118 3551 1196 3617 de
1214 3556 1397 3647 actus
1425 3552 1826 3621 invaliditate
1849 3558 2198 3641 quaeratur.
2237 3578 2271 3615 »

405 3683 438 3720 «
485 3656 647 3744 lm0,
681 3656 999 3747 Episcopo
1041 3663 1352 3747 praesente
1393 3658 1459 3724 in
1518 3658 1801 3749 capitulo
1840 3661 1906 3726 in
1935 3682 2065 3749 quo
2107 3658 2448 3727 conditum
2478 3658 2599 3723 suit

315 3789 350 3827 «
395 3765 656 3852 aliquod
680 3769 1016 3843 statutum,
1044 3766 1096 3831 si
1127 3769 1353 3850 taceat,
1380 3764 1640 3832 videtur
1665 3766 1851 3833 tacite
1873 3766 2267 3833 consentire:
2295 3784 2416 3830 nec
2441 3782 2597 3851 opus

315 3892 349 3930 «
395 3875 490 3935 est
517 3869 641 3936 alia
670 3869 1131 3960 approbatione
1154 3869 1256 3937 vel
1283 3891 1626 3954 consensu,
1655 3892 1810 3938 cum
1838 3871 2117 3939 sufficiat
2138 3872 2396 3939 tacitus,
2426 3893 2460 3932 »

406 3997 438 4035 «
484 3971 588 4040 Ad
634 3976 774 4042 haec
824 3976 878 4042 si
920 3976 1197 4042 vicarius
1244 3976 1564 4063 generalis
1619 3976 1922 4067 Episcopi
1969 3976 2160 4044 suerit
2201 3971 2601 4043 consentiens

314 4101 351 4141 «
393 4075 776 4162 hujusmodi
822 4078 1099 4165 statutis,
1151 4081 1571 4170 praesumitur
1617 4080 1973 4171 Episcopus
2018 4082 2096 4149 de
2157 4082 2259 4149 his
2305 4078 2598 4147 notitiam

315 4206 349 4246 ι(
396 4178 635 4247 habere
657 4204 733 4247 ac
763 4186 1141 4273 approbare.

405 4313 441 4352 «
490 4284 867 4375 Capitulum
901 4295 1128 4376 potest,
1171 4298 1255 4372 ut⁸
1281 4291 1736 4379 indicavimUS,
1762 4301 1994 4362 statuta
2024 4294 2219 4361 etiam
2251 4294 2333 4362 de
2376 4288 2595 4361 arduis

315 4418 352 4459 α
397 4392 675 4462 condere
734 4390 1102 4480 irrequisito
1143 4394 1484 4487 Episcopo,
1530 4404 1848 4467 reservato
1889 4401 2029 4489 ejus
2072 4399 2473 4490 beneplacito
2532 4398 2591 4466 et
