<?xml version="1.0" encoding="UTF-8"?>
<!DOCTYPE html PUBLIC "-//W3C//DTD XHTML 1.0 Transitional//EN"
    "http://www.w3.org/TR/xhtml1/DTD/xhtml1-transitional.dtd">
<html xmlns="http://www.w3.org/1999/xhtml" xml:lang="en" lang="en">
 <head>
  <title>
</title>
<meta http-equiv="Content-Type" content="text/html;charset=utf-8" />
  <meta name='ocr-system' content='tesseract 3.04.00' />
  <meta name='ocr-capabilities' content='ocr_page ocr_carea ocr_par ocr_line ocrx_word'/>
</head>
<body>
  <div class='ocr_page' id='page_1' title='image "./tractatusdecapi00bouigoog_0664.png"; bbox 0 0 2930 4982; ppageno 0'>
   <div class='ocr_carea' id='block_1_1' title="bbox 444 380 1692 437">
    <p class='ocr_par' dir='ltr' id='par_1_1' title="bbox 444 380 1692 437">
     <span class='ocr_line' id='line_1_1' title="bbox 444 380 1692 437; baseline -0.002 0"><span class='ocrx_word' id='word_1_1' title='bbox 444 380 516 437; x_wconf 74' lang='lat'><strong>61</strong></span> <span class='ocrx_word' id='word_1_2' title='bbox 535 382 573 436; x_wconf 63' lang='grc'><strong>4</strong></span> <span class='ocrx_word' id='word_1_3' title='bbox 1479 387 1692 435; x_wconf 68' lang='lat' dir='ltr'><strong>mnu.</strong></span> 
     </span>
    </p>
   </div>
   <div class='ocr_carea' id='block_1_2' title="bbox 437 515 2741 977">
    <p class='ocr_par' dir='ltr' id='par_1_2' title="bbox 437 515 2741 977">
     <span class='ocr_line' id='line_1_2' title="bbox 442 515 2581 580; baseline 0 -13"><span class='ocrx_word' id='word_1_4' title='bbox 442 516 724 567; x_wconf 59' lang='lat' dir='ltr'><strong>§acuo</strong></span> <span class='ocrx_word' id='word_1_5' title='bbox 754 516 848 564; x_wconf 84' lang='grc' dir='ltr'><strong>ΙΙ.</strong></span> <span class='ocrx_word' id='word_1_6' title='bbox 882 515 1015 578; x_wconf 89' lang='lat' dir='ltr'><strong>Quid</strong></span> <span class='ocrx_word' id='word_1_7' title='bbox 1040 518 1108 566; x_wconf 88' lang='lat' dir='ltr'><strong>sit</strong></span> <span class='ocrx_word' id='word_1_8' title='bbox 1147 515 1431 579; x_wconf 89' lang='lat' dir='ltr'><strong>capitulum</strong></span> <span class='ocrx_word' id='word_1_9' title='bbox 1463 517 1633 580; x_wconf 88' lang='lat' dir='ltr'><strong>quoad</strong></span> <span class='ocrx_word' id='word_1_10' title='bbox 1662 518 1826 566; x_wconf 84' lang='lat' dir='ltr'><strong>varias</strong></span> <span class='ocrx_word' id='word_1_11' title='bbox 1853 527 2097 579; x_wconf 83' lang='lat' dir='ltr'>personas</span> <span class='ocrx_word' id='word_1_12' title='bbox 2131 515 2317 578; x_wconf 90' lang='lat' dir='ltr'><strong>quibus</strong></span> <span class='ocrx_word' id='word_1_13' title='bbox 2347 516 2581 568; x_wconf 78' lang='lat' dir='ltr'><strong>coalescit</strong></span> 
     </span>
     <span class='ocr_line' id='line_1_3' title="bbox 503 599 2736 662; baseline 0 -13"><span class='ocrx_word' id='word_1_14' title='bbox 503 599 582 649; x_wconf 83' lang='lat' dir='ltr'><strong>vel</strong></span> <span class='ocrx_word' id='word_1_15' title='bbox 615 611 729 662; x_wconf 79' lang='lat' dir='ltr'><strong>quoe</strong></span> <span class='ocrx_word' id='word_1_16' title='bbox 756 599 846 660; x_wconf 87' lang='lat' dir='ltr'><strong>ipsi</strong></span> <span class='ocrx_word' id='word_1_17' title='bbox 877 600 1122 660; x_wconf 85' lang='lat' dir='ltr'><strong>aptantur</strong></span> <span class='ocrx_word' id='word_1_18' title='bbox 1132 630 2571 649; x_wconf 87' lang='grc'><strong>..............................................</strong></span> <span class='ocrx_word' id='word_1_19' title='bbox 2674 601 2736 649; x_wconf 83' lang='grc'><strong>56</strong></span> 
     </span>
     <span class='ocr_line' id='line_1_4' title="bbox 438 674 2738 740; baseline -0.003 -9"><span class='ocrx_word' id='word_1_20' title='bbox 438 680 643 732; x_wconf 79' lang='lat' dir='ltr'><strong>CAPUT</strong></span> <span class='ocrx_word' id='word_1_21' title='bbox 677 680 718 728; x_wconf 87' lang='lat'><strong>1.</strong></span> <span class='ocrx_word' id='word_1_22' title='bbox 753 678 945 739; x_wconf 81' lang='lat' dir='ltr'><strong>Quibus</strong></span> <span class='ocrx_word' id='word_1_23' title='bbox 975 677 1174 740; x_wconf 86' lang='lat' dir='ltr'><strong>proprie</strong></span> <span class='ocrx_word' id='word_1_24' title='bbox 1200 676 1428 739; x_wconf 84' lang='lat' dir='ltr'><strong>personis</strong></span> <span class='ocrx_word' id='word_1_25' title='bbox 1444 678 1794 726; x_wconf 76' lang='lat' dir='ltr'><strong>-constituatur</strong></span> <span class='ocrx_word' id='word_1_26' title='bbox 1823 674 2106 738; x_wconf 91' lang='lat' dir='ltr'><strong>capitulum</strong></span> <span class='ocrx_word' id='word_1_27' title='bbox 2117 709 2573 728; x_wconf 87' lang='grc'><strong>...............</strong></span> <span class='ocrx_word' id='word_1_28' title='bbox 2679 678 2738 725; x_wconf 84' lang='grc'><strong>56</strong></span> 
     </span>
     <span class='ocr_line' id='line_1_5' title="bbox 438 754 2741 820; baseline -0.002 -10"><span class='ocrx_word' id='word_1_29' title='bbox 438 759 639 811; x_wconf 80' lang='lat' dir='ltr'>CAPUT</span> <span class='ocrx_word' id='word_1_30' title='bbox 674 758 733 808; x_wconf 91' lang='lat' dir='ltr'><strong>li.</strong></span> <span class='ocrx_word' id='word_1_31' title='bbox 770 758 838 807; x_wconf 91' lang='lat' dir='ltr'><strong>De</strong></span> <span class='ocrx_word' id='word_1_32' title='bbox 874 756 1065 820; x_wconf 75' lang='lat' dir='ltr'><strong>duplici</strong></span> <span class='ocrx_word' id='word_1_33' title='bbox 1095 754 1302 818; x_wconf 88' lang='lat' dir='ltr'><strong>capituli</strong></span> <span class='ocrx_word' id='word_1_34' title='bbox 1330 758 1494 817; x_wconf 87' lang='lat' dir='ltr'><strong>capite</strong></span> <span class='ocrx_word' id='word_1_35' title='bbox 1505 789 2578 808; x_wconf 88' lang='grc'><strong>...................................</strong></span> <span class='ocrx_word' id='word_1_36' title='bbox 2681 758 2741 805; x_wconf 85' lang='grc'><strong>59</strong></span> 
     </span>
     <span class='ocr_line' id='line_1_6' title="bbox 437 833 2586 897; baseline -0.001 -11"><span class='ocrx_word' id='word_1_37' title='bbox 437 836 642 886; x_wconf 79' lang='lat' dir='ltr'>CAPUT</span> <span class='ocrx_word' id='word_1_38' title='bbox 677 834 760 886; x_wconf 87' lang='lat' dir='ltr'><strong>lli.</strong></span> <span class='ocrx_word' id='word_1_39' title='bbox 784 835 1047 896; x_wconf 87' lang='lat' dir='ltr'><strong>Quomodo</strong></span> <span class='ocrx_word' id='word_1_40' title='bbox 1070 847 1130 884; x_wconf 82' lang='lat' dir='ltr'><strong>ex</strong></span> <span class='ocrx_word' id='word_1_41' title='bbox 1152 836 1261 897; x_wconf 89' lang='lat' dir='ltr'><strong>lege</strong></span> <span class='ocrx_word' id='word_1_42' title='bbox 1286 834 1584 884; x_wconf 87' lang='lat' dir='ltr'><strong>Tridentina</strong></span> <span class='ocrx_word' id='word_1_43' title='bbox 1604 845 1782 884; x_wconf 86' lang='lat' dir='ltr'><strong>omnes</strong></span> <span class='ocrx_word' id='word_1_44' title='bbox 1799 835 2125 883; x_wconf 81' lang='lat' dir='ltr'><strong>canonicatus</strong></span> <span class='ocrx_word' id='word_1_45' title='bbox 2145 836 2345 884; x_wconf 86' lang='lat' dir='ltr'><strong>annecti</strong></span> <span class='ocrx_word' id='word_1_46' title='bbox 2368 833 2586 884; x_wconf 88' lang='lat' dir='ltr'><strong>debeant</strong></span> 
     </span>
     <span class='ocr_line' id='line_1_7' title="bbox 499 912 2588 977; baseline -0.001 -11"><span class='ocrx_word' id='word_1_47' title='bbox 499 915 664 966; x_wconf 87' lang='lat' dir='ltr'><strong>tribus</strong></span> <span class='ocrx_word' id='word_1_48' title='bbox 692 916 969 977; x_wconf 78' lang='lat' dir='ltr'><strong>majoribus</strong></span> <span class='ocrx_word' id='word_1_49' title='bbox 995 914 1271 972; x_wconf 84' lang='lat' dir='ltr'><strong>ordinibus,</strong></span> <span class='ocrx_word' id='word_1_50' title='bbox 1301 926 1486 977; x_wconf 82' lang='lat' dir='ltr'><strong>nempe</strong></span> <span class='ocrx_word' id='word_1_51' title='bbox 1512 913 1908 977; x_wconf 78' lang='lat' dir='ltr'><strong>presbyteratus,</strong></span> <span class='ocrx_word' id='word_1_52' title='bbox 1933 912 2231 964; x_wconf 85' lang='lat' dir='ltr'><strong>diaconatus</strong></span> <span class='ocrx_word' id='word_1_53' title='bbox 2256 917 2310 964; x_wconf 89' lang='lat' dir='ltr'><strong>et</strong></span> <span class='ocrx_word' id='word_1_54' title='bbox 2328 913 2588 964; x_wconf 88' lang='lat' dir='ltr'><strong>subdiaco-</strong></span> 
     </span>
    </p>
   </div>
   <div class='ocr_carea' id='block_1_3' title="bbox 441 997 2740 2264">
    <p class='ocr_par' dir='ltr' id='par_1_3' title="bbox 441 997 2737 1217">
     <span class='ocr_line' id='line_1_8' title="bbox 498 997 2734 1049; baseline -0.003 -2"><span class='ocrx_word' id='word_1_55' title='bbox 498 1002 653 1047; x_wconf 88' lang='lat' dir='ltr'><strong>natus</strong></span> <span class='ocrx_word' id='word_1_56' title='bbox 663 1028 2582 1049; x_wconf 82' lang='grc'><strong>.............................................................</strong></span> <span class='ocrx_word' id='word_1_57' title='bbox 2680 997 2734 1047; x_wconf 86' lang='grc'><strong>61</strong></span> 
     </span>
     <span class='ocr_line' id='line_1_9' title="bbox 441 1074 2735 1137; baseline -0.002 -9"><span class='ocrx_word' id='word_1_58' title='bbox 441 1075 647 1128; x_wconf 74' lang='lat' dir='ltr'>CAPUT</span> <span class='ocrx_word' id='word_1_59' title='bbox 684 1075 763 1126; x_wconf 90' lang='lat' dir='ltr'><strong>lV.</strong></span> <span class='ocrx_word' id='word_1_60' title='bbox 801 1076 871 1126; x_wconf 88' lang='lat' dir='ltr'><strong>De</strong></span> <span class='ocrx_word' id='word_1_61' title='bbox 899 1088 1113 1125; x_wconf 90' lang='lat' dir='ltr'><strong>numero</strong></span> <span class='ocrx_word' id='word_1_62' title='bbox 1141 1077 1518 1133; x_wconf 88' lang='lat' dir='ltr'><strong>canonicorum,</strong></span> <span class='ocrx_word' id='word_1_63' title='bbox 1542 1079 1592 1125; x_wconf 90' lang='lat' dir='ltr'><strong>et</strong></span> <span class='ocrx_word' id='word_1_64' title='bbox 1613 1078 1865 1137; x_wconf 89' lang='lat' dir='ltr'><strong>quatenus</strong></span> <span class='ocrx_word' id='word_1_65' title='bbox 1884 1076 2056 1137; x_wconf 86' lang='lat' dir='ltr'><strong>augeri</strong></span> <span class='ocrx_word' id='word_1_66' title='bbox 2079 1074 2158 1124; x_wconf 83' lang='lat' dir='ltr'><strong>vel</strong></span> <span class='ocrx_word' id='word_1_67' title='bbox 2176 1075 2340 1124; x_wconf 90' lang='lat' dir='ltr'><strong>minui</strong></span> <span class='ocrx_word' id='word_1_68' title='bbox 2361 1076 2544 1137; x_wconf 85' lang='lat' dir='ltr'><strong>possit.</strong></span> <span class='ocrx_word' id='word_1_69' title='bbox 2561 1110 2575 1124; x_wconf 92' lang='lat'><strong>.</strong></span> <span class='ocrx_word' id='word_1_70' title='bbox 2677 1077 2735 1124; x_wconf 86' lang='grc'><strong>65</strong></span> 
     </span>
     <span class='ocr_line' id='line_1_10' title="bbox 443 1153 2737 1217; baseline -0.002 -12"><span class='ocrx_word' id='word_1_71' title='bbox 443 1153 656 1205; x_wconf 77' lang='lat' dir='ltr'><strong>CAPUT</strong></span> <span class='ocrx_word' id='word_1_72' title='bbox 692 1153 754 1204; x_wconf 82' lang='lat' dir='ltr'><strong>V.</strong></span> <span class='ocrx_word' id='word_1_73' title='bbox 788 1153 857 1202; x_wconf 89' lang='lat' dir='ltr'><strong>De</strong></span> <span class='ocrx_word' id='word_1_74' title='bbox 882 1153 1217 1217; x_wconf 79' lang='lat' dir='ltr'><strong>Dignitatibus</strong></span> <span class='ocrx_word' id='word_1_75' title='bbox 1240 1155 1294 1202; x_wconf 91' lang='lat' dir='ltr'><strong>in</strong></span> <span class='ocrx_word' id='word_1_76' title='bbox 1321 1164 1504 1216; x_wconf 84' lang='lat' dir='ltr'><strong>genere</strong></span> <span class='ocrx_word' id='word_1_77' title='bbox 1528 1183 2584 1209; x_wconf 85' lang='grc'><strong>..................................</strong></span> <span class='ocrx_word' id='word_1_78' title='bbox 2680 1155 2737 1202; x_wconf 90' lang='grc'><strong>68</strong></span> 
     </span>
    </p>

    <p class='ocr_par' dir='ltr' id='par_1_4' title="bbox 506 1230 2736 1296">
     <span class='ocr_line' id='line_1_11' title="bbox 506 1230 2736 1296; baseline -0.001 -13"><span class='ocrx_word' id='word_1_79' title='bbox 506 1233 537 1296; x_wconf 66' lang='grc' dir='ltr'><strong>ς</strong></span> <span class='ocrx_word' id='word_1_80' title='bbox 575 1239 616 1284; x_wconf 97' lang='grc'><strong>1.</strong></span> <span class='ocrx_word' id='word_1_81' title='bbox 651 1231 783 1294; x_wconf 82' lang='lat' dir='ltr'><strong>Quid</strong></span> <span class='ocrx_word' id='word_1_82' title='bbox 810 1235 878 1282; x_wconf 92' lang='lat' dir='ltr'><strong>sit</strong></span> <span class='ocrx_word' id='word_1_83' title='bbox 905 1232 1140 1296; x_wconf 83' lang='lat' dir='ltr'><strong>dignitas,</strong></span> <span class='ocrx_word' id='word_1_84' title='bbox 1172 1237 1223 1282; x_wconf 90' lang='lat' dir='ltr'><strong>et</strong></span> <span class='ocrx_word' id='word_1_85' title='bbox 1249 1232 1507 1296; x_wconf 89' lang='lat' dir='ltr'><strong>quomodo</strong></span> <span class='ocrx_word' id='word_1_86' title='bbox 1530 1245 1560 1281; x_wconf 91' lang='lat' dir='ltr'><strong>a</strong></span> <span class='ocrx_word' id='word_1_87' title='bbox 1586 1234 1860 1294; x_wconf 89' lang='lat' dir='ltr'><strong>personatu</strong></span> <span class='ocrx_word' id='word_1_88' title='bbox 1887 1234 1939 1281; x_wconf 91' lang='lat' dir='ltr'><strong>et</strong></span> <span class='ocrx_word' id='word_1_89' title='bbox 1965 1230 2130 1280; x_wconf 80' lang='lat' dir='ltr'><strong>officio</strong></span> <span class='ocrx_word' id='word_1_90' title='bbox 2152 1231 2354 1281; x_wconf 85' lang='lat' dir='ltr'><strong>differat</strong></span> <span class='ocrx_word' id='word_1_91' title='bbox 2376 1266 2579 1282; x_wconf 87' lang='grc'><strong>.......</strong></span> <span class='ocrx_word' id='word_1_92' title='bbox 2680 1234 2736 1282; x_wconf 88' lang='grc'><strong>68</strong></span> 
     </span>
    </p>

    <p class='ocr_par' dir='ltr' id='par_1_5' title="bbox 506 1301 2589 1376">
     <span class='ocr_line' id='line_1_12' title="bbox 506 1301 2589 1376; baseline -0.002 -12"><span class='ocrx_word' id='word_1_93' title='bbox 506 1313 537 1376; x_wconf 66' lang='grc' dir='ltr'><strong>ἓ</strong></span> <span class='ocrx_word' id='word_1_94' title='bbox 570 1317 618 1364; x_wconf 88' lang='grc'><strong>2.</strong></span> <span class='ocrx_word' id='word_1_95' title='bbox 656 1313 875 1374; x_wconf 84' lang='lat' dir='ltr'><strong>Quinam</strong></span> <span class='ocrx_word' id='word_1_96' title='bbox 904 1315 1008 1363; x_wconf 88' lang='lat' dir='ltr'><strong>sint</strong></span> <span class='ocrx_word' id='word_1_97' title='bbox 1033 1312 1324 1375; x_wconf 81' lang='lat' dir='ltr'><strong>dignitates,</strong></span> <span class='ocrx_word' id='word_1_98' title='bbox 1352 1315 1405 1362; x_wconf 88' lang='lat' dir='ltr'><strong>et</strong></span> <span class='ocrx_word' id='word_1_99' title='bbox 1431 1311 1690 1376; x_wconf 91' lang='lat' dir='ltr'><strong>quomodo</strong></span> <span class='ocrx_word' id='word_1_100' title='bbox 1715 1312 2031 1362; x_wconf 88' lang='lat' dir='ltr'><strong>discernatur</strong></span> <span class='ocrx_word' id='word_1_101' title='bbox 2049 1314 2104 1361; x_wconf 88' lang='lat' dir='ltr'><strong>in</strong></span> <span class='ocrx_word' id='word_1_102' title='bbox 2127 1301 2353 1372; x_wconf 82' lang='lat' dir='ltr'><strong>qualibet</strong></span> <span class='ocrx_word' id='word_1_103' title='bbox 2376 1310 2589 1361; x_wconf 88' lang='lat' dir='ltr'><strong>ecclesia</strong></span> 
     </span>
    </p>

    <p class='ocr_par' dir='ltr' id='par_1_6' title="bbox 567 1383 2739 1457">
     <span class='ocr_line' id='line_1_13' title="bbox 567 1383 2739 1457; baseline -0.001 -14"><span class='ocrx_word' id='word_1_104' title='bbox 567 1406 635 1443; x_wconf 89' lang='lat' dir='ltr'><strong>an</strong></span> <span class='ocrx_word' id='word_1_105' title='bbox 658 1394 839 1456; x_wconf 86' lang='lat' dir='ltr'><strong>aliquis</strong></span> <span class='ocrx_word' id='word_1_106' title='bbox 860 1395 925 1442; x_wconf 88' lang='lat' dir='ltr'><strong>sit</strong></span> <span class='ocrx_word' id='word_1_107' title='bbox 945 1405 1103 1443; x_wconf 90' lang='lat' dir='ltr'><strong>necne</strong></span> <span class='ocrx_word' id='word_1_108' title='bbox 1123 1393 1343 1457; x_wconf 89' lang='lat' dir='ltr'><strong>dignitas</strong></span> <span class='ocrx_word' id='word_1_109' title='bbox 1354 1427 1860 1445; x_wconf 88' lang='grc'><strong>.................</strong></span> <span class='ocrx_word' id='word_1_110' title='bbox 1863 1383 1874 1386; x_wconf 78' lang='grc'>’</span> <span class='ocrx_word' id='word_1_111' title='bbox 1877 1426 2587 1443; x_wconf 87' lang='grc'><strong>.......................</strong></span> <span class='ocrx_word' id='word_1_112' title='bbox 2685 1395 2739 1442; x_wconf 85' lang='grc'><strong>70</strong></span> 
     </span>
    </p>

    <p class='ocr_par' dir='ltr' id='par_1_7' title="bbox 507 1472 2736 1537">
     <span class='ocr_line' id='line_1_14' title="bbox 507 1472 2736 1537; baseline -0.001 -13"><span class='ocrx_word' id='word_1_113' title='bbox 507 1473 539 1537; x_wconf 66' lang='grc' dir='ltr'><strong>ἓ</strong></span> <span class='ocrx_word' id='word_1_114' title='bbox 572 1477 619 1524; x_wconf 82' lang='grc'><strong>3.</strong></span> <span class='ocrx_word' id='word_1_115' title='bbox 657 1473 800 1523; x_wconf 91' lang='lat' dir='ltr'><strong>Unde</strong></span> <span class='ocrx_word' id='word_1_116' title='bbox 823 1472 1017 1523; x_wconf 82' lang='lat' dir='ltr'><strong>factum</strong></span> <span class='ocrx_word' id='word_1_117' title='bbox 1041 1473 1196 1524; x_wconf 79' lang='lat' dir='ltr'><strong>fuerit</strong></span> <span class='ocrx_word' id='word_1_118' title='bbox 1218 1476 1278 1522; x_wconf 93' lang='lat' dir='ltr'><strong>ut</strong></span> <span class='ocrx_word' id='word_1_119' title='bbox 1299 1473 1571 1537; x_wconf 88' lang='lat' dir='ltr'><strong>dignitates</strong></span> <span class='ocrx_word' id='word_1_120' title='bbox 1597 1473 1660 1523; x_wconf 90' lang='lat' dir='ltr'><strong>de</strong></span> <span class='ocrx_word' id='word_1_121' title='bbox 1682 1476 1798 1535; x_wconf 75' lang='lat' dir='ltr'><strong>jure</strong></span> <span class='ocrx_word' id='word_1_122' title='bbox 1816 1485 1920 1522; x_wconf 92' lang='lat' dir='ltr'><strong>non</strong></span> <span class='ocrx_word' id='word_1_123' title='bbox 1942 1473 2047 1523; x_wconf 89' lang='lat' dir='ltr'><strong>sint</strong></span> <span class='ocrx_word' id='word_1_124' title='bbox 2066 1472 2130 1522; x_wconf 93' lang='lat' dir='ltr'><strong>de</strong></span> <span class='ocrx_word' id='word_1_125' title='bbox 2149 1472 2369 1535; x_wconf 88' lang='lat' dir='ltr'><strong>capitulo</strong></span> <span class='ocrx_word' id='word_1_126' title='bbox 2380 1509 2583 1522; x_wconf 90' lang='grc'><strong>.......</strong></span> <span class='ocrx_word' id='word_1_127' title='bbox 2603 1485 2608 1488; x_wconf 53' lang='lat'><strong>⁴</strong></span> <span class='ocrx_word' id='word_1_128' title='bbox 2682 1474 2736 1523; x_wconf 81' lang='grc'><strong>72</strong></span> 
     </span>
    </p>

    <p class='ocr_par' dir='ltr' id='par_1_8' title="bbox 442 1553 2738 1796">
     <span class='ocr_line' id='line_1_15' title="bbox 507 1553 2738 1617; baseline -0.002 -12"><span class='ocrx_word' id='word_1_129' title='bbox 507 1555 539 1617; x_wconf 64' lang='lat' dir='ltr'><strong>g</strong></span> <span class='ocrx_word' id='word_1_130' title='bbox 570 1557 618 1605; x_wconf 72' lang='lat'><strong>⁴.</strong></span> <span class='ocrx_word' id='word_1_131' title='bbox 656 1554 724 1604; x_wconf 89' lang='lat' dir='ltr'><strong>De</strong></span> <span class='ocrx_word' id='word_1_132' title='bbox 744 1555 1085 1617; x_wconf 66' lang='lat' dir='ltr'><strong>praerogativis</strong></span> <span class='ocrx_word' id='word_1_133' title='bbox 1104 1553 1410 1616; x_wconf 88' lang='lat' dir='ltr'><strong>dignitatum</strong></span> <span class='ocrx_word' id='word_1_134' title='bbox 1415 1587 2586 1605; x_wconf 82' lang='grc'><strong>......................................</strong></span> <span class='ocrx_word' id='word_1_135' title='bbox 2684 1554 2738 1601; x_wconf 84' lang='grc'><strong>73</strong></span> 
     </span>
     <span class='ocr_line' id='line_1_16' title="bbox 442 1641 2736 1705; baseline -0.002 -13"><span class='ocrx_word' id='word_1_136' title='bbox 442 1642 647 1693; x_wconf 77' lang='lat' dir='ltr'>CAPUT</span> <span class='ocrx_word' id='word_1_137' title='bbox 680 1643 762 1695; x_wconf 86' lang='lat' dir='ltr'><strong>Vl.</strong></span> <span class='ocrx_word' id='word_1_138' title='bbox 798 1642 868 1692; x_wconf 90' lang='lat' dir='ltr'><strong>De</strong></span> <span class='ocrx_word' id='word_1_139' title='bbox 893 1641 1059 1693; x_wconf 83' lang='lat' dir='ltr'><strong>orsscio</strong></span> <span class='ocrx_word' id='word_1_140' title='bbox 1077 1646 1129 1692; x_wconf 88' lang='lat' dir='ltr'><strong>et</strong></span> <span class='ocrx_word' id='word_1_141' title='bbox 1147 1644 1494 1705; x_wconf 81' lang='lat' dir='ltr'><strong>praerogativis</strong></span> <span class='ocrx_word' id='word_1_142' title='bbox 1516 1644 1692 1705; x_wconf 84' lang='lat' dir='ltr'><strong>primae</strong></span> <span class='ocrx_word' id='word_1_143' title='bbox 1718 1642 2017 1704; x_wconf 89' lang='lat' dir='ltr'><strong>dignitatis..</strong></span> <span class='ocrx_word' id='word_1_144' title='bbox 2035 1677 2048 1690; x_wconf 89' lang='lat'><em>.</em></span> <span class='ocrx_word' id='word_1_145' title='bbox 2068 1679 2081 1693; x_wconf 90' lang='lat'><strong>.</strong></span> <span class='ocrx_word' id='word_1_146' title='bbox 2102 1678 2138 1690; x_wconf 87' lang='lat'><strong>..</strong></span> <span class='ocrx_word' id='word_1_147' title='bbox 2162 1677 2585 1691; x_wconf 89' lang='grc'><strong>..............</strong></span> <span class='ocrx_word' id='word_1_148' title='bbox 2680 1641 2736 1688; x_wconf 79' lang='grc'><strong>75</strong></span> 
     </span>
     <span class='ocr_line' id='line_1_17' title="bbox 443 1729 2736 1796; baseline -0.002 -16"><span class='ocrx_word' id='word_1_149' title='bbox 443 1730 647 1780; x_wconf 78' lang='lat' dir='ltr'>CAPUT</span> <span class='ocrx_word' id='word_1_150' title='bbox 681 1730 789 1783; x_wconf 78' lang='lat' dir='ltr'><strong>Vll.</strong></span> <span class='ocrx_word' id='word_1_151' title='bbox 827 1730 898 1782; x_wconf 89' lang='lat' dir='ltr'><strong>De</strong></span> <span class='ocrx_word' id='word_1_152' title='bbox 921 1730 1962 1796; x_wconf 64' lang='lat' dir='ltr'><strong>archidiaconis.....................,</strong></span> <span class='ocrx_word' id='word_1_153' title='bbox 1977 1763 2585 1779; x_wconf 88' lang='grc'><strong>....................</strong></span> <span class='ocrx_word' id='word_1_154' title='bbox 2681 1729 2736 1776; x_wconf 82' lang='grc'><strong>78</strong></span> 
     </span>
    </p>

    <p class='ocr_par' dir='ltr' id='par_1_9' title="bbox 505 1807 2593 1872">
     <span class='ocr_line' id='line_1_18' title="bbox 505 1807 2593 1872; baseline 0 -14"><span class='ocrx_word' id='word_1_155' title='bbox 505 1810 536 1872; x_wconf 69' lang='grc' dir='ltr'><strong>ς</strong></span> <span class='ocrx_word' id='word_1_156' title='bbox 574 1814 615 1861; x_wconf 91' lang='grc'><strong>1.</strong></span> <span class='ocrx_word' id='word_1_157' title='bbox 649 1808 719 1859; x_wconf 90' lang='lat' dir='ltr'><strong>De</strong></span> <span class='ocrx_word' id='word_1_158' title='bbox 755 1812 945 1870; x_wconf 84' lang='lat' dir='ltr'><strong>origine</strong></span> <span class='ocrx_word' id='word_1_159' title='bbox 963 1847 978 1870; x_wconf 91' lang='lat'>‚</span> <span class='ocrx_word' id='word_1_160' title='bbox 1017 1809 1342 1858; x_wconf 90' lang='lat' dir='ltr'><strong>incrementis</strong></span> <span class='ocrx_word' id='word_1_161' title='bbox 1374 1811 1427 1858; x_wconf 88' lang='lat' dir='ltr'><strong>et</strong></span> <span class='ocrx_word' id='word_1_162' title='bbox 1471 1810 1833 1858; x_wconf 89' lang='lat' dir='ltr'><strong>imminutione</strong></span> <span class='ocrx_word' id='word_1_163' title='bbox 1876 1808 2137 1870; x_wconf 86' lang='lat' dir='ltr'><strong>dignitatis</strong></span> <span class='ocrx_word' id='word_1_164' title='bbox 2180 1807 2593 1859; x_wconf 87' lang='lat' dir='ltr'><strong>archidiaconalis</strong></span> 
     </span>
    </p>

    <p class='ocr_par' dir='ltr' id='par_1_10' title="bbox 564 1883 2736 1947">
     <span class='ocr_line' id='line_1_19' title="bbox 564 1883 2736 1947; baseline -0 -13"><span class='ocrx_word' id='word_1_165' title='bbox 564 1885 798 1947; x_wconf 73' lang='lat' dir='ltr'><strong>synopsis</strong></span> <span class='ocrx_word' id='word_1_166' title='bbox 817 1883 1058 1933; x_wconf 87' lang='lat' dir='ltr'><strong>historica</strong></span> <span class='ocrx_word' id='word_1_167' title='bbox 1067 1917 2586 1937; x_wconf 85' lang='lat'><strong>..................................................</strong></span> <span class='ocrx_word' id='word_1_168' title='bbox 2683 1885 2736 1934; x_wconf 77' lang='lat'><strong>78</strong></span> 
     </span>
    </p>

    <p class='ocr_par' dir='ltr' id='par_1_11' title="bbox 506 1961 2596 2026">
     <span class='ocr_line' id='line_1_20' title="bbox 506 1961 2596 2026; baseline 0 -13"><span class='ocrx_word' id='word_1_169' title='bbox 506 1963 538 2026; x_wconf 64' lang='grc' dir='ltr'>ἓ</span> <span class='ocrx_word' id='word_1_170' title='bbox 571 1966 619 2014; x_wconf 86' lang='grc'><strong>2.</strong></span> <span class='ocrx_word' id='word_1_171' title='bbox 653 1961 785 2024; x_wconf 85' lang='lat' dir='ltr'><strong>Quid</strong></span> <span class='ocrx_word' id='word_1_172' title='bbox 807 1965 909 2013; x_wconf 91' lang='lat' dir='ltr'><strong>sint</strong></span> <span class='ocrx_word' id='word_1_173' title='bbox 929 1963 1271 2014; x_wconf 83' lang='lat' dir='ltr'><strong>archidiaconi</strong></span> <span class='ocrx_word' id='word_1_174' title='bbox 1291 1976 1351 2014; x_wconf 84' lang='lat' dir='ltr'><strong>ex</strong></span> <span class='ocrx_word' id='word_1_175' title='bbox 1373 1965 1491 2024; x_wconf 83' lang='lat' dir='ltr'><strong>jure</strong></span> <span class='ocrx_word' id='word_1_176' title='bbox 1511 1964 1793 2023; x_wconf 88' lang='lat' dir='ltr'><strong>communi,</strong></span> <span class='ocrx_word' id='word_1_177' title='bbox 1819 1975 1851 2012; x_wconf 88' lang='lat' dir='ltr'><strong>a</strong></span> <span class='ocrx_word' id='word_1_178' title='bbox 1876 1962 2176 2013; x_wconf 89' lang='lat' dir='ltr'><strong>Tridentino</strong></span> <span class='ocrx_word' id='word_1_179' title='bbox 2199 1962 2408 2012; x_wconf 92' lang='lat' dir='ltr'><strong>concilio</strong></span> <span class='ocrx_word' id='word_1_180' title='bbox 2433 1975 2596 2025; x_wconf 87' lang='lat' dir='ltr'><strong>usque</strong></span> 
     </span>
    </p>

    <p class='ocr_par' dir='ltr' id='par_1_12' title="bbox 510 2044 2740 2264">
     <span class='ocr_line' id='line_1_21' title="bbox 569 2044 2740 2096; baseline -0.001 -3"><span class='ocrx_word' id='word_1_181' title='bbox 569 2055 707 2093; x_wconf 87' lang='lat' dir='ltr'><strong>nunc</strong></span> <span class='ocrx_word' id='word_1_182' title='bbox 725 2081 738 2094; x_wconf 87' lang='lat'><strong>.</strong></span> <span class='ocrx_word' id='word_1_183' title='bbox 756 2078 798 2092; x_wconf 88' lang='lat'><strong>..</strong></span> <span class='ocrx_word' id='word_1_184' title='bbox 820 2075 2591 2096; x_wconf 86' lang='grc'><strong>........................................................</strong></span> <span class='ocrx_word' id='word_1_185' title='bbox 2687 2044 2740 2092; x_wconf 77' lang='grc'><strong>82</strong></span> 
     </span>
     <span class='ocr_line' id='line_1_22' title="bbox 510 2120 2593 2184; baseline 0 -14"><span class='ocrx_word' id='word_1_186' title='bbox 510 2120 540 2183; x_wconf 67' lang='grc' dir='ltr'><strong>ἓ</strong></span> <span class='ocrx_word' id='word_1_187' title='bbox 574 2123 620 2171; x_wconf 83' lang='grc'><strong>3.</strong></span> <span class='ocrx_word' id='word_1_188' title='bbox 658 2121 841 2171; x_wconf 88' lang='lat' dir='ltr'><strong>Utrum</strong></span> <span class='ocrx_word' id='word_1_189' title='bbox 870 2121 933 2171; x_wconf 91' lang='lat' dir='ltr'><strong>de</strong></span> <span class='ocrx_word' id='word_1_190' title='bbox 959 2123 1074 2182; x_wconf 75' lang='lat' dir='ltr'><strong>jure</strong></span> <span class='ocrx_word' id='word_1_191' title='bbox 1102 2123 1363 2172; x_wconf 90' lang='lat' dir='ltr'><strong>communi</strong></span> <span class='ocrx_word' id='word_1_192' title='bbox 1392 2125 1508 2184; x_wconf 87' lang='lat' dir='ltr'><strong>post</strong></span> <span class='ocrx_word' id='word_1_193' title='bbox 1530 2120 1887 2171; x_wconf 86' lang='lat' dir='ltr'><strong>Tridentinum</strong></span> <span class='ocrx_word' id='word_1_194' title='bbox 1914 2121 1979 2171; x_wconf 90' lang='lat' dir='ltr'><strong>ad</strong></span> <span class='ocrx_word' id='word_1_195' title='bbox 2003 2120 2420 2171; x_wconf 85' lang='lat' dir='ltr'><strong>archidiaconum</strong></span> <span class='ocrx_word' id='word_1_196' title='bbox 2441 2123 2593 2184; x_wconf 88' lang='lat' dir='ltr'><strong>perti-</strong></span> 
     </span>
     <span class='ocr_line' id='line_1_23' title="bbox 566 2199 2739 2264; baseline 0 -16"><span class='ocrx_word' id='word_1_197' title='bbox 566 2201 695 2250; x_wconf 82' lang='lat' dir='ltr'><strong>neat</strong></span> <span class='ocrx_word' id='word_1_198' title='bbox 723 2202 1013 2251; x_wconf 80' lang='lat' dir='ltr'><strong>examinare</strong></span> <span class='ocrx_word' id='word_1_199' title='bbox 1038 2200 1405 2264; x_wconf 82' lang='lat' dir='ltr'><strong>promovendos</strong></span> <span class='ocrx_word' id='word_1_200' title='bbox 1433 2201 1500 2251; x_wconf 91' lang='lat' dir='ltr'><strong>ad</strong></span> <span class='ocrx_word' id='word_1_201' title='bbox 1523 2201 1726 2251; x_wconf 91' lang='lat' dir='ltr'><strong>ordines</strong></span> <span class='ocrx_word' id='word_1_202' title='bbox 1750 2204 1803 2250; x_wconf 90' lang='lat' dir='ltr'><strong>et</strong></span> <span class='ocrx_word' id='word_1_203' title='bbox 1827 2200 1891 2250; x_wconf 92' lang='lat' dir='ltr'><strong>ad</strong></span> <span class='ocrx_word' id='word_1_204' title='bbox 1922 2200 2229 2264; x_wconf 87' lang='lat' dir='ltr'><strong>parochialia</strong></span> <span class='ocrx_word' id='word_1_205' title='bbox 2255 2200 2556 2251; x_wconf 79' lang='lat' dir='ltr'><strong>beneficia..</strong></span> <span class='ocrx_word' id='word_1_206' title='bbox 2685 2199 2739 2250; x_wconf 75' lang='lat' dir='ltr'><strong>si</strong></span> 
     </span>
    </p>
   </div>
   <div class='ocr_carea' id='block_1_4' title="bbox 512 2278 2599 2505">
    <p class='ocr_par' dir='ltr' id='par_1_13' title="bbox 512 2278 2599 2505">
     <span class='ocr_line' id='line_1_24' title="bbox 512 2278 2597 2343; baseline 0 -14"><span class='ocrx_word' id='word_1_207' title='bbox 512 2278 543 2340; x_wconf 63' lang='grc' dir='ltr'>ξ</span> <span class='ocrx_word' id='word_1_208' title='bbox 576 2282 624 2329; x_wconf 69' lang='grc'><strong>4.</strong></span> <span class='ocrx_word' id='word_1_209' title='bbox 661 2279 791 2340; x_wconf 90' lang='lat' dir='ltr'><strong>Quid</strong></span> <span class='ocrx_word' id='word_1_210' title='bbox 810 2283 940 2341; x_wconf 84' lang='lat' dir='ltr'><strong>juris</strong></span> <span class='ocrx_word' id='word_1_211' title='bbox 962 2283 1096 2331; x_wconf 88' lang='lat' dir='ltr'><strong>circa</strong></span> <span class='ocrx_word' id='word_1_212' title='bbox 1121 2280 1612 2341; x_wconf 87' lang='lat' dir='ltr'><strong>archidiaconatum,</strong></span> <span class='ocrx_word' id='word_1_213' title='bbox 1641 2279 1845 2343; x_wconf 90' lang='lat' dir='ltr'><strong>quando</strong></span> <span class='ocrx_word' id='word_1_214' title='bbox 1866 2292 1957 2342; x_wconf 88' lang='lat' dir='ltr'><strong>per</strong></span> <span class='ocrx_word' id='word_1_215' title='bbox 1988 2282 2240 2329; x_wconf 86' lang='lat' dir='ltr'><strong>statutum</strong></span> <span class='ocrx_word' id='word_1_216' title='bbox 2273 2280 2356 2329; x_wconf 84' lang='lat' dir='ltr'><strong>vel</strong></span> <span class='ocrx_word' id='word_1_217' title='bbox 2386 2280 2597 2330; x_wconf 86' lang='lat' dir='ltr'><strong>localem</strong></span> 
     </span>
     <span class='ocr_line' id='line_1_25' title="bbox 577 2358 2598 2422; baseline 0 -13"><span class='ocrx_word' id='word_1_218' title='bbox 577 2361 998 2411; x_wconf 88' lang='lat' dir='ltr'><strong>consuetudinem</strong></span> <span class='ocrx_word' id='word_1_219' title='bbox 1031 2363 1191 2411; x_wconf 86' lang='lat' dir='ltr'><strong>evasit</strong></span> <span class='ocrx_word' id='word_1_220' title='bbox 1230 2361 1449 2422; x_wconf 86' lang='lat' dir='ltr'><strong>dignitas</strong></span> <span class='ocrx_word' id='word_1_221' title='bbox 1477 2373 1616 2410; x_wconf 89' lang='lat' dir='ltr'><strong>mere</strong></span> <span class='ocrx_word' id='word_1_222' title='bbox 1651 2359 1954 2420; x_wconf 79' lang='lat' dir='ltr'><strong>honorifica,</strong></span> <span class='ocrx_word' id='word_1_223' title='bbox 1986 2359 2173 2421; x_wconf 85' lang='lat' dir='ltr'><strong>absque</strong></span> <span class='ocrx_word' id='word_1_224' title='bbox 2207 2358 2312 2408; x_wconf 92' lang='lat' dir='ltr'><strong>ulla</strong></span> <span class='ocrx_word' id='word_1_225' title='bbox 2348 2359 2598 2410; x_wconf 90' lang='lat' dir='ltr'><strong>ordinaria</strong></span> 
     </span>
     <span class='ocr_line' id='line_1_26' title="bbox 572 2438 2599 2505; baseline 0.001 -18"><span class='ocrx_word' id='word_1_226' title='bbox 572 2439 1022 2501; x_wconf 76' lang='lat' dir='ltr'><strong>jurisdictioneP—</strong></span> <span class='ocrx_word' id='word_1_227' title='bbox 1041 2439 1106 2489; x_wconf 87' lang='lat' dir='ltr'><strong>Et</strong></span> <span class='ocrx_word' id='word_1_228' title='bbox 1128 2441 1248 2504; x_wconf 91' lang='lat' dir='ltr'><strong>quid</strong></span> <span class='ocrx_word' id='word_1_229' title='bbox 1268 2439 1592 2491; x_wconf 88' lang='lat' dir='ltr'><strong>sentiendum</strong></span> <span class='ocrx_word' id='word_1_230' title='bbox 1613 2439 1676 2489; x_wconf 92' lang='lat' dir='ltr'><strong>de</strong></span> <span class='ocrx_word' id='word_1_231' title='bbox 1694 2439 2060 2490; x_wconf 87' lang='lat' dir='ltr'><strong>archidiaconis</strong></span> <span class='ocrx_word' id='word_1_232' title='bbox 2079 2438 2143 2488; x_wconf 86' lang='lat' dir='ltr'><strong>ad</strong></span> <span class='ocrx_word' id='word_1_233' title='bbox 2160 2442 2350 2489; x_wconf 90' lang='lat' dir='ltr'><strong>nutum</strong></span> <span class='ocrx_word' id='word_1_234' title='bbox 2368 2440 2599 2505; x_wconf 89' lang='lat' dir='ltr'><strong>Episcopi</strong></span> 
     </span>
    </p>
   </div>
   <div class='ocr_carea' id='block_1_5' title="bbox 449 2519 2753 3786">
    <p class='ocr_par' dir='ltr' id='par_1_14' title="bbox 449 2519 2750 2751">
     <span class='ocr_line' id='line_1_27' title="bbox 575 2519 2745 2582; baseline 0 -13"><span class='ocrx_word' id='word_1_235' title='bbox 575 2520 959 2580; x_wconf 85' lang='lat' dir='ltr'><strong>revocabilibus,</strong></span> <span class='ocrx_word' id='word_1_236' title='bbox 977 2522 1153 2582; x_wconf 86' lang='lat' dir='ltr'><strong>quales</strong></span> <span class='ocrx_word' id='word_1_237' title='bbox 1178 2534 1314 2571; x_wconf 91' lang='lat' dir='ltr'><strong>nunc</strong></span> <span class='ocrx_word' id='word_1_238' title='bbox 1334 2520 1518 2571; x_wconf 90' lang='lat' dir='ltr'><strong>alicubi</strong></span> <span class='ocrx_word' id='word_1_239' title='bbox 1540 2523 1767 2571; x_wconf 87' lang='lat' dir='ltr'><strong>existunt</strong></span> <span class='ocrx_word' id='word_1_240' title='bbox 1788 2523 1843 2571; x_wconf 87' lang='lat' dir='ltr'><strong>in</strong></span> <span class='ocrx_word' id='word_1_241' title='bbox 1865 2519 2027 2570; x_wconf 89' lang='lat' dir='ltr'><strong>Gallia</strong></span> <span class='ocrx_word' id='word_1_242' title='bbox 2042 2522 2067 2568; x_wconf 66' lang='grc' dir='ltr'><strong>Ξ)</strong></span> <span class='ocrx_word' id='word_1_243' title='bbox 2071 2553 2589 2573; x_wconf 89' lang='grc'><strong>.................</strong></span> <span class='ocrx_word' id='word_1_244' title='bbox 2691 2522 2745 2571; x_wconf 84' lang='grc'><strong>88</strong></span> 
     </span>
     <span class='ocr_line' id='line_1_28' title="bbox 454 2604 2743 2671; baseline 0 -15"><span class='ocrx_word' id='word_1_245' title='bbox 454 2604 662 2656; x_wconf 77' lang='lat' dir='ltr'>CAPUT</span> <span class='ocrx_word' id='word_1_246' title='bbox 697 2606 823 2657; x_wconf 84' lang='lat' dir='ltr'><strong>vill.</strong></span> <span class='ocrx_word' id='word_1_247' title='bbox 861 2607 930 2657; x_wconf 90' lang='lat' dir='ltr'><strong>De</strong></span> <span class='ocrx_word' id='word_1_248' title='bbox 959 2607 1407 2671; x_wconf 82' lang='lat' dir='ltr'><strong>archipresbyteris</strong></span> <span class='ocrx_word' id='word_1_249' title='bbox 1417 2641 2587 2661; x_wconf 88' lang='grc'><strong>......................................</strong></span> <span class='ocrx_word' id='word_1_250' title='bbox 2690 2610 2743 2658; x_wconf 93' lang='grc'><strong>91</strong></span> 
     </span>
     <span class='ocr_line' id='line_1_29' title="bbox 449 2684 2750 2751; baseline -0 -14"><span class='ocrx_word' id='word_1_251' title='bbox 449 2684 657 2737; x_wconf 86' lang='lat' dir='ltr'>CAPUT</span> <span class='ocrx_word' id='word_1_252' title='bbox 690 2686 770 2736; x_wconf 81' lang='lat' dir='ltr'><strong>ix.</strong></span> <span class='ocrx_word' id='word_1_253' title='bbox 813 2686 885 2736; x_wconf 89' lang='lat' dir='ltr'><strong>De</strong></span> <span class='ocrx_word' id='word_1_254' title='bbox 912 2686 1147 2748; x_wconf 86' lang='lat' dir='ltr'><strong>theologo</strong></span> <span class='ocrx_word' id='word_1_255' title='bbox 1167 2691 1218 2737; x_wconf 92' lang='lat' dir='ltr'><strong>et</strong></span> <span class='ocrx_word' id='word_1_256' title='bbox 1242 2687 1510 2750; x_wconf 87' lang='lat' dir='ltr'><strong>theologali</strong></span> <span class='ocrx_word' id='word_1_257' title='bbox 1536 2688 1807 2751; x_wconf 59' lang='lat' dir='ltr'><strong>praebenda</strong></span> <span class='ocrx_word' id='word_1_258' title='bbox 1818 2719 2583 2739; x_wconf 86' lang='grc'><strong>.........................</strong></span> <span class='ocrx_word' id='word_1_259' title='bbox 2691 2688 2750 2736; x_wconf 84' lang='grc'><strong>98</strong></span> 
     </span>
    </p>

    <p class='ocr_par' dir='ltr' id='par_1_15' title="bbox 515 2766 2594 2833">
     <span class='ocr_line' id='line_1_30' title="bbox 515 2766 2594 2833; baseline 0 -15"><span class='ocrx_word' id='word_1_260' title='bbox 515 2767 547 2832; x_wconf 67' lang='grc' dir='ltr'>ξ</span> <span class='ocrx_word' id='word_1_261' title='bbox 585 2776 626 2818; x_wconf 89' lang='grc'><strong>1.</strong></span> <span class='ocrx_word' id='word_1_262' title='bbox 662 2769 922 2818; x_wconf 88' lang='lat' dir='ltr'><strong>Institutio</strong></span> <span class='ocrx_word' id='word_1_263' title='bbox 942 2769 1173 2816; x_wconf 88' lang='lat' dir='ltr'><strong>canonici</strong></span> <span class='ocrx_word' id='word_1_264' title='bbox 1195 2766 1416 2830; x_wconf 89' lang='lat' dir='ltr'><strong>theologi</strong></span> <span class='ocrx_word' id='word_1_265' title='bbox 1444 2768 1701 2829; x_wconf 87' lang='lat' dir='ltr'><strong>quomodo</strong></span> <span class='ocrx_word' id='word_1_266' title='bbox 1719 2767 2013 2818; x_wconf 84' lang='lat' dir='ltr'><strong>introducta</strong></span> <span class='ocrx_word' id='word_1_267' title='bbox 2036 2772 2088 2818; x_wconf 90' lang='lat' dir='ltr'><strong>et</strong></span> <span class='ocrx_word' id='word_1_268' title='bbox 2116 2769 2356 2833; x_wconf 75' lang='lat' dir='ltr'><strong>perfecta5</strong></span> <span class='ocrx_word' id='word_1_269' title='bbox 2385 2772 2438 2818; x_wconf 89' lang='lat' dir='ltr'><strong>et</strong></span> <span class='ocrx_word' id='word_1_270' title='bbox 2465 2768 2594 2831; x_wconf 88' lang='lat' dir='ltr'><strong>quid</strong></span> 
     </span>
    </p>

    <p class='ocr_par' dir='ltr' id='par_1_16' title="bbox 518 2847 2748 2992">
     <span class='ocr_line' id='line_1_31' title="bbox 578 2847 2748 2911; baseline 0 -13"><span class='ocrx_word' id='word_1_271' title='bbox 578 2848 644 2898; x_wconf 93' lang='lat' dir='ltr'><strong>de</strong></span> <span class='ocrx_word' id='word_1_272' title='bbox 665 2847 936 2911; x_wconf 86' lang='lat' dir='ltr'><strong>theologali</strong></span> <span class='ocrx_word' id='word_1_273' title='bbox 959 2848 1024 2898; x_wconf 90' lang='lat' dir='ltr'><strong>ad</strong></span> <span class='ocrx_word' id='word_1_274' title='bbox 1046 2851 1235 2897; x_wconf 90' lang='lat' dir='ltr'><strong>nutum</strong></span> <span class='ocrx_word' id='word_1_275' title='bbox 1252 2847 1487 2911; x_wconf 84' lang='lat' dir='ltr'><strong>Episcopi</strong></span> <span class='ocrx_word' id='word_1_276' title='bbox 1505 2847 1771 2898; x_wconf 86' lang='lat' dir='ltr'><strong>revocabili</strong></span> <span class='ocrx_word' id='word_1_277' title='bbox 1784 2882 2589 2901; x_wconf 83' lang='lat'><strong>..........................</strong></span> <span class='ocrx_word' id='word_1_278' title='bbox 2690 2850 2748 2899; x_wconf 75' lang='grc'><strong>93</strong></span> 
     </span>
     <span class='ocr_line' id='line_1_32' title="bbox 518 2926 2595 2992; baseline 0 -15"><span class='ocrx_word' id='word_1_279' title='bbox 518 2927 548 2990; x_wconf 68' lang='grc' dir='ltr'>ἓ</span> <span class='ocrx_word' id='word_1_280' title='bbox 580 2931 631 2978; x_wconf 87' lang='grc'><strong>2.</strong></span> <span class='ocrx_word' id='word_1_281' title='bbox 665 2927 742 2977; x_wconf 86' lang='lat' dir='ltr'><strong>Ad</strong></span> <span class='ocrx_word' id='word_1_282' title='bbox 781 2930 1087 2979; x_wconf 89' lang='lat' dir='ltr'><strong>erectionem</strong></span> <span class='ocrx_word' id='word_1_283' title='bbox 1125 2929 1451 2978; x_wconf 89' lang='lat' dir='ltr'><strong>canonicatus</strong></span> <span class='ocrx_word' id='word_1_284' title='bbox 1483 2926 1778 2991; x_wconf 84' lang='lat' dir='ltr'><strong>theologalis</strong></span> <span class='ocrx_word' id='word_1_285' title='bbox 1804 2929 2081 2990; x_wconf 89' lang='lat' dir='ltr'><strong>requiritur</strong></span> <span class='ocrx_word' id='word_1_286' title='bbox 2106 2929 2368 2992; x_wconf 83' lang='lat' dir='ltr'><strong>deputatio</strong></span> <span class='ocrx_word' id='word_1_287' title='bbox 2393 2929 2456 2978; x_wconf 92' lang='lat' dir='ltr'><strong>ab</strong></span> <span class='ocrx_word' id='word_1_288' title='bbox 2478 2928 2595 2991; x_wconf 87' lang='lat' dir='ltr'><strong>Epi·</strong></span> 
     </span>
    </p>

    <p class='ocr_par' dir='ltr' id='par_1_17' title="bbox 520 3008 2749 3233">
     <span class='ocr_line' id='line_1_33' title="bbox 578 3008 2749 3071; baseline 0 -14"><span class='ocrx_word' id='word_1_289' title='bbox 578 3019 730 3071; x_wconf 88' lang='lat' dir='ltr'><strong>scopo</strong></span> <span class='ocrx_word' id='word_1_290' title='bbox 735 3041 2591 3060; x_wconf 83' lang='grc'><strong>............................................................</strong></span> <span class='ocrx_word' id='word_1_291' title='bbox 2691 3008 2749 3058; x_wconf 83' lang='grc'><strong>98</strong></span> 
     </span>
     <span class='ocr_line' id='line_1_34' title="bbox 520 3086 2746 3151; baseline 0.002 -15"><span class='ocrx_word' id='word_1_292' title='bbox 520 3086 551 3149; x_wconf 65' lang='grc' dir='ltr'>ἐ</span> <span class='ocrx_word' id='word_1_293' title='bbox 584 3089 633 3136; x_wconf 81' lang='grc'><strong>8.</strong></span> <span class='ocrx_word' id='word_1_294' title='bbox 666 3087 739 3138; x_wconf 85' lang='lat' dir='ltr'><strong>Ad</strong></span> <span class='ocrx_word' id='word_1_295' title='bbox 759 3100 915 3149; x_wconf 87' lang='lat' dir='ltr'><strong>quem</strong></span> <span class='ocrx_word' id='word_1_296' title='bbox 932 3090 1183 3150; x_wconf 87' lang='lat' dir='ltr'><strong>pertineat</strong></span> <span class='ocrx_word' id='word_1_297' title='bbox 1200 3087 1398 3137; x_wconf 90' lang='lat' dir='ltr'><strong>collatio</strong></span> <span class='ocrx_word' id='word_1_298' title='bbox 1420 3087 1704 3150; x_wconf 83' lang='lat' dir='ltr'><strong>praebendae</strong></span> <span class='ocrx_word' id='word_1_299' title='bbox 1727 3087 2073 3151; x_wconf 85' lang='lat' dir='ltr'><strong>theologalis..</strong></span> <span class='ocrx_word' id='word_1_300' title='bbox 2251 3126 2265 3140; x_wconf 92' lang='lat'><strong><em>.</em></strong></span> <span class='ocrx_word' id='word_1_301' title='bbox 2282 3125 2296 3139; x_wconf 92' lang='lat'><strong>.</strong></span> <span class='ocrx_word' id='word_1_302' title='bbox 2315 3126 2329 3139; x_wconf 90' lang='lat'><strong>.</strong></span> <span class='ocrx_word' id='word_1_303' title='bbox 2345 3124 2386 3140; x_wconf 90' lang='lat'><strong>..</strong></span> <span class='ocrx_word' id='word_1_304' title='bbox 2462 3126 2475 3139; x_wconf 93' lang='lat'>.</span> <span class='ocrx_word' id='word_1_305' title='bbox 2493 3125 2531 3140; x_wconf 89' lang='lat'><strong>..</strong></span> <span class='ocrx_word' id='word_1_306' title='bbox 2517 3124 2556 3140; x_wconf 89' lang='lat'><strong>..</strong></span> <span class='ocrx_word' id='word_1_307' title='bbox 2572 3124 2586 3138; x_wconf 92' lang='lat'><strong><em>.</em></strong></span> <span class='ocrx_word' id='word_1_308' title='bbox 2689 3090 2746 3140; x_wconf 86' lang='grc'><strong>96</strong></span> 
     </span>
     <span class='ocr_line' id='line_1_35' title="bbox 522 3124 2596 3233; baseline 0 -17"><span class='ocrx_word' id='word_1_309' title='bbox 522 3166 554 3229; x_wconf 64' lang='lat' dir='ltr'><strong>g</strong></span> <span class='ocrx_word' id='word_1_310' title='bbox 586 3168 634 3216; x_wconf 71' lang='grc'><strong>4.</strong></span> <span class='ocrx_word' id='word_1_311' title='bbox 670 3167 743 3217; x_wconf 83' lang='lat' dir='ltr'><strong>Ad</strong></span> <span class='ocrx_word' id='word_1_312' title='bbox 779 3167 1083 3232; x_wconf 86' lang='lat' dir='ltr'><strong>Episcopum</strong></span> <span class='ocrx_word' id='word_1_313' title='bbox 1119 3167 1372 3219; x_wconf 75' lang='lat' dir='ltr'><strong>exclusive</strong></span> <span class='ocrx_word' id='word_1_314' title='bbox 1407 3170 1630 3231; x_wconf 88' lang='lat' dir='ltr'><strong>pertinet</strong></span> <span class='ocrx_word' id='word_1_315' title='bbox 1665 3168 1848 3232; x_wconf 88' lang='lat' dir='ltr'><strong>eligere</strong></span> <span class='ocrx_word' id='word_1_316' title='bbox 1886 3124 2200 3233; x_wconf 51' lang='lat' dir='ltr'><strong>personam„</strong></span> <span class='ocrx_word' id='word_1_317' title='bbox 2192 3170 2276 3219; x_wconf 91' lang='lat' dir='ltr'><strong>cui</strong></span> <span class='ocrx_word' id='word_1_318' title='bbox 2316 3169 2596 3219; x_wconf 82' lang='lat' dir='ltr'><strong>conferatur</strong></span> 
     </span>
    </p>

    <p class='ocr_par' dir='ltr' id='par_1_18' title="bbox 525 3244 2746 3389">
     <span class='ocr_line' id='line_1_36' title="bbox 585 3244 2746 3309; baseline 0 -16"><span class='ocrx_word' id='word_1_319' title='bbox 585 3244 857 3308; x_wconf 82' lang='lat' dir='ltr'><strong>praebenda</strong></span> <span class='ocrx_word' id='word_1_320' title='bbox 890 3245 1186 3309; x_wconf 79' lang='lat' dir='ltr'><strong>theologalls</strong></span> <span class='ocrx_word' id='word_1_321' title='bbox 1195 3277 2594 3300; x_wconf 85' lang='grc'><strong>.............................................</strong></span> <span class='ocrx_word' id='word_1_322' title='bbox 2693 3247 2746 3294; x_wconf 85' lang='grc'><strong>97</strong></span> 
     </span>
     <span class='ocr_line' id='line_1_37' title="bbox 525 3321 2604 3389; baseline 0.002 -19"><span class='ocrx_word' id='word_1_323' title='bbox 525 3321 557 3384; x_wconf 68' lang='grc' dir='ltr'><strong>ἓ</strong></span> <span class='ocrx_word' id='word_1_324' title='bbox 592 3323 640 3371; x_wconf 84' lang='grc'><strong>5.</strong></span> <span class='ocrx_word' id='word_1_325' title='bbox 674 3321 952 3383; x_wconf 88' lang='lat' dir='ltr'><strong>Qualitates</strong></span> <span class='ocrx_word' id='word_1_326' title='bbox 981 3326 1035 3374; x_wconf 90' lang='lat' dir='ltr'><strong>in</strong></span> <span class='ocrx_word' id='word_1_327' title='bbox 1065 3326 1306 3374; x_wconf 88' lang='lat' dir='ltr'><strong>canonico</strong></span> <span class='ocrx_word' id='word_1_328' title='bbox 1341 3323 1614 3388; x_wconf 85' lang='lat' dir='ltr'><strong>theologali</strong></span> <span class='ocrx_word' id='word_1_329' title='bbox 1646 3327 1918 3388; x_wconf 79' lang='lat' dir='ltr'><strong>requisitoe.</strong></span> <span class='ocrx_word' id='word_1_330' title='bbox 1951 3351 2010 3364; x_wconf 89' lang='lat'><em>-</em></span> <span class='ocrx_word' id='word_1_331' title='bbox 2045 3325 2122 3374; x_wconf 89' lang='lat' dir='ltr'><strong>An</strong></span> <span class='ocrx_word' id='word_1_332' title='bbox 2154 3325 2342 3377; x_wconf 88' lang='lat' dir='ltr'><strong>debeat</strong></span> <span class='ocrx_word' id='word_1_333' title='bbox 2367 3326 2481 3388; x_wconf 89' lang='lat' dir='ltr'><strong>eligi</strong></span> <span class='ocrx_word' id='word_1_334' title='bbox 2510 3337 2604 3389; x_wconf 90' lang='lat' dir='ltr'><strong>per</strong></span> 
     </span>
    </p>

    <p class='ocr_par' dir='ltr' id='par_1_19' title="bbox 527 3403 2749 3548">
     <span class='ocr_line' id='line_1_38' title="bbox 586 3403 2749 3465; baseline 0.002 -17"><span class='ocrx_word' id='word_1_335' title='bbox 586 3413 913 3463; x_wconf 87' lang='lat' dir='ltr'><strong>concursum,</strong></span> <span class='ocrx_word' id='word_1_336' title='bbox 933 3407 1069 3452; x_wconf 86' lang='lat' dir='ltr'><strong>etan</strong></span> <span class='ocrx_word' id='word_1_337' title='bbox 1088 3403 1270 3453; x_wconf 88' lang='lat' dir='ltr'><strong>debeat</strong></span> <span class='ocrx_word' id='word_1_338' title='bbox 1291 3416 1400 3454; x_wconf 91' lang='lat' dir='ltr'><strong>esse</strong></span> <span class='ocrx_word' id='word_1_339' title='bbox 1420 3406 1477 3452; x_wconf 89' lang='lat' dir='ltr'><strong>in</strong></span> <span class='ocrx_word' id='word_1_340' title='bbox 1492 3404 1743 3465; x_wconf 85' lang='lat' dir='ltr'><strong>theologia</strong></span> <span class='ocrx_word' id='word_1_341' title='bbox 1763 3403 1939 3455; x_wconf 88' lang='lat' dir='ltr'><strong>doctor</strong></span> <span class='ocrx_word' id='word_1_342' title='bbox 1947 3438 2596 3459; x_wconf 88' lang='grc'><strong>.....................</strong></span> <span class='ocrx_word' id='word_1_343' title='bbox 2693 3405 2749 3452; x_wconf 91' lang='grc'><strong>98</strong></span> 
     </span>
     <span class='ocr_line' id='line_1_39' title="bbox 527 3478 2603 3548; baseline 0.003 -19"><span class='ocrx_word' id='word_1_344' title='bbox 527 3478 559 3543; x_wconf 67' lang='grc' dir='ltr'>ξ</span> <span class='ocrx_word' id='word_1_345' title='bbox 590 3481 639 3530; x_wconf 92' lang='grc'><strong>6.</strong></span> <span class='ocrx_word' id='word_1_346' title='bbox 672 3478 936 3541; x_wconf 84' lang='lat' dir='ltr'><strong>Quomodo</strong></span> <span class='ocrx_word' id='word_1_347' title='bbox 956 3481 1228 3543; x_wconf 88' lang='lat' dir='ltr'><strong>procedere</strong></span> <span class='ocrx_word' id='word_1_348' title='bbox 1250 3484 1411 3545; x_wconf 86' lang='lat' dir='ltr'><strong>possit</strong></span> <span class='ocrx_word' id='word_1_349' title='bbox 1430 3483 1709 3546; x_wconf 87' lang='lat' dir='ltr'><strong>Episcopus</strong></span> <span class='ocrx_word' id='word_1_350' title='bbox 1724 3488 1902 3534; x_wconf 87' lang='lat' dir='ltr'><strong>contra</strong></span> <span class='ocrx_word' id='word_1_351' title='bbox 1925 3486 2226 3536; x_wconf 82' lang='lat' dir='ltr'><strong>canonicum</strong></span> <span class='ocrx_word' id='word_1_352' title='bbox 2246 3486 2603 3548; x_wconf 63' lang='lat' dir='ltr'><strong>theologantem,</strong></span> 
     </span>
    </p>

    <p class='ocr_par' dir='ltr' id='par_1_20' title="bbox 529 3559 2753 3786">
     <span class='ocr_line' id='line_1_40' title="bbox 591 3559 2749 3625; baseline 0.001 -15"><span class='ocrx_word' id='word_1_353' title='bbox 591 3562 680 3624; x_wconf 85' lang='lat' dir='ltr'><strong>qui</strong></span> <span class='ocrx_word' id='word_1_354' title='bbox 710 3563 844 3610; x_wconf 86' lang='lat' dir='ltr'><strong>recte</strong></span> <span class='ocrx_word' id='word_1_355' title='bbox 867 3559 1031 3612; x_wconf 80' lang='lat' dir='ltr'><strong>officio</strong></span> <span class='ocrx_word' id='word_1_356' title='bbox 1056 3573 1151 3610; x_wconf 91' lang='lat' dir='ltr'><strong>suo</strong></span> <span class='ocrx_word' id='word_1_357' title='bbox 1177 3573 1281 3611; x_wconf 89' lang='lat' dir='ltr'><strong>non</strong></span> <span class='ocrx_word' id='word_1_358' title='bbox 1308 3560 1539 3625; x_wconf 84' lang='lat' dir='ltr'><strong>fungitur</strong></span> <span class='ocrx_word' id='word_1_359' title='bbox 1549 3599 2604 3619; x_wconf 85' lang='lat'><strong>..................................</strong></span> <span class='ocrx_word' id='word_1_360' title='bbox 2675 3567 2749 3613; x_wconf 85' lang='lat'><strong>101</strong></span> 
     </span>
     <span class='ocr_line' id='line_1_41' title="bbox 529 3640 2753 3705; baseline 0 -12"><span class='ocrx_word' id='word_1_361' title='bbox 529 3642 560 3705; x_wconf 66' lang='grc' dir='ltr'>ἐ</span> <span class='ocrx_word' id='word_1_362' title='bbox 595 3646 643 3694; x_wconf 79' lang='grc'><strong>7.</strong></span> <span class='ocrx_word' id='word_1_363' title='bbox 674 3641 984 3693; x_wconf 87' lang='lat' dir='ltr'><strong>Describitur</strong></span> <span class='ocrx_word' id='word_1_364' title='bbox 1008 3640 1234 3692; x_wconf 82' lang='lat' dir='ltr'><strong>officium</strong></span> <span class='ocrx_word' id='word_1_365' title='bbox 1255 3641 1551 3705; x_wconf 89' lang='lat' dir='ltr'><strong>theologalls</strong></span> <span class='ocrx_word' id='word_1_366' title='bbox 1577 3646 1805 3693; x_wconf 83' lang='lat' dir='ltr'><strong>canonici</strong></span> <span class='ocrx_word' id='word_1_367' title='bbox 1826 3679 2605 3698; x_wconf 83' lang='lat'><strong>.........................</strong></span> <span class='ocrx_word' id='word_1_368' title='bbox 2677 3645 2753 3694; x_wconf 83' lang='grc'><strong>102</strong></span> 
     </span>
     <span class='ocr_line' id='line_1_42' title="bbox 529 3720 2611 3786; baseline 0 -12"><span class='ocrx_word' id='word_1_369' title='bbox 529 3720 561 3785; x_wconf 68' lang='grc' dir='ltr'><strong>ἓ</strong></span> <span class='ocrx_word' id='word_1_370' title='bbox 592 3726 639 3775; x_wconf 91' lang='grc'><strong>8.</strong></span> <span class='ocrx_word' id='word_1_371' title='bbox 679 3722 758 3771; x_wconf 76' lang='lat' dir='ltr'><strong>An</strong></span> <span class='ocrx_word' id='word_1_372' title='bbox 781 3723 1006 3772; x_wconf 89' lang='lat' dir='ltr'><strong>canonici</strong></span> <span class='ocrx_word' id='word_1_373' title='bbox 1030 3720 1215 3786; x_wconf 83' lang='lat' dir='ltr'><strong>aliique</strong></span> <span class='ocrx_word' id='word_1_374' title='bbox 1248 3721 1413 3771; x_wconf 88' lang='lat' dir='ltr'><strong>clerici</strong></span> <span class='ocrx_word' id='word_1_375' title='bbox 1433 3721 1499 3770; x_wconf 88' lang='lat' dir='ltr'><strong>ab</strong></span> <span class='ocrx_word' id='word_1_376' title='bbox 1521 3720 1767 3786; x_wconf 86' lang='lat' dir='ltr'><strong>Episcopo</strong></span> <span class='ocrx_word' id='word_1_377' title='bbox 1788 3725 1897 3785; x_wconf 87' lang='lat' dir='ltr'><strong>cogi</strong></span> <span class='ocrx_word' id='word_1_378' title='bbox 1919 3725 2115 3786; x_wconf 90' lang='lat' dir='ltr'><strong>possint</strong></span> <span class='ocrx_word' id='word_1_379' title='bbox 2140 3727 2195 3774; x_wconf 89' lang='lat' dir='ltr'><strong>ut</strong></span> <span class='ocrx_word' id='word_1_380' title='bbox 2231 3724 2439 3774; x_wconf 89' lang='lat' dir='ltr'><strong>lectioni</strong></span> <span class='ocrx_word' id='word_1_381' title='bbox 2464 3724 2611 3774; x_wconf 85' lang='lat' dir='ltr'><strong>theo·</strong></span> 
     </span>
    </p>
   </div>
   <div class='ocr_carea' id='block_1_6' title="bbox 467 3801 2757 4357">
    <p class='ocr_par' dir='ltr' id='par_1_21' title="bbox 467 3801 2757 4357">
     <span class='ocr_line' id='line_1_43' title="bbox 588 3801 2756 3867; baseline -0.002 -14"><span class='ocrx_word' id='word_1_382' title='bbox 588 3802 744 3867; x_wconf 90' lang='lat' dir='ltr'><strong>logali</strong></span> <span class='ocrx_word' id='word_1_383' title='bbox 772 3804 1045 3853; x_wconf 76' lang='lat' dir='ltr'><strong>intersint?</strong></span> <span class='ocrx_word' id='word_1_384' title='bbox 1048 3836 2608 3857; x_wconf 88' lang='grc'><strong>..................................................</strong></span> <span class='ocrx_word' id='word_1_385' title='bbox 2679 3801 2756 3850; x_wconf 79' lang='grc'><strong>105</strong></span> 
     </span>
     <span class='ocr_line' id='line_1_44' title="bbox 529 3881 2610 3948; baseline -0.001 -14"><span class='ocrx_word' id='word_1_386' title='bbox 529 3884 561 3947; x_wconf 66' lang='grc' dir='ltr'>ἓ</span> <span class='ocrx_word' id='word_1_387' title='bbox 593 3887 640 3936; x_wconf 86' lang='grc'><strong>9.</strong></span> <span class='ocrx_word' id='word_1_388' title='bbox 674 3884 752 3934; x_wconf 81' lang='lat' dir='ltr'><strong>An</strong></span> <span class='ocrx_word' id='word_1_389' title='bbox 782 3885 835 3933; x_wconf 88' lang='lat' dir='ltr'><strong>tn</strong></span> <span class='ocrx_word' id='word_1_390' title='bbox 858 3887 997 3933; x_wconf 90' lang='lat' dir='ltr'><strong>statu</strong></span> <span class='ocrx_word' id='word_1_391' title='bbox 1019 3884 1258 3947; x_wconf 83' lang='lat' dir='ltr'><strong>praesenti</strong></span> <span class='ocrx_word' id='word_1_392' title='bbox 1286 3881 1610 3933; x_wconf 85' lang='lat' dir='ltr'><strong>ecclesiarum</strong></span> <span class='ocrx_word' id='word_1_393' title='bbox 1628 3882 1803 3933; x_wconf 83' lang='lat' dir='ltr'><strong>Galliae</strong></span> <span class='ocrx_word' id='word_1_394' title='bbox 1821 3885 1876 3934; x_wconf 89' lang='lat' dir='ltr'><strong>et</strong></span> <span class='ocrx_word' id='word_1_395' title='bbox 1902 3884 2117 3935; x_wconf 88' lang='lat' dir='ltr'><strong>altarum</strong></span> <span class='ocrx_word' id='word_1_396' title='bbox 2139 3897 2253 3947; x_wconf 79' lang='lat' dir='ltr'><strong>quoe</strong></span> <span class='ocrx_word' id='word_1_397' title='bbox 2270 3887 2521 3948; x_wconf 89' lang='lat' dir='ltr'><strong>reguntur</strong></span> <span class='ocrx_word' id='word_1_398' title='bbox 2544 3895 2610 3933; x_wconf 80' lang='lat' dir='ltr'><strong>ex</strong></span> 
     </span>
     <span class='ocr_line' id='line_1_45' title="bbox 589 3963 2607 4028; baseline -0.001 -13"><span class='ocrx_word' id='word_1_399' title='bbox 589 3965 894 4016; x_wconf 86' lang='lat' dir='ltr'><strong>concordato</strong></span> <span class='ocrx_word' id='word_1_400' title='bbox 924 3965 1046 4014; x_wconf 90' lang='lat' dir='ltr'><strong>anni</strong></span> <span class='ocrx_word' id='word_1_401' title='bbox 1077 3968 1213 4028; x_wconf 85' lang='grc'><strong>1801,</strong></span> <span class='ocrx_word' id='word_1_402' title='bbox 1252 3963 1547 4027; x_wconf 88' lang='lat' dir='ltr'><strong>obligatoria</strong></span> <span class='ocrx_word' id='word_1_403' title='bbox 1572 3966 1904 4026; x_wconf 86' lang='lat' dir='ltr'><strong>permanserit</strong></span> <span class='ocrx_word' id='word_1_404' title='bbox 1925 3966 2318 4015; x_wconf 89' lang='lat' dir='ltr'><strong>canonicatuum</strong></span> <span class='ocrx_word' id='word_1_405' title='bbox 2346 3963 2607 4025; x_wconf 83' lang='lat' dir='ltr'><strong>theologa-</strong></span> 
     </span>
     <span class='ocr_line' id='line_1_46' title="bbox 590 4042 2749 4105; baseline -0.002 -13"><span class='ocrx_word' id='word_1_406' title='bbox 590 4042 719 4094; x_wconf 82' lang='lat' dir='ltr'><strong>lium</strong></span> <span class='ocrx_word' id='word_1_407' title='bbox 750 4047 970 4096; x_wconf 71' lang='lat' dir='ltr'><strong>erectio?</strong></span> <span class='ocrx_word' id='word_1_408' title='bbox 977 4078 2475 4105; x_wconf 70' lang='grc'><strong>................................................</strong></span> <span class='ocrx_word' id='word_1_409' title='bbox 2494 4079 2537 4094; x_wconf 91' lang='grc'><strong>..</strong></span> <span class='ocrx_word' id='word_1_410' title='bbox 2557 4079 2573 4093; x_wconf 94' lang='grc'><strong>.</strong></span> <span class='ocrx_word' id='word_1_411' title='bbox 2589 4079 2605 4093; x_wconf 93' lang='grc'><strong>.</strong></span> <span class='ocrx_word' id='word_1_412' title='bbox 2676 4042 2749 4090; x_wconf 76' lang='grc'><strong>101</strong></span> 
     </span>
     <span class='ocr_line' id='line_1_47' title="bbox 467 4128 2754 4196; baseline 0 -16"><span class='ocrx_word' id='word_1_413' title='bbox 467 4128 671 4180; x_wconf 76' lang='lat' dir='ltr'>CAPUT</span> <span class='ocrx_word' id='word_1_414' title='bbox 703 4132 761 4180; x_wconf 86' lang='grc' dir='ltr'><strong>Χ.</strong></span> <span class='ocrx_word' id='word_1_415' title='bbox 792 4134 862 4184; x_wconf 87' lang='lat' dir='ltr'><strong>De</strong></span> <span class='ocrx_word' id='word_1_416' title='bbox 887 4134 1257 4196; x_wconf 75' lang='lat' dir='ltr'><strong>poenitentiario</strong></span> <span class='ocrx_word' id='word_1_417' title='bbox 1269 4166 2004 4185; x_wconf 86' lang='grc'><strong>........................</strong></span> <span class='ocrx_word' id='word_1_418' title='bbox 2024 4174 2031 4186; x_wconf 91' lang='grc'><strong>,</strong></span> <span class='ocrx_word' id='word_1_419' title='bbox 2046 4166 2606 4184; x_wconf 91' lang='grc'><strong>..................</strong></span> <span class='ocrx_word' id='word_1_420' title='bbox 2677 4131 2754 4180; x_wconf 85' lang='grc'><strong>109</strong></span> 
     </span>
     <span class='ocr_line' id='line_1_48' title="bbox 535 4208 2757 4275; baseline 0 -18"><span class='ocrx_word' id='word_1_421' title='bbox 535 4209 566 4272; x_wconf 68' lang='grc' dir='ltr'><strong>ἓ</strong></span> <span class='ocrx_word' id='word_1_422' title='bbox 604 4213 646 4259; x_wconf 91' lang='grc'><strong>1.</strong></span> <span class='ocrx_word' id='word_1_423' title='bbox 682 4209 983 4261; x_wconf 86' lang='lat' dir='ltr'><strong>Describitur</strong></span> <span class='ocrx_word' id='word_1_424' title='bbox 1008 4214 1167 4275; x_wconf 91' lang='lat' dir='ltr'><strong>ipsius</strong></span> <span class='ocrx_word' id='word_1_425' title='bbox 1193 4210 1415 4262; x_wconf 79' lang='lat' dir='ltr'><strong>officium</strong></span> <span class='ocrx_word' id='word_1_426' title='bbox 1437 4215 1491 4262; x_wconf 89' lang='lat' dir='ltr'><strong>et</strong></span> <span class='ocrx_word' id='word_1_427' title='bbox 1512 4213 1739 4275; x_wconf 82' lang='lat' dir='ltr'><strong>potestas</strong></span> <span class='ocrx_word' id='word_1_428' title='bbox 1748 4247 2606 4267; x_wconf 86' lang='grc'><strong>............................</strong></span> <span class='ocrx_word' id='word_1_429' title='bbox 2678 4208 2757 4258; x_wconf 87' lang='grc'><strong>109</strong></span> 
     </span>
     <span class='ocr_line' id='line_1_49' title="bbox 535 4288 2752 4357; baseline -0.003 -16"><span class='ocrx_word' id='word_1_430' title='bbox 535 4291 566 4354; x_wconf 66' lang='grc' dir='ltr'><strong>ς</strong></span> <span class='ocrx_word' id='word_1_431' title='bbox 596 4294 645 4342; x_wconf 93' lang='grc'><strong>2.</strong></span> <span class='ocrx_word' id='word_1_432' title='bbox 679 4288 746 4337; x_wconf 88' lang='lat' dir='ltr'><strong>De</strong></span> <span class='ocrx_word' id='word_1_433' title='bbox 767 4289 1091 4351; x_wconf 87' lang='lat' dir='ltr'><strong>qualitatibus</strong></span> <span class='ocrx_word' id='word_1_434' title='bbox 1109 4293 1175 4343; x_wconf 91' lang='lat' dir='ltr'><strong>ad</strong></span> <span class='ocrx_word' id='word_1_435' title='bbox 1194 4293 1551 4357; x_wconf 87' lang='lat' dir='ltr'><strong>poenitentiarii</strong></span> <span class='ocrx_word' id='word_1_436' title='bbox 1579 4305 1768 4343; x_wconf 89' lang='lat' dir='ltr'><strong>munus</strong></span> <span class='ocrx_word' id='word_1_437' title='bbox 1790 4294 2048 4356; x_wconf 87' lang='lat' dir='ltr'><strong>requisitis</strong></span> <span class='ocrx_word' id='word_1_438' title='bbox 2053 4323 2608 4346; x_wconf 87' lang='grc'><strong>.................</strong></span> <span class='ocrx_word' id='word_1_439' title='bbox 2681 4290 2752 4337; x_wconf 87' lang='grc'><strong>111</strong></span> 
     </span>
    </p>
   </div>
   <div class='ocr_carea' id='block_1_7' title="bbox 538 4339 2760 4504">
    <p class='ocr_par' dir='ltr' id='par_1_22' title="bbox 538 4339 2760 4504">
     <span class='ocr_line' id='line_1_50' title="bbox 538 4339 2760 4494; baseline 0.001 -74"><span class='ocrx_word' id='word_1_440' title='bbox 538 4370 568 4433; x_wconf 68' lang='grc' dir='ltr'>ἓ</span> <span class='ocrx_word' id='word_1_441' title='bbox 599 4374 646 4422; x_wconf 81' lang='grc'><strong>3.</strong></span> <span class='ocrx_word' id='word_1_442' title='bbox 681 4367 802 4430; x_wconf 79' lang='lat' dir='ltr'><strong>Quoe</strong></span> <span class='ocrx_word' id='word_1_443' title='bbox 829 4368 1146 4493; x_wconf 50' lang='lat' dir='ltr'><strong>particularia</strong></span> <span class='ocrx_word' id='word_1_444' title='bbox 1167 4372 1426 4435; x_wconf 87' lang='lat' dir='ltr'><strong>privilegia</strong></span> <span class='ocrx_word' id='word_1_445' title='bbox 1446 4371 1652 4434; x_wconf 90' lang='lat' dir='ltr'><strong>habeat,</strong></span> <span class='ocrx_word' id='word_1_446' title='bbox 1680 4376 1732 4422; x_wconf 88' lang='lat' dir='ltr'><strong>et</strong></span> <span class='ocrx_word' id='word_1_447' title='bbox 1756 4371 1940 4436; x_wconf 89' lang='lat' dir='ltr'><strong>quibus</strong></span> <span class='ocrx_word' id='word_1_448' title='bbox 1960 4372 2073 4424; x_wconf 90' lang='lat' dir='ltr'><strong>aliis</strong></span> <span class='ocrx_word' id='word_1_449' title='bbox 2097 4339 2351 4423; x_wconf 85' lang='lat' dir='ltr'><strong>canonicis</strong></span> <span class='ocrx_word' id='word_1_450' title='bbox 2382 4383 2634 4422; x_wconf 51' lang='lat' dir='ltr'><strong>commu-n</strong></span> <span class='ocrx_word' id='word_1_451' title='bbox 2682 4437 2760 4494; x_wconf 65' lang='lat'><strong>¹¹²</strong></span> 
     </span>
     <span class='ocr_line' id='line_1_51' title="bbox 598 4451 2610 4504; baseline -0 -5"><span class='ocrx_word' id='word_1_452' title='bbox 598 4451 748 4499; x_wconf 89' lang='lat' dir='ltr'><strong>nibus</strong></span> <span class='ocrx_word' id='word_1_453' title='bbox 773 4457 917 4497; x_wconf 88' lang='lat' dir='ltr'><strong>carea</strong></span> <span class='ocrx_word' id='word_1_454' title='bbox 945 4478 2610 4504; x_wconf 87' lang='grc'><strong>.....................................................</strong></span> 
     </span>
    </p>
   </div>
  </div>
 </body>
</html>
