<?xml version="1.0" encoding="UTF-8"?>
<!DOCTYPE html PUBLIC "-//W3C//DTD XHTML 1.0 Transitional//EN"
    "http://www.w3.org/TR/xhtml1/DTD/xhtml1-transitional.dtd">
<html xmlns="http://www.w3.org/1999/xhtml" xml:lang="en" lang="en">
 <head>
  <title>
</title>
<meta http-equiv="Content-Type" content="text/html;charset=utf-8" />
  <meta name='ocr-system' content='tesseract 3.04.00' />
  <meta name='ocr-capabilities' content='ocr_page ocr_carea ocr_par ocr_line ocrx_word'/>
</head>
<body>
  <div class='ocr_page' id='page_1' title='image "./tractatusdecapi00bouigoog_0623.png"; bbox 0 0 2930 4982; ppageno 0'>
   <div class='ocr_carea' id='block_1_1' title="bbox 1095 393 2468 452">
    <p class='ocr_par' dir='ltr' id='par_1_1' title="bbox 1095 393 2468 452">
     <span class='ocr_line' id='line_1_1' title="bbox 1095 393 2468 452; baseline 0.001 -5"><span class='ocrx_word' id='word_1_1' title='bbox 1095 401 1175 450; x_wconf 68' lang='lat'><strong>118</strong></span> <span class='ocrx_word' id='word_1_2' title='bbox 1218 399 1546 452; x_wconf 71' lang='lat' dir='ltr'><strong>ommis.</strong></span> <span class='ocrx_word' id='word_1_3' title='bbox 2343 393 2379 447; x_wconf 79' lang='grc'><strong>5</strong></span> <span class='ocrx_word' id='word_1_4' title='bbox 2389 394 2420 447; x_wconf 83' lang='grc'><strong>7</strong></span> <span class='ocrx_word' id='word_1_5' title='bbox 2433 394 2468 448; x_wconf 82' lang='grc'><strong>5</strong></span> 
     </span>
    </p>
   </div>
   <div class='ocr_carea' id='block_1_2' title="bbox 76 518 2511 4537">
    <p class='ocr_par' dir='ltr' id='par_1_2' title="bbox 76 518 2511 4537">
     <span class='ocr_line' id='line_1_2' title="bbox 191 518 2473 609; baseline 0.004 -26"><span class='ocrx_word' id='word_1_6' title='bbox 191 545 224 583; x_wconf 95' lang='lat'>«</span> <span class='ocrx_word' id='word_1_7' title='bbox 248 520 494 599; x_wconf 74' lang='lat' dir='ltr'><strong>nensiS,</strong></span> <span class='ocrx_word' id='word_1_8' title='bbox 521 519 1153 598; x_wconf 68' lang='lat' dir='ltr'><strong>Sacrorumrituum</strong></span> <span class='ocrx_word' id='word_1_9' title='bbox 1187 518 1687 608; x_wconf 82' lang='lat' dir='ltr'><strong>Congregationi</strong></span> <span class='ocrx_word' id='word_1_10' title='bbox 1725 520 2059 609; x_wconf 84' lang='lat' dir='ltr'><strong>sequentia</strong></span> <span class='ocrx_word' id='word_1_11' title='bbox 2086 520 2287 589; x_wconf 83' lang='lat' dir='ltr'><strong>dubia</strong></span> <span class='ocrx_word' id='word_1_12' title='bbox 2312 544 2473 592; x_wconf 85' lang='lat' dir='ltr'><strong>eno-</strong></span> 
     </span>
     <span class='ocr_line' id='line_1_3' title="bbox 191 623 2477 718; baseline 0.005 -32"><span class='ocrx_word' id='word_1_13' title='bbox 191 627 464 694; x_wconf 88' lang='lat' dir='ltr'><strong>«danda</strong></span> <span class='ocrx_word' id='word_1_14' title='bbox 513 626 881 717; x_wconf 52' lang='lat' dir='ltr'><strong>proposuit»,</strong></span> <span class='ocrx_word' id='word_1_15' title='bbox 911 627 1235 696; x_wconf 83' lang='lat' dir='ltr'><strong>nimirum</strong></span> <span class='ocrx_word' id='word_1_16' title='bbox 1280 649 1301 693; x_wconf 72' lang='grc' dir='ltr'>ι</span> <span class='ocrx_word' id='word_1_17' title='bbox 1339 661 1433 677; x_wconf 90' lang='lat'>-</span> <span class='ocrx_word' id='word_1_18' title='bbox 1471 624 1544 690; x_wconf 62' lang='lat'><strong>1⁶</strong></span> <span class='ocrx_word' id='word_1_19' title='bbox 1590 623 1735 705; x_wconf 70' lang='lat' dir='ltr'><strong>Quo</strong></span> <span class='ocrx_word' id='word_1_20' title='bbox 1778 627 1910 694; x_wconf 80' lang='lat' dir='ltr'><strong>ritu</strong></span> <span class='ocrx_word' id='word_1_21' title='bbox 1940 627 2356 718; x_wconf 77' lang='lat' dir='ltr'><strong>excipiendus</strong></span> <span class='ocrx_word' id='word_1_22' title='bbox 2395 631 2477 699; x_wconf 81' lang='lat' dir='ltr'><strong>sit</strong></span> 
     </span>
     <span class='ocr_line' id='line_1_4' title="bbox 188 730 2478 823; baseline 0.004 -27"><span class='ocrx_word' id='word_1_23' title='bbox 188 758 223 797; x_wconf 91' lang='lat'>«</span> <span class='ocrx_word' id='word_1_24' title='bbox 252 730 536 800; x_wconf 79' lang='lat' dir='ltr'><strong>vicarius</strong></span> <span class='ocrx_word' id='word_1_25' title='bbox 572 732 946 823; x_wconf 80' lang='lat' dir='ltr'><strong>capitularis</strong></span> <span class='ocrx_word' id='word_1_26' title='bbox 986 733 1064 801; x_wconf 86' lang='lat' dir='ltr'><strong>ad</strong></span> <span class='ocrx_word' id='word_1_27' title='bbox 1103 732 1321 800; x_wconf 85' lang='lat' dir='ltr'><strong>valvas</strong></span> <span class='ocrx_word' id='word_1_28' title='bbox 1363 730 1892 819; x_wconf 75' lang='lat' dir='ltr'><strong>uniuscujusque·</strong></span> <span class='ocrx_word' id='word_1_29' title='bbox 1918 734 2204 803; x_wconf 80' lang='lat' dir='ltr'><strong>ecclesiae</strong></span> <span class='ocrx_word' id='word_1_30' title='bbox 2241 735 2478 805; x_wconf 84' lang='lat' dir='ltr'><strong>dioece-</strong></span> 
     </span>
     <span class='ocr_line' id='line_1_5' title="bbox 191 837 2476 929; baseline 0.003 -24"><span class='ocrx_word' id='word_1_31' title='bbox 191 864 226 904; x_wconf 86' lang='lat'>«</span> <span class='ocrx_word' id='word_1_32' title='bbox 252 840 340 907; x_wconf 90' lang='lat' dir='ltr'><strong>sis</strong></span> <span class='ocrx_word' id='word_1_33' title='bbox 358 838 392 906; x_wconf 70' lang='lat' dir='ltr'><strong>‘t</strong></span> <span class='ocrx_word' id='word_1_34' title='bbox 418 838 617 922; x_wconf 50' lang='lat' dir='ltr'><strong>2⁶,An</strong></span> <span class='ocrx_word' id='word_1_35' title='bbox 658 861 889 908; x_wconf 88' lang='lat' dir='ltr'><strong>omnes</strong></span> <span class='ocrx_word' id='word_1_36' title='bbox 924 841 1004 908; x_wconf 89' lang='lat' dir='ltr'><strong>de</strong></span> <span class='ocrx_word' id='word_1_37' title='bbox 1028 840 1202 907; x_wconf 86' lang='lat' dir='ltr'><strong>clero</strong></span> <span class='ocrx_word' id='word_1_38' title='bbox 1227 845 1290 906; x_wconf 89' lang='lat' dir='ltr'><strong>et</strong></span> <span class='ocrx_word' id='word_1_39' title='bbox 1316 839 1513 906; x_wconf 85' lang='lat' dir='ltr'><strong>etiam</strong></span> <span class='ocrx_word' id='word_1_40' title='bbox 1547 837 1852 905; x_wconf 83' lang='lat' dir='ltr'><strong>canonici</strong></span> <span class='ocrx_word' id='word_1_41' title='bbox 1878 838 1957 905; x_wconf 88' lang='lat' dir='ltr'><strong>de</strong></span> <span class='ocrx_word' id='word_1_42' title='bbox 1984 841 2262 929; x_wconf 76' lang='lat' dir='ltr'><strong>capitulo</strong></span> <span class='ocrx_word' id='word_1_43' title='bbox 2298 864 2476 912; x_wconf 91' lang='lat' dir='ltr'><strong>acce·</strong></span> 
     </span>
     <span class='ocr_line' id='line_1_6' title="bbox 178 943 2478 1046; baseline 0.004 -36"><span class='ocrx_word' id='word_1_44' title='bbox 178 972 223 1046; x_wconf 70' lang='lat'><strong>¹«</strong></span> <span class='ocrx_word' id='word_1_45' title='bbox 252 947 403 1016; x_wconf 87' lang='lat' dir='ltr'><strong>dere</strong></span> <span class='ocrx_word' id='word_1_46' title='bbox 431 946 703 1026; x_wconf 75' lang='lat' dir='ltr'><strong>debeant</strong></span> <span class='ocrx_word' id='word_1_47' title='bbox 736 947 817 1014; x_wconf 85' lang='lat' dir='ltr'><strong>ad</strong></span> <span class='ocrx_word' id='word_1_48' title='bbox 854 946 1289 1037; x_wconf 72' lang='lat' dir='ltr'><strong>praestandam</strong></span> <span class='ocrx_word' id='word_1_49' title='bbox 1333 945 1813 1014; x_wconf 74' lang='lat' dir='ltr'><strong>obedientiam?</strong></span> <span class='ocrx_word' id='word_1_50' title='bbox 1839 979 1930 996; x_wconf 88' lang='lat'><em>-</em></span> <span class='ocrx_word' id='word_1_51' title='bbox 1963 943 2478 1019; x_wconf 71' lang='lat' dir='ltr'><strong>Eminentissinii</strong></span> 
     </span>
     <span class='ocr_line' id='line_1_7' title="bbox 192 1050 2477 1143; baseline 0.003 -29"><span class='ocrx_word' id='word_1_52' title='bbox 192 1058 319 1119; x_wconf 90' lang='lat' dir='ltr'><strong>«et</strong></span> <span class='ocrx_word' id='word_1_53' title='bbox 354 1053 878 1120; x_wconf 82' lang='lat' dir='ltr'>reverendissimi</span> <span class='ocrx_word' id='word_1_54' title='bbox 919 1051 1220 1121; x_wconf 88' lang='lat' dir='ltr'><strong>Patres...</strong></span> <span class='ocrx_word' id='word_1_55' title='bbox 1268 1050 1761 1119; x_wconf 81' lang='lat' dir='ltr'><strong>rescribendum</strong></span> <span class='ocrx_word' id='word_1_56' title='bbox 1801 1071 2109 1118; x_wconf 82' lang='lat' dir='ltr'><strong>censuere</strong></span> <span class='ocrx_word' id='word_1_57' title='bbox 2149 1074 2188 1119; x_wconf 64' lang='lat'><strong>:⁴</strong></span> <span class='ocrx_word' id='word_1_58' title='bbox 2216 1054 2477 1143; x_wconf 80' lang='lat' dir='ltr'><strong>Dilata,</strong></span> 
     </span>
     <span class='ocr_line' id='line_1_8' title="bbox 76 1149 2482 1250; baseline 0.002 -28"><span class='ocrx_word' id='word_1_59' title='bbox 76 1161 77 1164; x_wconf 74' lang='grc'>’</span> <span class='ocrx_word' id='word_1_60' title='bbox 191 1186 224 1223; x_wconf 91' lang='lat'>«</span> <span class='ocrx_word' id='word_1_61' title='bbox 254 1170 320 1226; x_wconf 90' lang='lat' dir='ltr'><strong>et</strong></span> <span class='ocrx_word' id='word_1_62' title='bbox 364 1156 457 1225; x_wconf 89' lang='lat' dir='ltr'><strong>ad</strong></span> <span class='ocrx_word' id='word_1_63' title='bbox 493 1169 801 1226; x_wconf 82' lang='lat' dir='ltr'><strong>mentem.</strong></span> <span class='ocrx_word' id='word_1_64' title='bbox 834 1163 1014 1227; x_wconf 88' lang='lat' dir='ltr'><strong>Mens</strong></span> <span class='ocrx_word' id='word_1_65' title='bbox 1055 1149 1283 1242; x_wconf 37' lang='lat' dir='ltr'><strong>est,⁷ut</strong></span> <span class='ocrx_word' id='word_1_66' title='bbox 1319 1156 1881 1224; x_wconf 85' lang='lat' dir='ltr'><strong>eminentissimus</strong></span> <span class='ocrx_word' id='word_1_67' title='bbox 1912 1154 2482 1250; x_wconf 82' lang='lat' dir='ltr'><strong>Cardinalisproe-</strong></span> 
     </span>
     <span class='ocr_line' id='line_1_9' title="bbox 193 1262 2485 1356; baseline 0.003 -27"><span class='ocrx_word' id='word_1_68' title='bbox 193 1292 227 1331; x_wconf 72' lang='grc' dir='ltr'><strong>ι(</strong></span> <span class='ocrx_word' id='word_1_69' title='bbox 248 1267 462 1355; x_wconf 82' lang='lat' dir='ltr'><strong>fectus</strong></span> <span class='ocrx_word' id='word_1_70' title='bbox 487 1286 639 1333; x_wconf 89' lang='lat' dir='ltr'><strong>cum</strong></span> <span class='ocrx_word' id='word_1_71' title='bbox 667 1265 1104 1334; x_wconf 87' lang='lat' dir='ltr'><strong>Sanctissimo</strong></span> <span class='ocrx_word' id='word_1_72' title='bbox 1136 1276 1302 1356; x_wconf 78' lang='lat' dir='ltr'><strong>aqat</strong></span> <span class='ocrx_word' id='word_1_73' title='bbox 1335 1263 1417 1332; x_wconf 80' lang='lat' dir='ltr'><strong>de</strong></span> <span class='ocrx_word' id='word_1_74' title='bbox 1436 1262 1828 1332; x_wconf 74' lang='lat' dir='ltr'><strong>necessitate</strong></span> <span class='ocrx_word' id='word_1_75' title='bbox 1849 1263 2217 1353; x_wconf 83' lang='lat' dir='ltr'><strong>supplendi</strong></span> <span class='ocrx_word' id='word_1_76' title='bbox 2241 1266 2371 1333; x_wconf 83' lang='lat' dir='ltr'><strong>hac</strong></span> <span class='ocrx_word' id='word_1_77' title='bbox 2415 1267 2485 1335; x_wconf 90' lang='lat' dir='ltr'><strong>in</strong></span> 
     </span>
     <span class='ocr_line' id='line_1_10' title="bbox 195 1369 2485 1466; baseline 0.003 -31"><span class='ocrx_word' id='word_1_78' title='bbox 195 1396 229 1434; x_wconf 94' lang='lat'>«</span> <span class='ocrx_word' id='word_1_79' title='bbox 261 1393 331 1437; x_wconf 88' lang='lat' dir='ltr'><strong>re</strong></span> <span class='ocrx_word' id='word_1_80' title='bbox 368 1370 656 1462; x_wconf 85' lang='lat' dir='ltr'><strong>defectui</strong></span> <span class='ocrx_word' id='word_1_81' title='bbox 696 1371 1195 1446; x_wconf 71' lang='lat' dir='ltr'><strong>caerernonialis.</strong></span> <span class='ocrx_word' id='word_1_82' title='bbox 1222 1369 1727 1466; x_wconf 20' lang='lat' dir='ltr'><strong>&#39;Superquibus</strong></span> <span class='ocrx_word' id='word_1_83' title='bbox 1755 1369 2069 1437; x_wconf 83' lang='lat' dir='ltr'><strong>omnibus</strong></span> <span class='ocrx_word' id='word_1_84' title='bbox 2101 1371 2485 1463; x_wconf 78' lang='lat' dir='ltr'><strong>facta‘post-</strong></span> 
     </span>
     <span class='ocr_line' id='line_1_11' title="bbox 189 1474 2490 1567; baseline 0.002 -25"><span class='ocrx_word' id='word_1_85' title='bbox 189 1503 227 1542; x_wconf 93' lang='lat'>«</span> <span class='ocrx_word' id='word_1_86' title='bbox 258 1478 533 1546; x_wconf 90' lang='lat' dir='ltr'><strong>modum</strong></span> <span class='ocrx_word' id='word_1_87' title='bbox 569 1480 972 1549; x_wconf 87' lang='lat' dir='ltr'><strong>sanctissimo</strong></span> <span class='ocrx_word' id='word_1_88' title='bbox 999 1481 1270 1548; x_wconf 86' lang='lat' dir='ltr'><strong>domino</strong></span> <span class='ocrx_word' id='word_1_89' title='bbox 1301 1484 1521 1548; x_wconf 74' lang='lat' dir='ltr'><strong>nostro</strong></span> <span class='ocrx_word' id='word_1_90' title='bbox 1553 1475 1868 1565; x_wconf 84' lang='lat' dir='ltr'><strong>Gregorio</strong></span> <span class='ocrx_word' id='word_1_91' title='bbox 1898 1474 2088 1567; x_wconf 69' lang='lat' dir='ltr'><strong>Papae</strong></span> <span class='ocrx_word' id='word_1_92' title='bbox 2113 1475 2295 1567; x_wconf 86' lang='lat' dir='ltr'><strong>XVI,</strong></span> <span class='ocrx_word' id='word_1_93' title='bbox 2322 1477 2490 1546; x_wconf 88' lang='lat' dir='ltr'><strong>Pon-</strong></span> 
     </span>
     <span class='ocr_line' id='line_1_12' title="bbox 193 1581 2490 1672; baseline 0.001 -22"><span class='ocrx_word' id='word_1_94' title='bbox 193 1612 229 1650; x_wconf 89' lang='lat'>«</span> <span class='ocrx_word' id='word_1_95' title='bbox 262 1585 413 1652; x_wconf 90' lang='lat' dir='ltr'><strong>tifici</strong></span> <span class='ocrx_word' id='word_1_96' title='bbox 466 1585 748 1655; x_wconf 82' lang='lat' dir='ltr'><strong>Maximo</strong></span> <span class='ocrx_word' id='word_1_97' title='bbox 818 1587 1207 1658; x_wconf 80' lang='lat' dir='ltr'><strong>relatione...</strong></span> <span class='ocrx_word' id='word_1_98' title='bbox 1267 1584 1587 1654; x_wconf 80' lang='lat' dir='ltr'><strong>Sanctitas</strong></span> <span class='ocrx_word' id='word_1_99' title='bbox 1641 1581 1777 1652; x_wconf 89' lang='lat' dir='ltr'><strong>Sua</strong></span> <span class='ocrx_word' id='word_1_100' title='bbox 1841 1583 2153 1672; x_wconf 85' lang='lat' dir='ltr'><strong>praedicto</strong></span> <span class='ocrx_word' id='word_1_101' title='bbox 2210 1585 2490 1653; x_wconf 81' lang='lat' dir='ltr'><strong>defectui</strong></span> 
     </span>
     <span class='ocr_line' id='line_1_13' title="bbox 196 1680 2488 1784; baseline 0.003 -29"><span class='ocrx_word' id='word_1_102' title='bbox 196 1715 231 1754; x_wconf 92' lang='lat'>«</span> <span class='ocrx_word' id='word_1_103' title='bbox 259 1693 700 1782; x_wconf 87' lang='lat' dir='ltr'><strong>supplendum</strong></span> <span class='ocrx_word' id='word_1_104' title='bbox 728 1716 862 1762; x_wconf 89' lang='lat' dir='ltr'><strong>esse</strong></span> <span class='ocrx_word' id='word_1_105' title='bbox 891 1680 1225 1784; x_wconf 75' lang='lat' dir='ltr'><strong>mandavit</strong></span> <span class='ocrx_word' id='word_1_106' title='bbox 1258 1690 1750 1782; x_wconf 78' lang='lat' dir='ltr'><strong>juxtamodum</strong></span> <span class='ocrx_word' id='word_1_107' title='bbox 1774 1712 1812 1757; x_wconf 86' lang='lat' dir='ltr'><strong>a</strong></span> <span class='ocrx_word' id='word_1_108' title='bbox 1842 1693 2151 1779; x_wconf 85' lang='lat' dir='ltr'><strong>magistro</strong></span> <span class='ocrx_word' id='word_1_109' title='bbox 2185 1696 2488 1762; x_wconf 83' lang='lat' dir='ltr'><strong>caeremo-</strong></span> 
     </span>
     <span class='ocr_line' id='line_1_14' title="bbox 196 1797 2488 1892; baseline 0.003 -29"><span class='ocrx_word' id='word_1_110' title='bbox 196 1822 234 1862; x_wconf 90' lang='lat'>«</span> <span class='ocrx_word' id='word_1_111' title='bbox 263 1798 524 1866; x_wconf 86' lang='lat' dir='ltr'><strong>niarum</strong></span> <span class='ocrx_word' id='word_1_112' title='bbox 559 1802 625 1866; x_wconf 88' lang='lat' dir='ltr'><strong>in</strong></span> <span class='ocrx_word' id='word_1_113' title='bbox 653 1821 769 1868; x_wconf 89' lang='lat' dir='ltr'><strong>suo</strong></span> <span class='ocrx_word' id='word_1_114' title='bbox 795 1807 943 1870; x_wconf 75' lang='lat' dir='ltr'><strong>voto</strong></span> <span class='ocrx_word' id='word_1_115' title='bbox 967 1800 1397 1892; x_wconf 72' lang='lat' dir='ltr'><strong>propositum,</strong></span> <span class='ocrx_word' id='word_1_116' title='bbox 1426 1799 1726 1867; x_wconf 81' lang='lat' dir='ltr'><strong>videlicet</strong></span> <span class='ocrx_word' id='word_1_117' title='bbox 1757 1821 1775 1865; x_wconf 73' lang='grc' dir='ltr'><strong><em>ε</em></strong></span> <span class='ocrx_word' id='word_1_118' title='bbox 1821 1797 2125 1867; x_wconf 77' lang='lat' dir='ltr'><strong>Vic&#39;arius</strong></span> <span class='ocrx_word' id='word_1_119' title='bbox 2150 1801 2488 1892; x_wconf 87' lang='lat' dir='ltr'><strong>capitula-</strong></span> 
     </span>
     <span class='ocr_line' id='line_1_15' title="bbox 196 1904 2488 1995; baseline 0.003 -26"><span class='ocrx_word' id='word_1_120' title='bbox 196 1929 234 1969; x_wconf 88' lang='lat'>«</span> <span class='ocrx_word' id='word_1_121' title='bbox 257 1904 348 1970; x_wconf 85' lang='lat' dir='ltr'><strong>ris</strong></span> <span class='ocrx_word' id='word_1_122' title='bbox 366 1904 692 1995; x_wconf 86' lang='lat' dir='ltr'><strong>procedat</strong></span> <span class='ocrx_word' id='word_1_123' title='bbox 731 1906 824 1974; x_wconf 91' lang='lat' dir='ltr'><strong>ad</strong></span> <span class='ocrx_word' id='word_1_124' title='bbox 848 1908 1185 1976; x_wconf 86' lang='lat' dir='ltr'><strong>ecclesiam</strong></span> <span class='ocrx_word' id='word_1_125' title='bbox 1225 1904 1684 1973; x_wconf 74' lang='lat' dir='ltr'><strong>cathedralem</strong></span> <span class='ocrx_word' id='word_1_126' title='bbox 1728 1914 1902 1971; x_wconf 90' lang='lat' dir='ltr'><strong>veste</strong></span> <span class='ocrx_word' id='word_1_127' title='bbox 1936 1906 2149 1973; x_wconf 88' lang='lat' dir='ltr'><strong>talari</strong></span> <span class='ocrx_word' id='word_1_128' title='bbox 2187 1906 2488 1989; x_wconf 86' lang='lat' dir='ltr'><strong>indutus,</strong></span> 
     </span>
     <span class='ocr_line' id='line_1_16' title="bbox 196 2011 2493 2104; baseline 0.004 -31"><span class='ocrx_word' id='word_1_129' title='bbox 196 2035 234 2074; x_wconf 89' lang='lat'>«</span> <span class='ocrx_word' id='word_1_130' title='bbox 264 2011 380 2078; x_wconf 90' lang='lat' dir='ltr'><strong>ubi</strong></span> <span class='ocrx_word' id='word_1_131' title='bbox 414 2014 598 2080; x_wconf 89' lang='lat' dir='ltr'><strong>intra</strong></span> <span class='ocrx_word' id='word_1_132' title='bbox 638 2026 923 2104; x_wconf 88' lang='lat' dir='ltr'><strong>portam</strong></span> <span class='ocrx_word' id='word_1_133' title='bbox 970 2014 1331 2103; x_wconf 77' lang='lat' dir='ltr'><strong>recipietur</strong></span> <span class='ocrx_word' id='word_1_134' title='bbox 1373 2011 1460 2079; x_wconf 88' lang='lat' dir='ltr'><strong>ab</strong></span> <span class='ocrx_word' id='word_1_135' title='bbox 1504 2011 1807 2078; x_wconf 78' lang='lat' dir='ltr'><strong>universo</strong></span> <span class='ocrx_word' id='word_1_136' title='bbox 1847 2011 2170 2101; x_wconf 88' lang='lat' dir='ltr'><strong>capitulo.</strong></span> <span class='ocrx_word' id='word_1_137' title='bbox 2209 2014 2376 2081; x_wconf 87' lang='lat' dir='ltr'><strong>Cum</strong></span> <span class='ocrx_word' id='word_1_138' title='bbox 2419 2038 2493 2082; x_wconf 92' lang='lat' dir='ltr'><strong>eo</strong></span> 
     </span>
     <span class='ocr_line' id='line_1_17' title="bbox 193 2117 2495 2211; baseline 0.003 -30"><span class='ocrx_word' id='word_1_139' title='bbox 193 2142 232 2181; x_wconf 92' lang='lat'>«</span> <span class='ocrx_word' id='word_1_140' title='bbox 250 2119 653 2207; x_wconf 84' lang='lat' dir='ltr'><strong>pervenerit,</strong></span> <span class='ocrx_word' id='word_1_141' title='bbox 680 2132 969 2188; x_wconf 85' lang='lat' dir='ltr'><strong>assumet</strong></span> <span class='ocrx_word' id='word_1_142' title='bbox 994 2120 1582 2211; x_wconf 80' lang='lat' dir='ltr'><strong>superpelliceum,</strong></span> <span class='ocrx_word' id='word_1_143' title='bbox 1604 2117 1711 2185; x_wconf 91' lang='lat' dir='ltr'><strong>vel</strong></span> <span class='ocrx_word' id='word_1_144' title='bbox 1728 2118 1874 2186; x_wconf 90' lang='lat' dir='ltr'><strong>alia</strong></span> <span class='ocrx_word' id='word_1_145' title='bbox 1899 2118 2194 2209; x_wconf 74' lang='lat' dir='ltr'><strong>insiqnia</strong></span> <span class='ocrx_word' id='word_1_146' title='bbox 2223 2122 2495 2189; x_wconf 89' lang='lat' dir='ltr'><strong>canoni-</strong></span> 
     </span>
     <span class='ocr_line' id='line_1_18' title="bbox 195 2223 2494 2316; baseline 0.004 -30"><span class='ocrx_word' id='word_1_147' title='bbox 195 2247 237 2287; x_wconf 87' lang='lat'>«</span> <span class='ocrx_word' id='word_1_148' title='bbox 261 2223 442 2289; x_wconf 90' lang='lat' dir='ltr'><strong>calia</strong></span> <span class='ocrx_word' id='word_1_149' title='bbox 473 2223 535 2291; x_wconf 90' lang='lat' dir='ltr'><strong>si</strong></span> <span class='ocrx_word' id='word_1_150' title='bbox 566 2225 655 2292; x_wconf 88' lang='lat' dir='ltr'><strong>sit</strong></span> <span class='ocrx_word' id='word_1_151' title='bbox 677 2227 1059 2310; x_wconf 85' lang='lat' dir='ltr'><strong>canonicus,</strong></span> <span class='ocrx_word' id='word_1_152' title='bbox 1087 2226 1423 2316; x_wconf 83' lang='lat' dir='ltr'><strong>eidemque</strong></span> <span class='ocrx_word' id='word_1_153' title='bbox 1453 2226 1740 2293; x_wconf 89' lang='lat' dir='ltr'><strong>biretum</strong></span> <span class='ocrx_word' id='word_1_154' title='bbox 1767 2224 2235 2315; x_wconf 72' lang='lat' dir='ltr'><strong>presbyterale</strong></span> <span class='ocrx_word' id='word_1_155' title='bbox 2257 2249 2494 2295; x_wconf 90' lang='lat' dir='ltr'><strong>manu-</strong></span> 
     </span>
     <span class='ocr_line' id='line_1_19' title="bbox 197 2327 2495 2422; baseline 0.004 -32"><span class='ocrx_word' id='word_1_156' title='bbox 197 2350 237 2389; x_wconf 89' lang='lat'>«</span> <span class='ocrx_word' id='word_1_157' title='bbox 268 2329 541 2408; x_wconf 88' lang='lat' dir='ltr'><strong>tenenti‚</strong></span> <span class='ocrx_word' id='word_1_158' title='bbox 563 2327 826 2420; x_wconf 74' lang='lat' dir='ltr'><strong>diqnior</strong></span> <span class='ocrx_word' id='word_1_159' title='bbox 845 2353 926 2400; x_wconf 77' lang='lat' dir='ltr'><strong>ex</strong></span> <span class='ocrx_word' id='word_1_160' title='bbox 951 2332 1259 2422; x_wconf 87' lang='lat' dir='ltr'><strong>capitulo</strong></span> <span class='ocrx_word' id='word_1_161' title='bbox 1279 2343 1471 2400; x_wconf 83' lang='lat' dir='ltr'><strong>stans</strong></span> <span class='ocrx_word' id='word_1_162' title='bbox 1496 2331 1945 2421; x_wconf 81' lang='lat' dir='ltr'><strong>aspersorium</strong></span> <span class='ocrx_word' id='word_1_163' title='bbox 1957 2353 2087 2420; x_wconf 90' lang='lat' dir='ltr'><strong>per</strong></span> <span class='ocrx_word' id='word_1_164' title='bbox 2116 2344 2495 2401; x_wconf 87' lang='lat' dir='ltr'><strong>contactum</strong></span> 
     </span>
     <span class='ocr_line' id='line_1_20' title="bbox 198 2432 2496 2528; baseline 0.004 -31"><span class='ocrx_word' id='word_1_165' title='bbox 198 2456 235 2497; x_wconf 89' lang='lat'>«</span> <span class='ocrx_word' id='word_1_166' title='bbox 268 2432 626 2504; x_wconf 74' lang='lat' dir='ltr'><strong>exhibebit.</strong></span> <span class='ocrx_word' id='word_1_167' title='bbox 670 2436 1087 2506; x_wconf 81' lang='lat' dir='ltr'><strong>Proeeedente</strong></span> <span class='ocrx_word' id='word_1_168' title='bbox 1128 2459 1314 2505; x_wconf 89' lang='lat' dir='ltr'><strong>cruce</strong></span> <span class='ocrx_word' id='word_1_169' title='bbox 1360 2435 1757 2528; x_wconf 84' lang='lat' dir='ltr'><strong>capitulari,</strong></span> <span class='ocrx_word' id='word_1_170' title='bbox 1790 2436 2172 2524; x_wconf 59' lang='lat' dir='ltr'><strong>caeterisque</strong></span> <span class='ocrx_word' id='word_1_171' title='bbox 2212 2435 2292 2505; x_wconf 90' lang='lat' dir='ltr'><strong>de</strong></span> <span class='ocrx_word' id='word_1_172' title='bbox 2328 2438 2496 2507; x_wconf 82' lang='lat' dir='ltr'><strong>clero</strong></span> 
     </span>
     <span class='ocr_line' id='line_1_21' title="bbox 193 2541 2495 2634; baseline 0.005 -33"><span class='ocrx_word' id='word_1_173' title='bbox 193 2563 233 2602; x_wconf 88' lang='lat'>«</span> <span class='ocrx_word' id='word_1_174' title='bbox 266 2550 446 2606; x_wconf 88' lang='lat' dir='ltr'><strong>recta</strong></span> <span class='ocrx_word' id='word_1_175' title='bbox 473 2541 708 2609; x_wconf 87' lang='lat' dir='ltr'><strong>statim</strong></span> <span class='ocrx_word' id='word_1_176' title='bbox 739 2542 919 2611; x_wconf 89' lang='lat' dir='ltr'><strong>inter</strong></span> <span class='ocrx_word' id='word_1_177' title='bbox 942 2541 1107 2611; x_wconf 87' lang='lat' dir='ltr'><strong>duos</strong></span> <span class='ocrx_word' id='word_1_178' title='bbox 1137 2542 1465 2634; x_wconf 78' lang='lat' dir='ltr'><strong>diqniores</strong></span> <span class='ocrx_word' id='word_1_179' title='bbox 1496 2552 1577 2609; x_wconf 77' lang='lat' dir='ltr'><strong>eoe&#39;</strong></span> <span class='ocrx_word' id='word_1_180' title='bbox 1607 2541 1904 2632; x_wconf 86' lang='lat' dir='ltr'><strong>capitulo</strong></span> <span class='ocrx_word' id='word_1_181' title='bbox 1919 2550 2162 2631; x_wconf 77' lang='lat' dir='ltr'><strong>perqet</strong></span> <span class='ocrx_word' id='word_1_182' title='bbox 2186 2542 2280 2609; x_wconf 78' lang='lat' dir='ltr'><strong>a&#39;d</strong></span> <span class='ocrx_word' id='word_1_183' title='bbox 2295 2547 2495 2612; x_wconf 89' lang='lat' dir='ltr'><strong>sacel-</strong></span> 
     </span>
     <span class='ocr_line' id='line_1_22' title="bbox 198 2644 2498 2740; baseline 0.004 -32"><span class='ocrx_word' id='word_1_184' title='bbox 198 2670 234 2708; x_wconf 92' lang='lat'>«</span> <span class='ocrx_word' id='word_1_185' title='bbox 266 2644 408 2711; x_wconf 90' lang='lat' dir='ltr'><strong>lum</strong></span> <span class='ocrx_word' id='word_1_186' title='bbox 426 2645 546 2719; x_wconf 83' lang='lat' dir='ltr'><strong>ubi</strong></span> <span class='ocrx_word' id='word_1_187' title='bbox 562 2648 1071 2717; x_wconf 87' lang='lat' dir='ltr'><strong>Sanctissimum</strong></span> <span class='ocrx_word' id='word_1_188' title='bbox 1094 2652 1607 2717; x_wconf 82' lang='lat' dir='ltr'><strong>Sacramentum</strong></span> <span class='ocrx_word' id='word_1_189' title='bbox 1632 2659 2014 2716; x_wconf 86' lang='lat' dir='ltr'><strong>asservatur</strong></span> <span class='ocrx_word' id='word_1_190' title='bbox 2025 2668 2055 2731; x_wconf 87' lang='lat'><strong>,·</strong></span> <span class='ocrx_word' id='word_1_191' title='bbox 2078 2662 2498 2740; x_wconf 83' lang='lat' dir='ltr'><strong>atquepara-</strong></span> 
     </span>
     <span class='ocr_line' id='line_1_23' title="bbox 197 2751 2495 2846; baseline 0.004 -32"><span class='ocrx_word' id='word_1_192' title='bbox 197 2776 235 2815; x_wconf 89' lang='lat'>«</span> <span class='ocrx_word' id='word_1_193' title='bbox 268 2751 351 2818; x_wconf 90' lang='lat' dir='ltr'><strong>tis</strong></span> <span class='ocrx_word' id='word_1_194' title='bbox 368 2775 565 2841; x_wconf 87' lang='lat' dir='ltr'><strong>super</strong></span> <span class='ocrx_word' id='word_1_195' title='bbox 578 2754 1036 2845; x_wconf 75' lang='lat' dir='ltr'><strong>qenusleoeorio</strong></span> <span class='ocrx_word' id='word_1_196' title='bbox 1046 2753 1537 2844; x_wconf 90' lang='lat' dir='ltr'><strong>pulvinaribus</strong></span> <span class='ocrx_word' id='word_1_197' title='bbox 1546 2776 1689 2821; x_wconf 87' lang='lat' dir='ltr'><strong>una</strong></span> <span class='ocrx_word' id='word_1_198' title='bbox 1709 2775 1861 2821; x_wconf 91' lang='lat' dir='ltr'><strong>cum</strong></span> <span class='ocrx_word' id='word_1_199' title='bbox 1869 2753 2217 2844; x_wconf 68' lang='lat' dir='ltr'><strong>praedictis</strong></span> <span class='ocrx_word' id='word_1_200' title='bbox 2227 2754 2495 2846; x_wconf 75' lang='lat' dir='ltr'><strong>diqnio·</strong></span> 
     </span>
     <span class='ocr_line' id='line_1_24' title="bbox 197 2857 2496 2954; baseline 0.004 -33"><span class='ocrx_word' id='word_1_201' title='bbox 197 2883 233 2921; x_wconf 91' lang='lat'>«</span> <span class='ocrx_word' id='word_1_202' title='bbox 263 2857 455 2925; x_wconf 87' lang='lat' dir='ltr'><strong>ribus</strong></span> <span class='ocrx_word' id='word_1_203' title='bbox 483 2859 554 2926; x_wconf 88' lang='lat' dir='ltr'><strong>in</strong></span> <span class='ocrx_word' id='word_1_204' title='bbox 573 2882 792 2949; x_wconf 75' lang='lat' dir='ltr'><strong>qenua</strong></span> <span class='ocrx_word' id='word_1_205' title='bbox 809 2861 1221 2951; x_wconf 75' lang='lat' dir='ltr'><strong>provolutus</strong></span> <span class='ocrx_word' id='word_1_206' title='bbox 1255 2859 1500 2927; x_wconf 88' lang='lat' dir='ltr'><strong>orabit.</strong></span> <span class='ocrx_word' id='word_1_207' title='bbox 1531 2861 1901 2949; x_wconf 76' lang='lat' dir='ltr'><strong>Assurqens</strong></span> <span class='ocrx_word' id='word_1_208' title='bbox 1916 2859 2095 2944; x_wconf 87' lang='lat' dir='ltr'><strong>inde,</strong></span> <span class='ocrx_word' id='word_1_209' title='bbox 2120 2862 2496 2954; x_wconf 86' lang='lat' dir='ltr'><strong>principem</strong></span> 
     </span>
     <span class='ocr_line' id='line_1_25' title="bbox 198 2964 2491 3058; baseline 0.004 -31"><span class='ocrx_word' id='word_1_210' title='bbox 198 2964 434 3054; x_wconf 87' lang='lat' dir='ltr'><strong>«petit</strong></span> <span class='ocrx_word' id='word_1_211' title='bbox 480 2984 711 3046; x_wconf 65' lang='lat' dir='ltr'><strong>araim·</strong></span> <span class='ocrx_word' id='word_1_212' title='bbox 747 2977 811 3032; x_wconf 90' lang='lat' dir='ltr'><strong>et</strong></span> <span class='ocrx_word' id='word_1_213' title='bbox 858 2965 1041 3033; x_wconf 89' lang='lat' dir='ltr'><strong>brevi</strong></span> <span class='ocrx_word' id='word_1_214' title='bbox 1080 2966 1386 3032; x_wconf 86' lang='lat' dir='ltr'><strong>orati-one</strong></span> <span class='ocrx_word' id='word_1_215' title='bbox 1430 2987 1632 3055; x_wconf 90' lang='lat' dir='ltr'><strong>super</strong></span> <span class='ocrx_word' id='word_1_216' title='bbox 1666 2966 1908 3054; x_wconf 77' lang='lat' dir='ltr'><strong>infimo</strong></span> <span class='ocrx_word' id='word_1_217' title='bbox 1935 2965 2155 3056; x_wconf 69' lang='lat' dir='ltr'><strong>yradu</strong></span> <span class='ocrx_word' id='word_1_218' title='bbox 2190 2978 2491 3058; x_wconf 64' lang='lat' dir='ltr'><strong>peracta,</strong></span> 
     </span>
     <span class='ocr_line' id='line_1_26' title="bbox 194 3067 2500 3167; baseline 0.003 -33"><span class='ocrx_word' id='word_1_219' title='bbox 194 3096 234 3135; x_wconf 88' lang='lat'>«</span> <span class='ocrx_word' id='word_1_220' title='bbox 258 3067 510 3147; x_wconf 83' lang='lat' dir='ltr'><strong>sedebit</strong></span> <span class='ocrx_word' id='word_1_221' title='bbox 550 3069 621 3145; x_wconf 81' lang='lat' dir='ltr'><strong>in</strong></span> <span class='ocrx_word' id='word_1_222' title='bbox 656 3070 982 3167; x_wconf 84' lang='lat' dir='ltr'><strong>camerali</strong></span> <span class='ocrx_word' id='word_1_223' title='bbox 1020 3069 1167 3138; x_wconf 88' lang='lat' dir='ltr'><strong>sede</strong></span> <span class='ocrx_word' id='word_1_224' title='bbox 1194 3082 1354 3138; x_wconf 92' lang='lat' dir='ltr'><strong>ante</strong></span> <span class='ocrx_word' id='word_1_225' title='bbox 1396 3072 1576 3139; x_wconf 86' lang='lat' dir='ltr'><strong>latus</strong></span> <span class='ocrx_word' id='word_1_226' title='bbox 1622 3072 1980 3163; x_wconf 78' lang='lat' dir='ltr'><strong>Epistoloe,</strong></span> <span class='ocrx_word' id='word_1_227' title='bbox 2018 3096 2216 3163; x_wconf 88' lang='lat' dir='ltr'><strong>super</strong></span> <span class='ocrx_word' id='word_1_228' title='bbox 2256 3075 2500 3142; x_wconf 87' lang='lat' dir='ltr'><strong>altaris</strong></span> 
     </span>
     <span class='ocr_line' id='line_1_27' title="bbox 195 3176 2501 3270; baseline 0.003 -27"><span class='ocrx_word' id='word_1_229' title='bbox 195 3205 232 3245; x_wconf 90' lang='lat'>«</span> <span class='ocrx_word' id='word_1_230' title='bbox 264 3176 767 3267; x_wconf 81' lang='lat' dir='ltr'><strong>suppedaneum</strong></span> <span class='ocrx_word' id='word_1_231' title='bbox 801 3189 1233 3268; x_wconf 64' lang='lat' dir='ltr'><strong>praeparata,</strong></span> <span class='ocrx_word' id='word_1_232' title='bbox 1282 3178 1665 3269; x_wconf 57' lang='lat' dir='ltr'><strong>&amp;ceterisque</strong></span> <span class='ocrx_word' id='word_1_233' title='bbox 1714 3180 1787 3247; x_wconf 87' lang='lat' dir='ltr'><strong>in</strong></span> <span class='ocrx_word' id='word_1_234' title='bbox 1821 3224 1824 3229; x_wconf 93' lang='lat'><em>-</em></span> <span class='ocrx_word' id='word_1_235' title='bbox 1831 3180 2127 3270; x_wconf 84' lang='lat' dir='ltr'><strong>propriis</strong></span> <span class='ocrx_word' id='word_1_236' title='bbox 2167 3181 2501 3250; x_wconf 84' lang='lat' dir='ltr'><strong>subselliis</strong></span> 
     </span>
     <span class='ocr_line' id='line_1_28' title="bbox 194 3282 2501 3376; baseline 0.002 -25"><span class='ocrx_word' id='word_1_237' title='bbox 194 3312 232 3351; x_wconf 91' lang='lat'>«</span> <span class='ocrx_word' id='word_1_238' title='bbox 263 3282 787 3372; x_wconf 83' lang='lat' dir='ltr'><strong>consedentibus,</strong></span> <span class='ocrx_word' id='word_1_239' title='bbox 829 3297 894 3353; x_wconf 87' lang='lat' dir='ltr'><strong>et</strong></span> <span class='ocrx_word' id='word_1_240' title='bbox 929 3298 1134 3376; x_wconf 90' lang='lat' dir='ltr'><strong>caput</strong></span> <span class='ocrx_word' id='word_1_241' title='bbox 1184 3285 1394 3353; x_wconf 86' lang='lat' dir='ltr'><strong>bireto</strong></span> <span class='ocrx_word' id='word_1_242' title='bbox 1447 3287 1850 3376; x_wconf 88' lang='lat' dir='ltr'><strong>cooperiens,</strong></span> <span class='ocrx_word' id='word_1_243' title='bbox 1904 3286 2125 3353; x_wconf 84' lang='lat' dir='ltr'><strong>tradet</strong></span> <span class='ocrx_word' id='word_1_244' title='bbox 2183 3287 2266 3376; x_wconf 87' lang='lat' dir='ltr'><strong>(si</strong></span> <span class='ocrx_word' id='word_1_245' title='bbox 2296 3289 2501 3356; x_wconf 86' lang='lat' dir='ltr'><strong>moris</strong></span> 
     </span>
     <span class='ocr_line' id='line_1_29' title="bbox 199 3389 2502 3479; baseline 0.002 -22"><span class='ocrx_word' id='word_1_246' title='bbox 199 3418 236 3457; x_wconf 95' lang='lat'>«</span> <span class='ocrx_word' id='word_1_247' title='bbox 265 3389 391 3479; x_wconf 86' lang='lat' dir='ltr'><strong>est)</strong></span> <span class='ocrx_word' id='word_1_248' title='bbox 443 3390 838 3457; x_wconf 88' lang='lat' dir='ltr'><strong>cancellario</strong></span> <span class='ocrx_word' id='word_1_249' title='bbox 902 3390 1309 3457; x_wconf 85' lang='lat' dir='ltr'><strong>visitationis</strong></span> <span class='ocrx_word' id='word_1_250' title='bbox 1372 3389 1661 3458; x_wconf 86' lang='lat' dir='ltr'><strong>edictum</strong></span> <span class='ocrx_word' id='word_1_251' title='bbox 1716 3389 2072 3479; x_wconf 72' lang='lat' dir='ltr'><strong>leyendum</strong></span> <span class='ocrx_word' id='word_1_252' title='bbox 2091 3444 2109 3475; x_wconf 91' lang='lat'><strong>,</strong></span> <span class='ocrx_word' id='word_1_253' title='bbox 2154 3404 2220 3459; x_wconf 89' lang='lat' dir='ltr'><strong>et</strong></span> <span class='ocrx_word' id='word_1_254' title='bbox 2268 3392 2502 3461; x_wconf 80' lang='lat' dir='ltr'><strong>deinde</strong></span> 
     </span>
     <span class='ocr_line' id='line_1_30' title="bbox 196 3495 2506 3590; baseline 0 -27"><span class='ocrx_word' id='word_1_255' title='bbox 196 3507 602 3589; x_wconf 83' lang='lat' dir='ltr'><strong>«proponet</strong></span> <span class='ocrx_word' id='word_1_256' title='bbox 653 3510 890 3569; x_wconf 85' lang='lat' dir='ltr'><strong>causas</strong></span> <span class='ocrx_word' id='word_1_257' title='bbox 940 3495 1266 3565; x_wconf 87' lang='lat' dir='ltr'><strong>adventus</strong></span> <span class='ocrx_word' id='word_1_258' title='bbox 1305 3498 1449 3583; x_wconf 85' lang='lat' dir='ltr'><strong>sui,</strong></span> <span class='ocrx_word' id='word_1_259' title='bbox 1499 3508 1577 3565; x_wconf 90' lang='lat' dir='ltr'><strong>ut</strong></span> <span class='ocrx_word' id='word_1_260' title='bbox 1634 3498 1926 3566; x_wconf 89' lang='lat' dir='ltr'><strong>habetur</strong></span> <span class='ocrx_word' id='word_1_261' title='bbox 1983 3498 2054 3566; x_wconf 90' lang='lat' dir='ltr'><strong>in</strong></span> <span class='ocrx_word' id='word_1_262' title='bbox 2111 3499 2506 3590; x_wconf 81' lang='lat' dir='ltr'><strong>Pontificali</strong></span> 
     </span>
     <span class='ocr_line' id='line_1_31' title="bbox 197 3600 2499 3693; baseline 0 -24"><span class='ocrx_word' id='word_1_263' title='bbox 197 3632 233 3669; x_wconf 92' lang='lat'>«</span> <span class='ocrx_word' id='word_1_264' title='bbox 265 3607 577 3671; x_wconf 86' lang='lat' dir='ltr'><strong>Romano</strong></span> <span class='ocrx_word' id='word_1_265' title='bbox 620 3601 827 3693; x_wconf 89' lang='lat' dir='ltr'><strong>(Ordo</strong></span> <span class='ocrx_word' id='word_1_266' title='bbox 875 3600 969 3669; x_wconf 86' lang='lat' dir='ltr'><strong>ad</strong></span> <span class='ocrx_word' id='word_1_267' title='bbox 984 3602 1377 3670; x_wconf 76' lang='lat' dir='ltr'><strong>visitandas</strong></span> <span class='ocrx_word' id='word_1_268' title='bbox 1416 3605 1829 3693; x_wconf 77' lang='lat' dir='ltr'><strong>parochias).</strong></span> <span class='ocrx_word' id='word_1_269' title='bbox 1874 3605 1995 3670; x_wconf 90' lang='lat' dir='ltr'><strong>His</strong></span> <span class='ocrx_word' id='word_1_270' title='bbox 2031 3604 2385 3686; x_wconf 60' lang='lat' dir='ltr'><strong>absolum,</strong></span> <span class='ocrx_word' id='word_1_271' title='bbox 2416 3603 2499 3670; x_wconf 92' lang='lat' dir='ltr'><strong>ab</strong></span> 
     </span>
     <span class='ocr_line' id='line_1_32' title="bbox 200 3707 2492 3798; baseline 0.001 -23"><span class='ocrx_word' id='word_1_272' title='bbox 200 3736 238 3775; x_wconf 87' lang='lat'>«</span> <span class='ocrx_word' id='word_1_273' title='bbox 266 3709 489 3777; x_wconf 86' lang='lat' dir='ltr'><strong>altari</strong></span> <span class='ocrx_word' id='word_1_274' title='bbox 536 3707 911 3792; x_wconf 88' lang='lat' dir='ltr'><strong>descendet,</strong></span> <span class='ocrx_word' id='word_1_275' title='bbox 959 3720 1024 3775; x_wconf 88' lang='lat' dir='ltr'><strong>et</strong></span> <span class='ocrx_word' id='word_1_276' title='bbox 1072 3709 1143 3775; x_wconf 90' lang='lat' dir='ltr'><strong>in</strong></span> <span class='ocrx_word' id='word_1_277' title='bbox 1180 3709 1396 3798; x_wconf 88' lang='lat' dir='ltr'><strong>plano</strong></span> <span class='ocrx_word' id='word_1_278' title='bbox 1441 3719 1637 3775; x_wconf 75' lang='lat' dir='ltr'><strong>extra</strong></span> <span class='ocrx_word' id='word_1_279' title='bbox 1681 3707 1867 3795; x_wconf 81' lang='lat' dir='ltr'><strong>latus</strong></span> <span class='ocrx_word' id='word_1_280' title='bbox 1906 3707 2240 3796; x_wconf 62' lang='lat' dir='ltr'><strong>Epistola?</strong></span> <span class='ocrx_word' id='word_1_281' title='bbox 2280 3719 2492 3794; x_wconf 85' lang='lat' dir='ltr'><strong>stans,</strong></span> 
     </span>
     <span class='ocr_line' id='line_1_33' title="bbox 200 3813 2498 3913; baseline 0 -30"><span class='ocrx_word' id='word_1_282' title='bbox 200 3845 237 3883; x_wconf 93' lang='lat'>«</span> <span class='ocrx_word' id='word_1_283' title='bbox 261 3839 477 3913; x_wconf 87' lang='lat' dir='ltr'><strong>supra</strong></span> <span class='ocrx_word' id='word_1_284' title='bbox 514 3815 1094 3906; x_wconf 87' lang='lat' dir='ltr'><strong>superpelliceum,</strong></span> <span class='ocrx_word' id='word_1_285' title='bbox 1135 3814 1242 3881; x_wconf 89' lang='lat' dir='ltr'><strong>vel</strong></span> <span class='ocrx_word' id='word_1_286' title='bbox 1270 3813 1611 3881; x_wconf 79' lang='lat' dir='ltr'><strong>rochetum</strong></span> <span class='ocrx_word' id='word_1_287' title='bbox 1636 3814 1698 3880; x_wconf 92' lang='lat' dir='ltr'><strong>si</strong></span> <span class='ocrx_word' id='word_1_288' title='bbox 1727 3836 1813 3881; x_wconf 60' lang='lat' dir='ltr'><strong>‘eo</strong></span> <span class='ocrx_word' id='word_1_289' title='bbox 1855 3823 2116 3895; x_wconf 85' lang='lat' dir='ltr'><strong>utatur,</strong></span> <span class='ocrx_word' id='word_1_290' title='bbox 2146 3813 2498 3905; x_wconf 84' lang='lat' dir='ltr'><strong>amictum,</strong></span> 
     </span>
     <span class='ocr_line' id='line_1_34' title="bbox 202 3916 2504 4011; baseline 0.001 -23"><span class='ocrx_word' id='word_1_291' title='bbox 202 3952 237 3989; x_wconf 92' lang='lat'>«</span> <span class='ocrx_word' id='word_1_292' title='bbox 268 3923 526 3991; x_wconf 87' lang='lat' dir='ltr'><strong>stolam</strong></span> <span class='ocrx_word' id='word_1_293' title='bbox 544 3934 611 3989; x_wconf 78' lang='lat' dir='ltr'><strong>et</strong></span> <span class='ocrx_word' id='word_1_294' title='bbox 618 3919 940 4011; x_wconf 88' lang='lat' dir='ltr'><strong>pluviale</strong></span> <span class='ocrx_word' id='word_1_295' title='bbox 962 3920 1234 4008; x_wconf 76' lang='lat' dir='ltr'><strong>niqrum</strong></span> <span class='ocrx_word' id='word_1_296' title='bbox 1258 3916 1534 4001; x_wconf 85' lang='lat' dir='ltr'><strong>induat;</strong></span> <span class='ocrx_word' id='word_1_297' title='bbox 1554 3919 1740 4008; x_wconf 83' lang='lat' dir='ltr'><strong>eique</strong></span> <span class='ocrx_word' id='word_1_298' title='bbox 1762 3918 1891 3985; x_wconf 89' lang='lat' dir='ltr'><strong>duo</strong></span> <span class='ocrx_word' id='word_1_299' title='bbox 1912 3918 2276 3988; x_wconf 86' lang='lat' dir='ltr'><strong>sacerdotes</strong></span> <span class='ocrx_word' id='word_1_300' title='bbox 2300 3923 2504 3991; x_wconf 88' lang='lat' dir='ltr'><strong>assis-</strong></span> 
     </span>
     <span class='ocr_line' id='line_1_35' title="bbox 203 4023 2503 4116; baseline -0 -19"><span class='ocrx_word' id='word_1_301' title='bbox 203 4059 239 4097; x_wconf 91' lang='lat'>«</span> <span class='ocrx_word' id='word_1_302' title='bbox 270 4042 439 4098; x_wconf 85' lang='lat' dir='ltr'><strong>tent.</strong></span> <span class='ocrx_word' id='word_1_303' title='bbox 467 4028 750 4096; x_wconf 88' lang='lat' dir='ltr'><strong>Interim</strong></span> <span class='ocrx_word' id='word_1_304' title='bbox 781 4025 960 4094; x_wconf 89' lang='lat' dir='ltr'><strong>sedes</strong></span> <span class='ocrx_word' id='word_1_305' title='bbox 985 4025 1070 4093; x_wconf 89' lang='lat' dir='ltr'><strong>ab</strong></span> <span class='ocrx_word' id='word_1_306' title='bbox 1105 4023 1326 4092; x_wconf 86' lang='lat' dir='ltr'><strong>altari</strong></span> <span class='ocrx_word' id='word_1_307' title='bbox 1362 4023 1807 4113; x_wconf 85' lang='lat' dir='ltr'><strong>amovebitur,</strong></span> <span class='ocrx_word' id='word_1_308' title='bbox 1835 4023 2026 4114; x_wconf 83' lang='lat' dir='ltr'><strong>cujus</strong></span> <span class='ocrx_word' id='word_1_309' title='bbox 2057 4024 2251 4115; x_wconf 85' lang='lat' dir='ltr'><strong>frons</strong></span> <span class='ocrx_word' id='word_1_310' title='bbox 2277 4028 2503 4116; x_wconf 91' lang='lat' dir='ltr'><strong>pallio</strong></span> 
     </span>
     <span class='ocr_line' id='line_1_36' title="bbox 204 4130 2505 4226; baseline -0 -22"><span class='ocrx_word' id='word_1_311' title='bbox 204 4163 241 4204; x_wconf 92' lang='lat'>«</span> <span class='ocrx_word' id='word_1_312' title='bbox 276 4134 517 4209; x_wconf 87' lang='lat' dir='ltr'><strong>itidem</strong></span> <span class='ocrx_word' id='word_1_313' title='bbox 571 4135 765 4222; x_wconf 75' lang='lat' dir='ltr'><strong>niqro</strong></span> <span class='ocrx_word' id='word_1_314' title='bbox 808 4133 1175 4224; x_wconf 75' lang='lat' dir='ltr'><strong>obteqetur.</strong></span> <span class='ocrx_word' id='word_1_315' title='bbox 1231 4131 1477 4200; x_wconf 88' lang='lat' dir='ltr'><strong>Visitor</strong></span> <span class='ocrx_word' id='word_1_316' title='bbox 1526 4143 1752 4199; x_wconf 89' lang='lat' dir='ltr'><strong>autem</strong></span> <span class='ocrx_word' id='word_1_317' title='bbox 1800 4130 2042 4199; x_wconf 85' lang='lat' dir='ltr'><strong>adhuc·</strong></span> <span class='ocrx_word' id='word_1_318' title='bbox 2066 4143 2253 4201; x_wconf 87' lang='lat' dir='ltr'><strong>stans</strong></span> <span class='ocrx_word' id='word_1_319' title='bbox 2289 4135 2505 4226; x_wconf 75' lang='lat' dir='ltr'><strong>juxta</strong></span> 
     </span>
     <span class='ocr_line' id='line_1_37' title="bbox 206 4237 2504 4331; baseline -0 -22"><span class='ocrx_word' id='word_1_320' title='bbox 206 4270 243 4311; x_wconf 90' lang='lat'>«</span> <span class='ocrx_word' id='word_1_321' title='bbox 275 4243 502 4311; x_wconf 90' lang='lat' dir='ltr'><strong>altare</strong></span> <span class='ocrx_word' id='word_1_322' title='bbox 535 4242 608 4309; x_wconf 87' lang='lat' dir='ltr'><strong>in</strong></span> <span class='ocrx_word' id='word_1_323' title='bbox 647 4263 853 4308; x_wconf 85' lang='lat' dir='ltr'><strong>cornu</strong></span> <span class='ocrx_word' id='word_1_324' title='bbox 896 4239 1230 4330; x_wconf 79' lang='lat' dir='ltr'><strong>Epistola&gt;</strong></span> <span class='ocrx_word' id='word_1_325' title='bbox 1273 4261 1499 4307; x_wconf 88' lang='lat' dir='ltr'><strong>versus</strong></span> <span class='ocrx_word' id='word_1_326' title='bbox 1545 4237 1640 4306; x_wconf 89' lang='lat' dir='ltr'><strong>ad</strong></span> <span class='ocrx_word' id='word_1_327' title='bbox 1663 4239 2002 4329; x_wconf 88' lang='lat' dir='ltr'><strong>populum</strong></span> <span class='ocrx_word' id='word_1_328' title='bbox 2045 4239 2283 4331; x_wconf 82' lang='lat' dir='ltr'><strong>incipit</strong></span> <span class='ocrx_word' id='word_1_329' title='bbox 2328 4242 2504 4309; x_wconf 90' lang='lat' dir='ltr'><strong>anti·</strong></span> 
     </span>
     <span class='ocr_line' id='line_1_38' title="bbox 206 4345 2511 4440; baseline -0.002 -23"><span class='ocrx_word' id='word_1_330' title='bbox 206 4378 245 4417; x_wconf 85' lang='lat'>«</span> <span class='ocrx_word' id='word_1_331' title='bbox 263 4349 578 4440; x_wconf 86' lang='lat' dir='ltr'><strong>phonam</strong></span> <span class='ocrx_word' id='word_1_332' title='bbox 608 4346 675 4418; x_wconf 84' lang='lat' dir='ltr'><strong>Si</strong></span> <span class='ocrx_word' id='word_1_333' title='bbox 706 4348 1104 4436; x_wconf 77' lang='lat' dir='ltr'><strong>iniquitates.</strong></span> <span class='ocrx_word' id='word_1_334' title='bbox 1142 4348 1403 4414; x_wconf 85' lang='lat' dir='ltr'><strong>Coetera</strong></span> <span class='ocrx_word' id='word_1_335' title='bbox 1442 4356 1866 4437; x_wconf 74' lang='lat' dir='ltr'><strong>peraqantur</strong></span> <span class='ocrx_word' id='word_1_336' title='bbox 1893 4358 1970 4413; x_wconf 91' lang='lat' dir='ltr'><strong>ut</strong></span> <span class='ocrx_word' id='word_1_337' title='bbox 1997 4345 2069 4414; x_wconf 89' lang='lat' dir='ltr'><strong>in</strong></span> <span class='ocrx_word' id='word_1_338' title='bbox 2114 4346 2511 4436; x_wconf 77' lang='lat' dir='ltr'><strong>Pontificali</strong></span> 
     </span>
     <span class='ocr_line' id='line_1_39' title="bbox 208 4450 2505 4537; baseline -0.001 -15"><span class='ocrx_word' id='word_1_339' title='bbox 208 4484 248 4523; x_wconf 91' lang='lat'>«</span> <span class='ocrx_word' id='word_1_340' title='bbox 278 4458 612 4537; x_wconf 84' lang='lat' dir='ltr'><strong>Romano,</strong></span> <span class='ocrx_word' id='word_1_341' title='bbox 641 4453 783 4529; x_wconf 81' lang='lat' dir='ltr'><strong>loco</strong></span> <span class='ocrx_word' id='word_1_342' title='bbox 819 4452 1050 4520; x_wconf 89' lang='lat' dir='ltr'><strong>citato.</strong></span> <span class='ocrx_word' id='word_1_343' title='bbox 1089 4451 1304 4534; x_wconf 86' lang='lat' dir='ltr'><strong>Quam</strong></span> <span class='ocrx_word' id='word_1_344' title='bbox 1345 4452 1729 4521; x_wconf 73' lang='lat' dir='ltr'><strong>methodum</strong></span> <span class='ocrx_word' id='word_1_345' title='bbox 1767 4451 2085 4521; x_wconf 71' lang='lat' dir='ltr'><strong>Sanctitas</strong></span> <span class='ocrx_word' id='word_1_346' title='bbox 2121 4450 2250 4520; x_wconf 92' lang='lat' dir='ltr'><strong>Sua</strong></span> <span class='ocrx_word' id='word_1_347' title='bbox 2286 4453 2505 4529; x_wconf 72' lang='lat' dir='ltr'><strong>firmi,-</strong></span> 
     </span>
    </p>
   </div>
  </div>
 </body>
</html>
