2930 4982
351 343 388 396 4
402 343 423 397 1
441 342 476 396 2
1312 348 1657 396 TRAcTAws

348 469 426 538 Et
460 471 732 560 ipsamet
760 469 942 551 Rota,
985 478 1299 560 tanquam
1346 469 1648 559 regulam
1673 468 1883 538 Sacrae
1911 468 2444 558 Congregationis
2480 492 2628 539 con-

348 576 485 644 cilii
531 576 888 645 decisiones
943 576 1231 666 recipere
1282 576 1465 660 solet,
1512 581 1588 643 ut
1621 582 1685 643 et
1720 575 1859 665 ipsa
1889 574 2132 666 passim
2170 575 2530 664 profitetur.
2565 576 2631 646 Si

345 700 498 768 ergo
527 681 931 771 reperiamus
972 679 1402 769 quaestionem
1433 703 1472 749 a
1498 680 1693 750 Sacra
1720 680 2237 770 Congregatione
2275 680 2540 748 concilii
2569 681 2634 751 in

345 786 631 855 favorem
667 788 1109 878 capitulorum
1139 788 1450 875 decisam,
1501 787 1662 855 huic
1706 786 2019 855 decisioni
2068 786 2283 876 potius
2330 786 2634 854 standum

343 892 483 959 erit.
521 893 720 962 Porro
748 895 938 962 clarae
967 894 1240 963 omnino
1269 893 1577 961 videntur
1596 892 1776 960 illius
1804 890 2343 981 Congregationis
2363 890 2437 957 in
2462 891 2634 961 hunc

343 1020 611 1067 sensum
637 1000 872 1090 aliquae
890 999 1275 1083 decisioneS,
1302 1021 1467 1090 quas
1486 1001 1578 1068 sic
1609 1000 1799 1068 refert
1822 998 2351 1067 Scarfantonius:

445 1130 480 1169 «
515 1104 769 1174 Habent
793 1112 1014 1174 autem
1046 1106 1332 1196 capitula
1381 1105 1882 1192 cathedralium,
1931 1103 2065 1171 sive
2121 1103 2631 1192 collegiatarum,

356 1212 519 1300 «jus
563 1233 697 1279 sese
748 1214 1185 1302 congregandi
1262 1213 1507 1302 absque
1563 1213 1843 1301 alicujus
1905 1211 2197 1297 licentia,
2256 1232 2333 1278 ac
2383 1212 2635 1299 negotia

353 1341 389 1379 «
419 1315 802 1405 capitularia
835 1317 1243 1407 expediendi.
1285 1316 1640 1406 (Barbosa,
1689 1317 1769 1385 ad
1824 1337 1964 1406 cap.
2000 1314 2067 1398 6,
2125 1337 2278 1383 sess.
2306 1315 2420 1400 25,
2452 1336 2628 1384 conc.

356 1419 601 1488 «Trid.
662 1457 754 1472 -
802 1420 988 1506 Rota,
1018 1421 1220 1491 decis.
1257 1422 1410 1506 112,
1460 1444 1533 1490 n.
1568 1422 1637 1507 8,
1677 1418 1989 1532 recent..)
2027 1418 2107 1486 Et
2133 1420 2396 1487 resolvit
2444 1419 2631 1488 Sacra

355 1552 387 1591 «
416 1526 843 1617 Congragetio
873 1528 1128 1597 concilii
1161 1527 1253 1617 (in
1294 1499 1737 1612 Brundusina,
1774 1526 1903 1593 17
1877 1547 2020 1616 Jan.
2080 1523 2304 1615 1684),
2350 1525 2633 1593 scribens

354 1657 388 1696 «
415 1632 925 1723 Archiepiscopo
982 1636 1169 1703 dictae
1211 1634 1537 1702 ecclesiae:
1570 1637 1671 1700 La
1716 1636 1933 1701 Sacra
1988 1631 2519 1722 Conqreqazione
2541 1632 2628 1698 lza

227 1798 242 1809 ,
351 1762 384 1800 «
415 1737 722 1819 risoluto,
768 1739 884 1806 che
936 1740 998 1807 il
1044 1738 1340 1829 capitolo
1396 1739 1503 1806 sia
1550 1738 1760 1806 libero
1807 1736 1882 1805 di
1910 1738 2344 1827 conqreqarsz‘
2375 1736 2622 1827 quando

353 1869 388 1906 «
413 1843 717 1925 vuole,...
764 1842 932 1910 ende
979 1867 1116 1912 non
1158 1844 1219 1911 si
1247 1856 1463 1934 puote
1493 1844 1832 1934 obbliqare
1864 1867 1906 1911 α
1936 1843 2321 1912 domandar
2352 1845 2624 1913 lieenza.
2696 1920 2699 1923 ,

352 1975 387 2012 «
419 1948 731 2039 Idemque
759 1949 884 2017 fuit
903 1950 1248 2018 definitum
1283 1949 1326 2017 9
1383 1949 1544 2016 maii
1602 1949 1820 2018 1637:
1863 1949 2315 2040 Conqreqatio
2366 1951 2629 2018 concilii

352 2080 387 2117 «
417 2056 677 2123 censuit
682 2077 878 2145 posse
901 2056 1626 2124 canonicosconvoeare
1637 2055 2020 2144 capitulum
2046 2055 2287 2145 absque
2299 2055 2627 2146 Episcopo

355 2161 563 2228 «sine
593 2162 780 2229 illius
811 2162 1116 2246 licencia,
1141 2162 1282 2230 nisi
1310 2172 1559 2252 aqatur
1586 2160 1666 2228 de
1685 2162 1877 2229 rebus
1904 2183 2150 2228 mensae
2179 2161 2622 2252 Episcopalis.

355 2293 389 2331 «
418 2266 500 2333 Et
527 2267 691 2335 ratio
720 2273 816 2337 est
837 2269 995 2357 quia
1016 2268 1277 2336 licentia
1301 2267 1605 2358 Episcopi
1636 2268 1990 2357 requiritur
2024 2269 2093 2334 in
2125 2287 2278 2334 casu
2305 2266 2627 2332 dumtaxat

355 2398 388 2437 «
416 2396 547 2460 quo
574 2375 777 2441 velint
807 2395 873 2442 se
894 2395 1287 2462 congregare
1331 2389 1621 2462 personae
1645 2372 2087 2441 ecclesiasticae
2111 2393 2258 2460 quae
2290 2371 2628 2460 collegium

355 2502 389 2540 «
415 2497 546 2543 non
577 2478 1006 2562 constituunt.
1038 2505 1073 2543 >³
1115 2478 1656 2569 (ScarfantoniuS,
1689 2484 1734 2546 t.
1760 2477 1839 2560 ll,
1873 2500 2022 2569 pag.
2055 2476 2204 2557 108,
2235 2498 2304 2544 n.
2346 2477 2451 2563 14,
2475 2475 2620 2545 edit.

347 2581 565 2663 Lucae,
611 2583 837 2672 1723.)

429 2685 602 2775 Ergo
624 2689 737 2777 jus
760 2710 1115 2757 commune
1145 2696 1206 2757 et
1231 2692 1458 2779 regula
1489 2692 1808 2780 generalis
1848 2696 1943 2759 est
1963 2711 2147 2781 posse
2191 2688 2457 2778 capitula
2486 2709 2612 2756 sese

342 2793 631 2862 adunare
665 2794 906 2884 absque
939 2796 1201 2865 licentia
1226 2797 1555 2888 Episcopi.
1607 2797 1765 2865 Haec
1791 2804 2010 2864 tamen
2035 2798 2259 2885 regula
2282 2818 2353 2862 ex
2379 2795 2620 2886 duplici

341 2899 532 2969 titulo
559 2902 1004 2993 exceptionem
1050 2904 1183 2994 pati
1229 2909 1480 2994 potest3
1517 2926 1752 2994 nempe
1803 2924 1878 2969 ex
1931 2902 2250 2970 contraria
2296 2907 2622 2970 consuetu-

341 3002 492 3070 dine
549 3013 610 3073 et
664 3029 739 3075 ex
782 3005 964 3097 gravi
994 3030 1210 3092 causa,
1263 3014 1336 3077 ut
1379 3009 1524 3077 loco
1563 3007 1753 3077 citato
1809 3008 1899 3075 sic
1952 3007 2294 3097 subjungit
2327 3006 2612 3075 Scarfan-

344 3109 599 3179 tonius:

437 3242 475 3282 «
498 3216 689 3297 Quod
729 3224 945 3287 tamen
988 3220 1492 3310 intelligendum
1541 3226 1634 3288 est
1676 3226 1998 3309 quatenus
2027 3242 2159 3289 non
2194 3221 2439 3296 adesset
2470 3240 2612 3288 con-

351 3346 387 3383 «
415 3322 608 3390 traria
630 3324 1028 3394 consuetudo
1059 3332 1131 3394 ut
1160 3327 1521 3416 capitulum
1560 3326 1916 3414 requireret
1943 3326 2238 3416 Episcopi
2263 3326 2608 3406 licentiam,

350 3451 383 3489 «
418 3432 493 3492 ut
546 3448 756 3516 nuper
806 3430 1061 3498 censuit
1108 3431 1298 3502 Sacra
1344 3432 1772 3520 Congregatio
1823 3432 1918 3522 (in
1946 3431 2341 3519 Milevitana‚
2389 3433 2433 3499 2
2473 3430 2612 3520 julii

350 3558 384 3596 «
417 3530 640 3621 1707),
697 3532 768 3599 in
809 3556 939 3623 qua
962 3536 1296 3626 respondit
1333 3537 1640 3605 sustineri
1682 3538 2060 3626 synodalem
2102 3538 2612 3606 constitutionem

348 3664 383 3705 «
419 3660 530 3728 per
556 3660 756 3728 quam
808 3641 1205 3710 statuebatur
1239 3644 1416 3732 quod
1444 3643 1731 3732 capitula
1759 3649 2315 3732 congregarentur
2354 3644 2431 3712 de
2469 3641 2611 3731 Epi-

350 3771 383 3809 «
419 3748 599 3837 scopi
622 3747 907 3834 licentia,
918 3746 1131 3837 juxta
1158 3771 1434 3817 morem.

438 3851 776 3931 «Quando
811 3859 1029 3920 autem
1076 3855 1437 3945 capitulum
1490 3860 1583 3922 est
1629 3854 1895 3923 solitum
1943 3854 2326 3943 congregari
2390 3854 2612 3942 absque

350 3982 385 4022 «
412 3956 582 4025 dicta
629 3959 915 4048 licentia,
970 3981 1103 4029 non
1167 3965 1370 4049 potest
1414 3959 1775 4050 Episcopus
1840 3961 2221 4049 hujusmodi
2290 3964 2614 4027 consuetu·

349 4085 382 4124 «
415 4059 638 4128 dinem
675 4063 1049 4147 immutare,
1083 4086 1160 4132 ex
1206 4064 1477 4133 decretis
1504 4064 1722 4132 relatis
1751 4087 1788 4133 a
1811 4064 2096 4134 Barbosa
2118 4066 2240 4155 (De
2265 4063 2609 4147 canonicis,

348 4165 629 4248 «c.,35,
686 4189 755 4235 n.
818 4167 914 4259 4),
953 4170 1309 4259 Pignatello
1348 4169 1649 4262 (consult.
1699 4170 1852 4255 154,
1909 4193 1978 4239 n.
2020 4173 2084 4251 1,
2137 4177 2182 4237 t.
2247 4169 2392 4260 lv),
2440 4170 2610 4238 Petra

346 4297 381 4337 «
416 4271 519 4365 (ad
544 4271 1079 4342 Constitutionem
1114 4276 1140 4343 I
1165 4276 1401 4345 Leonis
1431 4276 1678 4365 Magni,
1707 4281 1856 4345 sect.
1892 4276 1959 4361 2,
1991 4298 2061 4344 n.
2091 4274 2206 4363 48,
2236 4282 2285 4343 t.
2322 4274 2398 4364 l).

439 4406 472 4446 «
501 4379 698 4449 Sicuti
746 4378 1007 4468 quando
1061 4382 1455 4450 consuetudo
1513 4383 1747 4451 assistit
1799 4381 2143 4473 Episcopo,
2221 4402 2357 4449 non
2431 4379 2612 4470 potest
