2930 4982
1094 342 1175 385 ΒΕ
1220 341 1545 387 cunnus.
2307 338 2341 390 5
2386 337 2464 391 27

197 486 230 527 «
257 482 456 550 quam
481 458 752 549 capituli
778 457 1052 525 vicarius
1079 456 1371 546 deputari
1396 458 1591 546 possit
1618 457 1694 546 (si
1711 458 1944 526 habeat
1966 458 2089 526 alia
2108 461 2471 555 requisita),

119 640 123 645 ,
194 591 229 631 (ι
260 564 606 633 declaravit
642 566 714 632 in
761 563 1067 632 Auriensi
1123 563 1205 631 19
1248 563 1469 630 martii
1523 562 1694 630 1610
1746 571 1808 632 et
1854 566 1938 633 19
1975 568 2129 656 julii
2177 569 2472 657 ejusdem

196 695 231 734 «
261 691 442 737 anni.
479 694 512 733 »

275 774 458 842 Ratio
484 781 699 843 autem
733 774 1118 847 diversitatis
1153 775 1322 842 inter
1349 775 1712 864 parochum
1748 775 2075 842 urbanum
2098 782 2159 844 et
2183 784 2471 846 exterum

186 880 256 947 in
286 885 588 970 promptu
617 885 733 948 est.
771 905 807 945 «
835 878 1002 959 Quia
1030 902 1184 948 cum
1214 878 1521 970 parochia
1553 877 1807 947 dicatur
1826 879 2121 947 officium
2147 889 2466 968 curatum,

195 1011 228 1048 «
257 984 426 1074 quod
454 986 870 1053 residentiam
900 985 1176 1074 requirit
1203 1007 1392 1053 causa
1431 984 1939 1052 administrandi
1962 993 2388 1069 sacramenta,
2416 992 2476 1056 et

192 1117 228 1156 «
260 1092 404 1181 talis
427 1092 586 1158 ratio
627 1095 826 1159 cesset
852 1089 924 1157 in
955 1112 1106 1158 casu
1146 1111 1276 1179 quo
1306 1090 1628 1180 parochus
1656 1089 1852 1158 habet
1881 1111 2109 1156 curam
2147 1091 2217 1156 in
2254 1090 2477 1159 eadem

193 1222 228 1261 «
260 1196 605 1264 cathedrali
636 1201 697 1263 et
727 1195 1006 1274 civitate,
1041 1196 1106 1262 in
1144 1218 1275 1284 qua
1307 1199 1514 1286 potest
1542 1216 1956 1283 quacumque
1984 1196 2147 1262 hora
2173 1194 2474 1280 residere,

195 1329 230 1369 «
261 1302 485 1392 utique
513 1303 608 1368 nil
629 1304 871 1370 mirum
896 1304 1069 1392 quod
1091 1302 1226 1392 ipse
1242 1303 1442 1392 possit
1459 1323 1752 1370 exercere
1776 1302 2076 1369 officium
2100 1302 2470 1387 vicariatuS,

193 1435 228 1475 «
262 1430 397 1476 non
441 1414 655 1475 autern
698 1410 1019 1500 parochus
1066 1414 1317 1475 exterus
1360 1408 1462 1474 vel
1509 1408 1933 1476 dioecesanuS.
1987 1433 2024 1473 »
2081 1407 2469 1498 (Pignatelli,

187 1518 330 1586 loco
360 1516 599 1608 citato.)

281 1622 614 1705 Secundo,
642 1648 676 1687 «
696 1623 773 1691 de
792 1626 1017 1689 caetero
1035 1627 1251 1689 tamen
1270 1621 1569 1710 generale
1589 1626 1682 1687 est
1700 1622 2061 1710 parochum
2078 1626 2139 1688 et
2155 1622 2473 1689 vicarium

194 1756 229 1795 ι(
263 1752 398 1798 esse
423 1729 638 1796 officia
664 1726 829 1794 male
853 1728 1330 1818 compatibilia;
1359 1751 1435 1795 ex
1454 1749 1528 1795 eo
1549 1727 1723 1816 quod
1745 1733 1817 1794 ut
1840 1728 1984 1815 quis
2005 1728 2169 1795 bene
2195 1734 2478 1796 exerceat

199 1861 232 1899 «
262 1836 536 1902 alterum
560 1854 636 1899 cx
655 1832 842 1899 dictis
867 1831 1122 1914 officiis,
1150 1832 1335 1899 alteri
1359 1833 1719 1900 necessario
1744 1832 1959 1899 deesse
1978 1832 2252 1922 cogitur.
2285 1833 2472 1903 Unde

196 1965 232 2006 «
264 1943 418 2009 licet
443 1940 588 2008 talis
617 1939 937 2029 parochus
964 1938 1256 2005 urbanus
1294 1937 1541 2005 habens
1581 1938 1648 2004 in
1691 1939 1834 2027 ipsa
1866 1939 2214 2005 cathedrali
2253 1961 2477 2008 curam

197 2073 232 2110 «
264 2049 658 2126 animarum,
691 2045 796 2111 vel
823 2067 898 2110 ex
924 2044 1045 2110 hoc
1077 2044 1218 2133 ipso
1245 2044 1523 2111 residere
1550 2049 1886 2111 censeatur
1912 2042 2256 2111 residentia
2281 2049 2479 2111 mate-

196 2181 233 2218 «
263 2154 408 2219 riali
442 2151 614 2240 quod
638 2149 879 2217 habitet
906 2151 977 2216 in
1007 2150 1194 2235 urbe,
1222 2156 1593 2217 nontamen
1624 2150 1995 2217 censebitur
2015 2151 2293 2218 residere
2317 2151 2479 2223 resi-

199 2284 237 2323 «
266 2259 480 2325 dentia
499 2257 785 2342 formali,
809 2278 955 2345 quae
976 2257 1269 2324 consistit
1289 2259 1358 2322 in
1380 2256 1683 2324 exercitio
1702 2257 1994 2327 muneris
2016 2258 2375 2346 pastoraliS,
2399 2257 2481 2323 ad

193 2391 230 2431 «
264 2365 525 2454 qualem
548 2368 848 2430 tenentur
877 2361 1226 2452 parochi...
1258 2361 1765 2450 (Tridentinum‚
1798 2384 1950 2429 sess.
1980 2361 2093 2445 23,
2129 2384 2186 2429 c.
2228 2361 2349 2430 1...
2381 2365 2482 2430 in-

197 2496 233 2536 «
266 2472 479 2539 culcat
506 2468 916 2538 residentiam
942 2489 1068 2556 qua
1084 2479 1328 2559 pascat
1354 2478 1418 2535 et
1453 2468 1695 2559 φοραί.)
1731 2467 1902 2548 Non,
1932 2468 2228 2557 inquam,
2263 2489 2481 2536 cense-

195 2604 232 2644 «
263 2578 446 2645 bitur
467 2576 743 2644 residere
773 2573 1117 2642 residentia
1149 2574 1433 2662 formali,
1462 2576 1517 2641 si
1553 2597 1626 2642 ea
1653 2597 1799 2664 quae
1831 2576 2123 2642 muneris
2147 2577 2478 2666 pastoralis

198 2710 232 2748 «
264 2689 441 2763 sunt,
483 2683 549 2750 vi
590 2681 880 2749 muneris
921 2681 1148 2748 vicarii
1187 2702 1477 2748 exercere
1518 2683 1935 2772 impediatur.
1983 2706 2018 2746 >³
2071 2681 2474 2771 (LeureniuS,

187 2788 406 2856 Tract.
436 2792 533 2856 De
559 2788 877 2878 capitula,
904 2786 1051 2854 sede
1072 2809 1248 2865 vae„
1277 2809 1335 2853 c.
1367 2788 1433 2867 4,
1465 2794 1690 2876 quaest.
1727 2786 1912 2877 558.)
1939 2813 2072 2852 —«
2091 2787 2264 2855 Hinc
2289 2810 2482 2877 gene-

192 2920 229 2959 «
261 2894 512 2976 raliter,
544 2914 677 2959 esse
715 2891 1072 2983 parochum
1110 2896 1171 2958 et
1198 2890 1546 2977 vicarium,
1577 2897 1728 2958 sunt
1758 2891 1966 2959 officia
2001 2893 2170 2960 male
2209 2915 2480 2984 compa-

190 3025 226 3064 «
262 2998 478 3067 tibilia
502 2999 571 3065 in
602 2997 823 3065 eadem
861 3018 1156 3086 persona,
1191 3018 1265 3062 ex
1289 2995 1486 3064 Sacra
1512 2996 2024 3086 Congregatione
2054 3021 2250 3089 super
2289 3000 2480 3090 Epis-

195 3132 230 3171 «
261 3106 446 3196 copis
474 3104 584 3193 (19
600 3104 774 3194 junii
803 3102 998 3191 1603)
1021 3129 1037 3188 ;
1063 3124 1137 3168 ex
1162 3123 1236 3168 eo
1256 3102 1429 3190 quod
1451 3110 1529 3168 ut
1545 3105 1693 3191 quis
1713 3104 1876 3170 bene
1901 3111 2186 3172 exerceat
2203 3105 2480 3174 alterum

195 3238 229 3278 «
259 3234 340 3278 ex
384 3209 570 3277 dictis
612 3208 870 3295 officiis,
924 3207 1105 3275 alteri
1154 3208 1511 3275 necessario
1560 3210 1774 3276 deesse
1816 3212 2090 3298 cogitur,
2137 3233 2210 3277 ex
2253 3213 2479 3279 eadem

194 3342 230 3380 «
260 3314 801 3404 Congregatiene,
832 3316 903 3381 in
929 3312 1217 3397 Sutrina,
1253 3315 1336 3383 16
1375 3315 1747 3383 novembris
1786 3315 1980 3384 1640.
2012 3342 2047 3381 >³
2080 3316 2473 3407 (pignatelli,

183 3422 333 3490 loco
359 3422 502 3503 cit„
534 3443 602 3488 n.
636 3420 728 3509 6.)

289 3528 533 3606 Tertio,
567 3525 1029 3594 advertendum
1060 3526 1350 3615 estquod
1378 3527 1612 3595 docent
1635 3529 1980 3596 canonistae
2009 3529 2086 3597 de
2118 3519 2260 3598 loco
2288 3531 2480 3599 habi-

186 3635 455 3703 tationis
473 3633 697 3701 vicarii
720 3630 1113 3720 capitularis.
1152 3632 1319 3700 «Iste
1338 3637 1593 3700 tenetur
1611 3634 1900 3702 habitare
1921 3636 1989 3702 in
2011 3636 2362 3725 episcopio,
2379 3641 2472 3718 ut,

195 3768 231 3807 «
256 3765 333 3809 ex
368 3745 584 3807 mente
609 3736 820 3807 Sacrae
853 3737 1384 3827 Congregationis
1413 3761 1608 3828 super
1645 3739 2002 3830 Episcopis,
2033 3741 2292 3809 resolvit
2320 3742 2480 3810 Ric-

192 3874 228 3913 «
258 3849 411 3916 cius
441 3844 652 3938 (resol.
705 3843 855 3928 116,
896 3865 965 3909 n.
1019 3843 1049 3909 1
1099 3848 1160 3909 et
1198 3842 1305 3935 2);
1355 3844 1472 3911 ubi
1511 3844 1781 3911 advertit
1818 3846 1988 3914 nihil
2017 3846 2264 3914 obstare
2305 3848 2480 3937 quod

194 3979 230 4020 «
256 3954 626 4045 Episcopus
671 3951 741 4018 in
783 3970 1195 4038 quacumque
1240 3955 1419 4040 parte
1471 3971 1605 4018 suae
1657 3951 1949 4020 dioecesis
2004 3952 2127 4020 sibi
2182 3953 2480 4024 benevisa

195 4087 232 4128 «
259 4053 469 4153 possit
496 4081 614 4149 pro
653 4055 964 4125 tribunali
1001 4055 1249 4136 sedere;
1290 4058 1445 4146 quia
1491 4058 1561 4124 in
1590 4059 1693 4125 his
1740 4064 1804 4126 et
1831 4059 2155 4126 similibus
2201 4062 2479 4132 vicarius

195 4192 232 4232 «
262 4188 403 4234 non
429 4165 860 4254 aequiparatur
881 4160 1223 4252 Episcopo,
1255 4164 1363 4230 cui
1403 4165 1613 4252 major
1646 4169 1708 4230 et
1739 4164 2002 4233 liberior
2029 4166 2299 4237 facultas
2323 4190 2476 4237 con-

196 4298 230 4338 «
262 4296 445 4342 cessa
469 4277 584 4339 est.
617 4296 649 4335 »
688 4269 1076 4360 ffignatelli,
1110 4269 1252 4336 loco
1282 4270 1424 4348 cit„
1453 4291 1523 4336 n.
1553 4268 1648 4358 8.)

279 4378 382 4449 Ex
419 4376 760 4469 praeallatis
787 4374 1270 4443 auctoritatibus
1304 4380 1367 4442 et
1409 4374 1769 4445 rationibus
1812 4377 1905 4447 sic
1931 4379 2185 4447 videtur
2218 4363 2475 4447 conclu·
