2930 4982
429 416 464 470 4
475 414 508 470 9
519 413 557 468 8
1363 416 1702 464 TRACTATUS

421 545 532 632 jus
560 558 909 607 commune
933 537 1499 605 consuetudinem.
1534 535 1700 605 Nam
1729 534 1801 601 in
1825 532 2084 600 dioecesi
2110 532 2515 601 Atrebatensi
2542 534 2726 602 verbi

426 646 656 735 gratia,
693 644 897 711 unica
940 648 1192 710 tantum
1229 642 1528 732 contigit,
1559 664 1595 709 a
1638 646 1926 729 tempore
1970 637 2367 726 concordati,
2408 640 2578 708 sedis
2614 664 2727 710 va-

423 750 612 831 catio,
649 772 722 818 ac
770 749 1041 839 proinde
1069 749 1444 839 capitularis
1471 748 1870 816 vicariorum
1901 745 2230 835 deputatio
2262 768 2279 812 z
2315 747 2384 813 in
2411 745 2726 817 Camera—

423 858 598 925 censi
627 854 778 921 ἄιτα»
802 856 920 922 :in
946 855 1217 944 reliquis
1262 856 1439 924 haud
1490 855 1696 922 multo
1748 853 1992 942 plures,
2050 851 2215 931 Quis
2243 857 2460 919 autem
2489 854 2727 924 dixerit

422 963 684 1051 singula
702 960 929 1029 Galliae
951 962 1229 1051 capitula
1249 967 1377 1029 tam
1401 962 1627 1051 paucis
1649 959 1937 1049 repetitis
1958 958 2236 1044 actibus,
2260 965 2484 1025 contra
2506 959 2724 1047 legem

424 1088 847 1135 communem
905 1067 986 1134 de
1046 1068 1245 1135 unico
1299 1068 1636 1135 dumtaxat
1690 1064 2058 1156 deputando
2114 1063 2379 1148 vicario,
2430 1065 2721 1153 legitime

423 1174 932 1267 praescripsisse‘?

511 1280 643 1347 Nec
667 1278 957 1368 objicias,
976 1279 1388 1369 conjunctim
1414 1276 1881 1368 computandas
1900 1297 2033 1343 esse
2061 1296 2288 1344 omnes
2315 1298 2463 1364 quae
2489 1277 2559 1343 in
2590 1283 2718 1346 tota

420 1384 631 1454 Gallia
683 1384 1010 1473 contigere
1060 1386 1441 1473 hujusmodi
1484 1385 1883 1452 vicariorum
1941 1383 2401 1473 capitularium
2452 1384 2721 1474 deputa-

421 1492 654 1567 tiones,
684 1496 746 1558 et
789 1490 881 1557 sic
922 1492 1193 1580 reperiri
1243 1492 1392 1580 plus
1438 1513 1638 1579 quam
1713 1489 2145 1557 sufficientem
2203 1511 2579 1556 numerum.
2629 1528 2721 1543 -—

419 1595 586 1664 Nam
621 1596 725 1662 hic
749 1597 967 1683 agitur
996 1596 1075 1662 de
1105 1595 1472 1685 privilegio,
1508 1595 1680 1683 quod
1705 1599 1906 1683 potest
1936 1595 2054 1659 uni
2077 1593 2369 1683 capitulo
2392 1614 2505 1682 per
2530 1595 2716 1662 viam

416 1702 725 1790 legitima}
752 1703 1259 1791 praescriptionis
1288 1702 1566 1790 acquiri,
1585 1702 1748 1791 quin
1770 1701 2144 1788 acquiratur
2164 1701 2246 1767 ab
2276 1701 2393 1766 alio
2414 1700 2718 1787 ejusdem

417 1808 629 1895 regni,
651 1807 855 1873 immo
877 1807 1165 1895 ejusdem
1197 1808 1546 1896 provinciae
1569 1805 2012 1873 ecclesiasticae
2041 1805 2348 1894 capitulo.
2376 1804 2718 1895 Suppona-

417 1931 566 1978 mus
586 1910 926 1978 dimidiam
947 1917 1195 2001 partem
1222 1913 1578 1980 dioecesum
1597 1910 1825 1979 Galliae
1844 1932 1879 1977 a
1885 1911 2033 1999 jure
2054 1911 2421 1989 communi,
2437 1910 2507 1976 in
2529 1912 2719 1980 certis

417 2017 706 2085 materiis
723 2018 1351 2107 praescriptibilibuS‚
1411 2039 1759 2106 nunquam
1784 2017 2153 2099 recessisse3
2188 2017 2257 2082 in
2286 2016 2414 2083 alia
2442 2038 2595 2083 vero
2625 2016 2719 2084 di-

417 2122 616 2190 midia
638 2128 813 2211 parte
844 2121 1186 2190 inductam
1211 2145 1344 2190 esse
1373 2122 1913 2190 consuetudinem
1934 2121 2072 2210 juri
2095 2123 2433 2188 communi
2462 2126 2729 2189 contra-f

414 2224 607 2313 riam,
647 2233 709 2294 et
733 2229 816 2295 ad
836 2228 1127 2317 legitime
1156 2228 1708 2319 praescribendum
1753 2228 2181 2294 sufficientem
2214 2251 2230 2294 :
2265 2229 2413 2315 quis
2443 2228 2710 2310 dixerit,

416 2334 664 2422 priores
686 2334 989 2401 dioeceses
1020 2336 1310 2424 legitime
1342 2342 1565 2404 contra
1601 2336 1712 2422 jus
1752 2354 2124 2418 commune,
2160 2354 2197 2399 a
2219 2355 2350 2421 quo
2375 2356 2713 2423 nunquam

414 2445 841 2522 recesserunt,
878 2442 1365 2532 praescripsisse,
1400 2464 1476 2510 eo
1502 2442 1676 2532 quod
1728 2441 1870 2508 aliae
1899 2440 2201 2507 dioeceses
2233 2440 2522 2528 legitime
2553 2462 2714 2531 prae-

411 2544 829 2632 scripserint?
844 2545 1196 2613 Enimvero
1220 2546 1586 2614 Galliarum
1606 2547 1909 2615 dioeceses
1925 2568 1996 2614 ac
2017 2545 2364 2636 provinciae
2383 2547 2717 2615 ecclesias·

411 2647 553 2714 ticae
585 2670 851 2739 prorsus
872 2657 1028 2716 sunt
1051 2651 1427 2719 abinvicem
1459 2653 1997 2742 independenteS‚
2055 2673 2178 2719 nec
2224 2651 2493 2718 conflant
2521 2672 2713 2718 com-

415 2754 831 2841 munitatem,
883 2776 1031 2843 quae
1074 2757 1342 2823 nomine
1370 2758 1674 2824 omnium
1727 2758 2088 2826 dioeceseon
2113 2762 2272 2846 agat,
2300 2760 2359 2821 et
2385 2755 2716 2825 omnibus

415 2861 643 2929 eadem
672 2860 1013 2951 privilegia
1037 2883 1154 2952 per
1180 2861 1357 2928 viam
1393 2863 1905 2952 praescriptionis
1946 2863 2256 2952 acquirat.
2285 2860 2710 2949 Figmentum

415 2971 512 3033 est
551 2990 823 3057 persona
853 2968 964 3036 illa
1010 2968 1274 3035 moralis
1298 2991 1372 3034 ex
1402 2967 1709 3035 omnibus
1733 2966 1959 3036 Gauiae
1995 2968 2380 3036 dioecesibus
2410 2971 2702 3056 conflata,

415 3093 561 3161 quae
577 3074 987 3164 singularum
1007 3075 1274 3141 nomine
1296 3078 1519 3141 contra
1534 3075 1647 3163 jus
1668 3095 2021 3142 commune
2045 3076 2463 3166 praescribere
2481 3077 2698 3143 valeat.

417 3176 627 3265 Igitur
682 3181 759 3247 ad
806 3180 1326 3269 dignoscendum
1376 3203 1459 3248 an
1517 3180 1779 3270 aliquod
1816 3181 2040 3249 Galliae
2090 3182 2452 3271 capitulum
2491 3185 2702 3249 contra

417 3282 629 3368 legem
651 3286 728 3351 de
751 3277 950 3353 unic'o
982 3287 1351 3377 deputando
1402 3287 1641 3355 vicario
1687 3288 2024 3377 capitulari
2050 3288 2341 3377 legitime
2372 3287 2699 3379 praescrip-

417 3386 594 3469 serit,
625 3392 1048 3477 computandi
1074 3401 1227 3458 sunt
1255 3393 1375 3458 soli
1403 3399 1585 3461 actus
1604 3395 1782 3462 illius
1803 3394 2100 3483 capituli,
2127 3416 2262 3461 non
2290 3404 2507 3462 autem
2530 3401 2699 3460 caete-

416 3513 643 3560 rorum
674 3492 873 3558 simul
901 3494 1359 3583 capitulorum.
1413 3494 1545 3574 Qui
1577 3503 1756 3565 actus
1782 3553 1799 3584 ‚
1834 3520 1988 3566 cum
2020 3520 2299 3566 numero
2321 3500 2696 3567 sufficientes

417 3622 551 3668 non
575 3599 983 3689 reperiantur
1009 3602 1219 3690 quoad
1249 3605 1773 3694 unumquodque
1800 3606 2162 3695 capitulum
2187 3608 2455 3674 seorsim
2484 3626 2696 3694 sump-

417 3711 587 3785 tum,
622 3706 1061 3795 colligendum
1086 3714 1179 3776 est
1202 3710 1437 3776 nullibi
1469 3710 1538 3776 in
1566 3709 1780 3778 Gallia
1809 3712 2169 3799 legitimam
2197 3713 2469 3781 evasisse
2483 3713 2695 3802 plures

418 3812 686 3880 vicarios
733 3812 1113 3902 capitulares
1154 3814 1503 3905 deputandi
1550 3817 2115 3884 consuetudinem.
2171 3817 2506 3897 Praeterea'‚
2586 3815 2694 3882 ubi

419 3920 635 4005 agitur
681 3919 758 3985 de
808 3918 1204 3989 Tridentinis
1261 3922 1560 4006 decretis,
1620 3923 1927 4012 legitimae
1984 3925 2457 4014 praescriptioni
2498 3923 2698 3990 obstat

417 4018 863 4091 Romanarum
935 4028 1510 4117 congregationum
1601 4029 1805 4116 stylus
1862 4051 1973 4096 seu
2037 4030 2276 4118 praxis,
2327 4029 2697 4097 Constanter

418 4147 652 4218 nempe
682 4131 1116 4200 decisionibus
1142 4134 1275 4201 suis
1299 4132 1597 4202 inductas
1629 4142 1851 4203 eontra
1868 4136 2247 4203 Tridentina
2277 4137 2523 4203 decreta
2546 4156 2698 4202 con·

418 4234 791 4302 suetudines
836 4240 1182 4326 reprobant
1221 4247 1283 4307 et
1321 4241 1694 4329 illegitimas
1742 4241 2089 4308 declarant.
2138 4242 2299 4322 Quae
2353 4240 2560 4331 praxis
2610 4242 2698 4304 cst

416 4341 597 4430 quasi
625 4344 932 4430 perpetua
957 4340 1138 4409 Sedis
1156 4344 1544 4441 Apostolicae
1573 4346 1943 4414 reclamatio
1968 4353 2191 4414 contra
2210 4345 2519 4435 ejusmodi
2544 4364 2698 4409 con-

413 4445 785 4511 suetudines
819 4442 1219 4512 Tridentinis
1247 4451 1505 4538 legibus
1543 4453 1919 4521 contrarias.
1950 4452 2136 4521 Unde
2166 4456 2393 4522 merito
2420 4446 2694 4538 supponi
