2930 4982
1143 331 1221 376 me
1267 330 1592 378 emamus.
2407 331 2521 386 151

240 474 273 512 «
301 447 666 515 absentium
687 447 958 516 arbitrio
984 447 1289 539 Episcopi
1315 451 1722 540 applicantur
1751 452 2019 522 fabricae
2053 461 2166 522 aut
2192 455 2376 523 alteri
2399 458 2541 528 loco

241 554 428 643 «pio,
477 552 738 642 quando
792 575 911 643 pro
968 552 1276 622 fallentiis
1321 553 1604 626 detracta
1649 557 1933 628 effective
1983 562 2309 652 reperitur
2356 565 2542 633 tertia

236 682 272 720 «
296 680 443 747 pars
468 658 830 726 fructuum.

312 766 379 833 5⁰
411 791 447 830 «
477 765 665 846 Quod
688 767 999 834 canonico
1025 766 1330 856 jubilato,
1357 767 1580 857 vigore
1610 768 1857 837 indulti
1880 771 2202 841 debentur
2227 772 2542 843 distribu-

242 900 274 938 «
318 872 531 941 tiones
550 878 613 939 et
642 873 943 941 fallentiae
970 875 1436 943 canonicorum
1468 874 1864 960 absentium,
1912 879 2164 946 etiamsi
2190 879 2388 949 choro
2407 902 2539 950 non

236 1004 270 1043 «
302 979 590 1057 intersit,
623 980 711 1047 ita
738 986 810 1047 ut
834 980 895 1047 ei
924 1001 1057 1048 non
1084 980 1290 1049 obstet
1317 987 1630 1050 statutum
1647 983 1750 1050 vel
1783 985 2185 1052 consuetudo
2226 989 2540 1056 contraria

238 1111 269 1150 «
306 1084 641 1153 Ecclesiae.
688 1083 797 1153 Sic
820 1086 1075 1153 censuit
1116 1084 1312 1154 Sacra
1339 1086 1769 1175 Congregatio
1796 1087 2073 1158 Concilii
2106 1089 2200 1179 (in
2227 1088 2543 1181 Romana,

234 1219 267 1256 (ι
306 1191 395 1258 19
419 1191 647 1281 aprilis
681 1191 853 1259 1692
878 1230 971 1243 -
994 1192 1154 1260 etin
1176 1192 1600 1283 Aquipendii,
1637 1194 1723 1263 23
1758 1198 1977 1263 martii
2007 1194 2333 1287 1697-);
2368 1203 2431 1265 et
2454 1204 2547 1267 est

238 1324 268 1362 «
297 1303 527 1365 contra
572 1296 961 1386 Fagnanum
1010 1299 1116 1390 (in
1155 1322 1213 1368 c.
1275 1301 1444 1367 Cum
1477 1322 1823 1391 percusw,
1856 1301 1952 1371 De
1995 1302 2231 1371 clerico
2284 1309 2537 1394 aegrot„

238 1429 268 1467 «
299 1408 371 1471 n'.
400 1403 491 1470 28
521 1409 584 1471 et
610 1403 799 1495 seq).
827 1396 832 1400 ’

317 1510 391 1578 60
429 1536 466 1574 «
499 1509 685 1591 Quod
722 1512 1078 1580 canonicus
1110 1512 1325 1602 quiin
1347 1512 1623 1582 ecclesia
1659 1512 2014 1582 cathedrali
2043 1534 2268 1583 curam
2300 1516 2546 1585 anima-

236 1643 270 1682 «
301 1639 462 1684 rum
508 1625 776 1700 exercet,
825 1624 1161 1709 computat
1191 1618 1681 1688 distributiones
1730 1619 1802 1687 in
1832 1641 2191 1710 congruam
2227 1619 2547 1712 (Congre-

230 1746 268 1786 «
298 1723 476 1811 gatio
510 1723 773 1794 concilii
807 1724 877 1792 in
908 1725 1294 1812 Acernensi,
1348 1726 1430 1793 14
1461 1727 1833 1796 novembris
1862 1726 2031 1797 1693
2051 1766 2145 1781 —
2171 1729 2331 1797 etin
2371 1728 2547 1797 lsor·

236 1854 270 1893 «
305 1830 544 1917 niensi,
572 1830 662 1899 20
686 1828 907 1921 aprilis
930 1830 1154 1922 1698).

332 1946 396 2010 70
427 1963 462 2003 «
493 1937 683 2019 Quod
719 1937 1020 2005 canonici
1049 1936 1350 2026 quamvis
1383 1938 1574 2027 pauci
1603 1938 1757 2025 sint,
1784 1944 1942 2028 puta
1963 1939 2097 2007 duo
2117 1939 2223 2006 vel
2259 1943 2414 2021 tres,
2441 1944 2545 2007 te-

236 2052 551 2115 «nentur
597 2063 826 2110 canere
876 2042 1172 2110 officium
1200 2043 1271 2110 in
1305 2043 1501 2110 choro
1551 2066 1568 2110 ε
1602 2043 1766 2112 alias·
1798 2049 2070 2134 possunt
2112 2044 2194 2112 ab
2221 2042 2547 2112 ordinario

239 2184 273 2222 «
304 2150 882 2223 distributionibus
917 2154 1309 2240 punctatura
1334 2150 1602 2241 privari.
1650 2149 1741 2218 Ita
1770 2152 2020 2220 censuit
2041 2150 2240 2239 Sacra
2263 2150 2548 2240 Congre-

225 2287 265 2324 «
299 2259 482 2348 gatio
510 2255 773 2322 concilii
801 2255 894 2340 (in
918 2254 1183 2320 Nullius
1205 2254 1529 2329 Orbitelli,
1558 2253 1639 2319 31
1676 2255 1901 2321 martii
1934 2254 2157 2342 1696).

327 2363 400 2429 80
435 2383 470 2422 «
499 2356 690 2437 Quod
711 2358 1022 2424 canonico
1051 2357 1383 2446 inquisito,
1414 2362 1477 2424 et
1497 2362 1711 2448 postea
1739 2357 2035 2426 absoluto
2054 2358 2149 2425 uti
2174 2378 2305 2425 non
2329 2357 2551 2449 culpa-

237 2496 272 2534 «
306 2466 458 2550 bili,
492 2485 567 2531 ex
594 2462 913 2531 hactenus
949 2462 1241 2532 deductis
1279 2462 1600 2551 debentur
1627 2465 2111 2533 distributiones
2140 2464 2338 2534 totius
2368 2470 2543 2535 tem-

231 2601 271 2639 «
301 2571 488 2663 poris
517 2590 649 2658 quo
676 2567 883 2635 talem
898 2568 984 2636 ob
1016 2590 1274 2637 causam
1319 2570 1603 2638 ecclesiae
1633 2569 1943 2639 inservire
1968 2592 2100 2639 non
2131 2570 2336 2638 valuit
2360 2568 2544 2661 (Bar-

239 2681 485 2763 «bosa,
513 2679 609 2743 De
645 2675 979 2743 canonicis
1009 2698 1066 2744 c.
1103 2676 1214 2761 24,
1242 2698 1310 2742 n.
1335 2675 1446 2742 41.
1480 2715 1571 2728 —
1595 2676 1790 2747 Sacra
1819 2677 2246 2767 Congregatio
2277 2674 2541 2745 concilii

243 2810 276 2850 «
307 2786 380 2851 in
423 2782 798 2859 Arianensi‚
830 2781 918 2848 28
942 2781 1166 2871 aprilis
1199 2777 1369 2849 1635
1400 2821 1489 2833 —
1512 2789 1575 2850 et
1598 2782 1790 2851 Sacra
1814 2782 2244 2870 Congregatio
2268 2782 2543 2870 Episco-

247 2915 277 2952 «
305 2911 548 2980 porum
572 2893 637 2955 et
656 2888 868 2975 regul.
900 2888 969 2954 in
997 2885 1344 2973 Lucerina,
1372 2889 1451 2955 17
1486 2887 1744 2976 augusti
1777 2886 1998 2976 1696).

324 2996 391 3062 90
455 3020 489 3058 ι(
540 2993 730 3073 Quod
786 2992 868 3059 ad
916 2992 1222 3058 effectum
1268 2993 1699 3081 recuperandi
1750 2989 2238 3058 distributiones
2283 2991 2548 3060 amissas

250 3125 282 3162 «
306 3106 600 3191 tempore
621 3098 928 3167 absentiae
959 3102 1233 3165 causatae
1256 3118 1331 3164 ex
1344 3099 1523 3186 justa
1541 3118 1731 3165 causa
1754 3101 1817 3163 et
1840 3095 2328 3187 impedimento,
2362 3096 2549 3165 debet

254 3234 285 3271 «
317 3208 580 3299 probari
601 3207 805 3291 aliud,
834 3227 1073 3296 nempe
1086 3205 1261 3295 quod
1279 3204 1636 3272 canonicus
1660 3204 1891 3272 absens
1910 3207 2075 3272 esset
2093 3201 2313 3271 solitus
2332 3202 2544 3271 inser-

259 3338 289 3375 «
314 3314 452 3381 vire
493 3318 641 3381 ante
684 3310 1230 3401 impedimentum
1266 3333 1282 3377 ε
1313 3308 1493 3393 aliaS,
1526 3309 1779 3377 etiamsi
1807 3309 1876 3376 in
1919 3329 2073 3377 casu
2115 3307 2548 3398 inquisitionis

262 3442 292 3479 «
323 3418 607 3507 plenarie
636 3418 859 3486 fuisset
897 3417 1259 3505 absolutus,
1301 3415 1790 3486 distributiones
1819 3437 1951 3486 non
1993 3422 2429 3508 recuperaret,
2476 3423 2551 3484 ut

259 3550 292 3588 «
320 3526 394 3592 de
415 3525 754 3594 communi
776 3524 1042 3593 tradunt
1063 3523 1357 3597 Monetus
1383 3524 1502 3614 (De
1522 3524 1777 3592 discrib.
1793 3575 1812 3612 ,
1837 3530 2019 3615 parte
2035 3524 2103 3600 2,
2128 3545 2188 3591 c.
2213 3523 2282 3605 5,
2307 3544 2378 3589 11.
2404 3520 2544 3610 35),

258 3654 293 3692 «
327 3636 382 3697 et
409 3629 761 3720 Fagnanus
787 3629 883 3719 (in
904 3651 965 3697 c.
998 3632 1092 3695 De
1116 3641 1372 3712 caetere,
1395 3627 1491 3697 De
1515 3632 1669 3697 cler.
1702 3651 1836 3698 non
1864 3630 2093 3714 resid.‚
2120 3650 2191 3695 n.
2228 3627 2365 3714 26).

341 3735 447 3804 100
486 3761 521 3801 «
549 3735 740 3816 Quod
771 3734 1130 3802 canonicus
1152 3733 1556 3822 dispensatus
1583 3754 1781 3821 super
1810 3738 1994 3798 aetate
2014 3732 2096 3797 ad
2124 3729 2551 3801 obtinendum

264 3869 296 3906 «
330 3843 808 3927 canonicatum,
843 3842 898 3910 si
927 3839 1294 3933 promoveri
1335 3858 1467 3906 non
1499 3838 1753 3906 curavit
1775 3838 1856 3903 ad
1896 3835 2183 3924 ordineS,
2211 3842 2550 3928 postquam

271 3972 303 4010 «
331 3951 404 4016 ad
436 3950 801 4037 legitimam
830 3953 1079 4017 aetatem
1106 3942 1401 4037 pervenit
1428 3946 1616 4035 juxta
1659 3945 1936 4014 sormam
1965 3943 2036 4009 in
2079 3941 2550 4033 dispensatione

270 4080 302 4117 «
330 4057 794 4146 praescriptam,
846 4054 1327 4122 distributiones
1367 4074 1502 4121 non
1546 4050 1852 4141 acquirit,
1898 4049 2195 4138 quamvis
2223 4052 2420 4121 choro
2450 4055 2552 4123 in-

273 4182 306 4220 «
334 4162 582 4245 serviat,
643 4166 737 4227 ut.
758 4159 1110 4229 declaravit
1145 4158 1342 4229 Sacra
1387 4156 1821 4247 Congregatio
1862 4156 2122 4226 concilii
2155 4157 2248 4248 (in
2289 4156 2553 4229 Floren-

276 4290 308 4327 «
344 4267 497 4354 tina,
530 4268 609 4335 12
624 4267 912 4357 januarii
943 4266 1161 4360 1697).

362 4372 463 4438 110
500 4401 535 4439 «
570 4372 756 4455 Quod
789 4373 1084 4441 canonici
1129 4373 1263 4442 sive
1294 4371 1637 4461 dignitates
1666 4369 2114 4462 protonotarii,
2146 4368 2202 4433 si
2233 4365 2431 4429 choro
2459 4362 2562 4425 in-
