2930 4982
339 324 411 377 21
431 324 464 377 6
1312 326 1654 373 ‘macutus

340 479 374 519 «
405 459 479 520 ut
514 449 921 541 requlariter
943 448 1181 516 servari
1221 447 1504 526 deberet,
1547 444 1675 512 nisi
1703 443 1922 533 aliquo
1954 440 2216 532 speciali
2247 441 2432 511 titulo
2469 444 2622 511 vin-

337 558 721 626 «dicaretur
747 555 1069 624 exclusive
1097 552 1349 620 collatio
1369 551 1473 618 vel
1495 550 1816 640 Episcopo
1834 548 1940 615 vel
1968 546 2277 638 capitulo,
2306 552 2622 617 testantur

337 687 372 729 «
401 664 602 751 hujus
648 662 937 751 regionis
984 658 1360 726 canonistae.
1413 656 1581 725 Vide
1627 653 1978 723 Rebuffum
2023 658 2134 720 aut
2184 652 2344 721 alios
2393 653 2621 723 Galliae

340 796 376 838 «
403 772 744 861 scriptores
776 769 853 835 de
873 768 996 834 hac
1015 765 1286 832 materia
1307 768 1675 831 tractanteS.

420 875 795 944 Pnoposrrlo
843 872 933 939 2⁸.
981 906 1071 922 —-
1115 873 1483 959 Postquam
1528 891 1705 938 anno
1748 866 1920 935 1802
1959 876 2180 933 erecta
2220 867 2406 956 fuere
2448 890 2627 935 nova

336 981 581 1051 Gallice
632 977 953 1068 capitula,
993 976 1225 1067 prima
1272 977 1736 1044 canonicatum
1767 985 1831 1041 et
1861 971 2320 1062 diqnitatuum
2353 973 2627 1043 collatio

325 1089 461 1177 fuit
501 1109 699 1178 penes
733 1085 955 1152 solum
990 1083 1422 1173 Episcopum.
1465 1084 1560 1150 At
1593 1095 1745 1172 post
1784 1079 2124 1170 expletam
2152 1079 2355 1147 illam
2383 1102 2627 1151 pamm

329 1192 799 1272 collationem,
836 1190 1055 1280 viqere
1087 1189 1283 1280 coepit
1309 1191 1431 1278 jus
1476 1187 1864 1257 collationis
1905 1184 2364 1270 simultaneoe;
2404 1185 2507 1254 ita
2553 1198 2628 1254 ut

330 1311 638 1369 vacantes
675 1296 1102 1367 canonicatus
1149 1294 1235 1363 ab
1272 1297 1605 1388 Episcopo
1654 1293 1859 1362 simul
1900 1305 1964 1360 et
2001 1291 2302 1383 capitulo
2346 1295 2633 1384 conferri

331 1405 701 1474 debuerint.
737 1443 829 1456 —
857 1404 1053 1470 Anno
1087 1402 1287 1485 1802,
1320 1403 1401 1470 ad
1431 1403 1810 1491 erigendam
1839 1420 2374 1489 unamquamque
2402 1399 2629 1469 Galliae

330 1512 692 1590 dioecesim,
738 1509 1074 1577 decretum
1116 1507 1317 1577 edidit
1357 1508 1719 1576 Cardinalis
1759 1506 2038 1596 Legatus
2079 1504 2394 1595 Capram3
2441 1507 2530 1574 ita
2560 1512 2634 1574 ut

330 1625 421 1686 tot
448 1623 661 1686 extent
687 1615 1010 1705 ejusmodi
1037 1615 1289 1682 decreta
1318 1619 1477 1702 quot
1504 1620 1726 1681 erectae
1768 1620 1925 1681 tunc
1951 1615 2263 1702 temporis
2296 1612 2623 1682 dioeceses.

331 1721 531 1790 Porro
575 1721 646 1787 in
683 1720 862 1787 hisce
901 1717 1174 1785 decretis
1201 1717 1512 1785 omnibus
1542 1718 1889 1786 adhibetur
1917 1718 2288 1785 communis
2314 1718 2624 1802 formula,

333 1826 599 1893 mutatis
646 1826 975 1892 dumtaxat
1013 1844 1158 1912 quae
1191 1828 1345 1891 sunt
1371 1824 1733 1913 unicuique
1761 1823 2017 1891 dioecesi
2048 1824 2153 1890 vel
2191 1823 2632 1892 archidioecesi

332 1934 621 2021 propria,
648 1930 718 1998 id
740 1935 832 1998 est
854 1930 1405 2013 denominatione,
1430 1929 1895 1998 delimitatione
1923 1935 1986 1998 et
2009 1930 2413 2018 hujusmodi.
2448 1928 2633 1998 Unde

333 2036 413 2104 ad
454 2036 968 2127 patefaciendum
1010 2036 1171 2126 quid
1216 2043 1374 2104 tunc
1410 2037 1483 2103 in
1510 2036 1823 2105 omnibus
1867 2036 2092 2105 Galliae
2137 2036 2522 2105 dioecesibus
2555 2041 2632 2106 de

326 2145 478 2232 jure
516 2145 928 2212 canonicatus
976 2143 1348 2210 conferendi
1401 2143 1598 2211 fuerit
1641 2150 1953 2212 statutum
1974 2197 1992 2228 ‚
2048 2164 2306 2211 necesse
2350 2165 2486 2212 non
2543 2152 2632 2212 est

336 2251 560 2316 omnia
586 2249 910 2338 eiusmodi
946 2248 1286 2315 erectionis
1313 2246 1565 2316 decreta
1592 2248 1823 2332 citare,
1856 2249 1964 2317 sed
1996 2249 2146 2317 satis
2173 2249 2295 2316 erit
2325 2249 2382 2315 si
2420 2271 2627 2317 unum

338 2346 450 2420 aut
476 2354 753 2421 alterurn
775 2352 1261 2421 adduxerimus.

353 2464 357 2470 ’
427 2456 501 2525 In
523 2459 774 2526 decreto
797 2457 1137 2527 erectionis
1154 2458 1626 2542 archidioecesis
1647 2458 2049 2542 ParisiensiS,
2078 2458 2163 2528 10
2185 2460 2400 2551 aprilis
2426 2459 2624 2543 1802,

340 2565 433 2632 sic
449 2563 668 2651 legere
695 2570 832 2631 est:
870 2567 957 2630 Ut
982 2587 1136 2631 vero
1163 2566 1556 2633 Parisiensis
1583 2566 2110 2657 metropolitana
2136 2565 2418 2648 ecclesia,
2446 2566 2634 2655 eapi-

344 2668 480 2736 tuli
506 2668 823 2736 erectione
838 2680 1147 2759 peracta,
1180 2680 1321 2737 tam
1348 2671 1674 2740 salutaris
1700 2672 2140 2741 institutionis
2170 2671 2540 2739 utilitatem
2570 2684 2634 2738 et

340 2790 807 2843 ornamentum
833 2773 1105 2843 celerius
1130 2774 1359 2844 valeat
1373 2778 1739 2868 percipere,
1745 2780 1980 2869 primo
1998 2780 2239 2869 futuro
2260 2777 2490 2845 itidem
2508 2778 2630 2843 Ar-

340 2881 744 2973 chiepz'scopo
765 2934 783 2963 ,
824 2880 904 2949 de
938 2882 1419 2972 specialissima
1445 2884 1678 2975 qratia
1705 2884 1958 2968 eadm,
2004 2885 2404 2954 auctoritate
2451 2884 2632 2974 Apo-

341 2988 581 3054 stolica
616 2987 1069 3078 indulqemus,
1112 2999 1190 3054 ut
1219 2987 1576 3078 diqnitates
1600 3012 1824 3058 omnes
1871 2991 2074 3057 etiam
2102 2989 2524 3081 principales
2566 3000 2631 3055 et

341 3092 788 3175 canonicatus,
826 3116 870 3159 a
889 3093 1230 3182 primaeva
1269 3115 1499 3161 eorum
1535 3095 1857 3166 erectione
1890 3106 2222 3177 vacantes,
2269 3116 2394 3163 rno
2440 3115 2631 3161 rrum

341 3218 461 3264 mc
490 3219 653 3284 vien,
681 3197 931 3266 idoneis
950 3198 1401 3268 ecclesiasticis
1427 3201 1592 3269 viris
1621 3200 1823 3269 libere
1851 3211 1917 3268 et
1948 3201 2131 3269 licite
2159 3203 2452 3292 conferre
2466 3222 2631 3291 pos-

338 3302 449 3370 sit.
501 3304 858 3394 (lntegrum
901 3307 1232 3375 decretum
1270 3307 1472 3375 edidit
1507 3309 1763 3396 Andre,
1814 3309 2022 3377 Cours
2055 3308 2530 3399 alphabetique
2556 3304 2631 3373 de

339 3408 516 3477 droit
546 3433 785 3495 canon,
819 3412 1014 3479 verbo
1042 3409 1240 3498 Titre,
1269 3414 1549 3484 editione
1579 3414 1675 3504 3.)

427 3516 504 3586 ln
538 3518 789 3588 decreto
823 3518 1165 3588 erectionis
1193 3520 1485 3590 dioecesis
1520 3521 2052 3609 Cenomanensis,
2084 3525 2189 3612 cuj
2199 3543 2276 3591 us
2307 3519 2633 3610 exemplar

336 3626 809 3715 authenticum,
839 3627 1001 3695 dum
1027 3625 1248 3695 Romae
1278 3627 1607 3717 degerem,
1645 3630 1768 3697 sub
1809 3631 2018 3698 oculis
2047 3629 2283 3708 habui,
2316 3629 2409 3695 sic
2440 3626 2633 3694 habe·

335 3737 445 3801 tur
474 3759 490 3803 :
523 3735 752 3804 Primo
771 3736 1009 3826 futuro
1036 3734 1368 3825 Episcopo
1399 3733 1634 3803 itidem
1670 3735 2168 3819 Cenomanensi‚
2196 3739 2259 3801 et
2280 3738 2530 3816 caetera3
2563 3735 2634 3797 ut

336 3839 409 3905 in
448 3843 835 3931 praecedenti
864 3841 1137 3909 decret0.
1175 3840 1255 3909 Et
1287 3843 1531 3911 scimus
1560 3843 1734 3911 idem
1771 3844 2004 3911 iisdem
2034 3842 2336 3909 terminis
2361 3838 2635 3928 disposi-

334 3942 479 4010 tum
500 3947 773 4036 reperiri
797 3948 867 4014 in
893 3945 1036 4014 aliis
1058 3946 1380 4036 ejusmodi
1403 3948 1707 4035 decretis3
1731 3947 1907 4038 quod
1925 3946 2319 4033 caeteroquin
2346 3948 2635 4012 constare

335 4055 540 4139 potest
576 4073 649 4118 ex
689 4054 1104 4143 singularum
1142 4053 1503 4125 dioeceseon
1547 4059 1706 4122 tunc
1747 4040 2117 4123 erectarum⁴
2148 4050 2483 4130 archiviiS,
2516 4045 2632 4115 ubi

334 4156 789 4226 authenticum
808 4159 964 4249 dicti
988 4161 1227 4230 decreti
1253 4161 1592 4230 erectionis
1615 4161 1944 4251 exemplar
1962 4163 2345 4229 asservatur.
2376 4154 2630 4236 Quibus

335 4262 740 4354 praenotatiS,
773 4265 971 4332 thesis
995 4267 1445 4355 probationem
1481 4270 1573 4336 sic
1597 4268 1995 4365 adstruimus
2029 4290 2046 4333 :

422 4368 477 4441 l.
523 4367 828 4461 Episcopi
870 4368 1098 4437 Galliae
1138 4392 1270 4439 non
1315 4374 1686 4442 habuerunt
1722 4371 2002 4441 liberam
2031 4370 2543 4440 canonicatuum·
2562 4366 2624 4430 et
