2930 4982
262 371 283 423 1
305 371 340 422 4
1230 376 1572 423 'rRACTATuS

253 500 456 586 fiunt,
507 501 634 568 alia
686 501 822 593 ipse
865 502 1182 593 explebat,
1235 497 1645 590 praedicando
1695 519 1973 587 nempe,
2029 503 2093 564 et
2141 505 2541 587 sacramenta

255 607 793 696 administrandO,
843 611 970 678 alia
1017 632 1132 701 per
1179 607 1543 696 Collegium
1590 628 1703 674 seu
1735 606 2105 696 Capitulum
2143 604 2539 691 cathedrale3

257 714 450 803 idque
491 721 631 781 tum
666 715 734 781 in
767 717 1019 784 civitate
1044 714 1429 805 Episcopali,
1470 719 1611 780 tum
1639 718 1836 781 extra.

344 817 449 887 lll.
505 820 744 899 Quarto
791 822 1026 890 saeculo
1082 819 1413 888 constituti
1463 824 1619 885 sunt
1667 819 1807 885 ruri
1860 817 1927 884 in
1984 815 2331 907 praecipuis
2383 815 2545 884 locis

256 924 515 1013 plebani
561 948 674 994 seu
718 928 968 995 rurales
996 926 1289 1017 parochi,
1341 926 1522 1013 iique
1556 946 1687 992 non
1717 925 1971 991 tantum
2001 922 2317 1013 Episcopo
2347 923 2454 991 sed
2484 929 2548 990 et

254 1030 549 1123 Capitulo
574 1032 923 1100 cathedrali
950 1031 1371 1100 remanebant
1393 1031 1690 1120 subjecti.

347 1136 459 1206 IV.
510 1136 632 1205 Per
674 1137 856 1207 mille
898 1160 1103 1207 annos
1142 1136 1363 1205 nullus
1402 1136 1598 1204 ullibi
1642 1135 1847 1203 extitit
1889 1134 2208 1225 parochus
2230 1133 2300 1200 in
2326 1133 2544 1202 civita-

256 1243 430 1312 tibus
471 1245 968 1313 cathedralibus.
1009 1245 1083 1312 ln
1117 1245 1197 1311 iis
1224 1265 1378 1332 ergo
1410 1248 1620 1310 totum
1648 1263 1891 1308 munus
1923 1240 2098 1330 quod
2125 1240 2320 1307 hodie
2350 1261 2546 1329 paro-

259 1351 465 1419 chiale
507 1351 770 1437 dicitur,
822 1375 936 1444 per
981 1352 1380 1442 Episcopum
1416 1355 1477 1417 et
1504 1347 1878 1439 Capitulum
1908 1345 2273 1415 cathedrale
2301 1368 2550 1416 exerce-

257 1457 478 1544 batur3
554 1463 616 1525 et
687 1460 880 1527 unica
954 1463 1088 1527 erat
1158 1458 1490 1549 parochia,
1557 1477 1793 1545 nempe
1846 1453 2266 1542 cathedralis;
2326 1460 2549 1523 caterae

258 1565 564 1651 ecclesiae,
597 1565 943 1654 collegiatae
976 1572 1161 1633 erant
1188 1563 1290 1632 vel
1327 1569 1584 1631 tantum
1620 1561 1913 1629 oratoria.

347 1670 500 1737 Tria
542 1670 776 1738 ultima
822 1679 1067 1763 puncta
1113 1673 1222 1740 hic
1279 1671 1685 1739 affirmamus
1737 1673 2018 1753 tantum,
2070 1690 2204 1736 non
2258 1667 2551 1735 adductis

260 1776 745 1866 probationibus
760 1803 778 1863 ;
835 1780 990 1867 quia
1044 1779 1382 1846 materiam
1442 1778 1625 1845 illam
1691 1799 1768 1843 ex
1826 1776 2108 1866 professo
2162 1775 2551 1840 discutimus

261 1885 330 1950 in
352 1887 621 1950 tractatu
649 1887 745 1951 De
766 1883 1082 1972 parocho,
1104 1883 1334 1953 Videri
1358 1883 1553 1951 etiam
1580 1887 1783 1973 potest
1805 1881 2003 1950 Nardi
2036 1880 2182 1972 (Dei
2210 1878 2547 1969 Pdrochi),

259 1986 373 2074 qui
410 1986 772 2054 doctrinam
814 1989 994 2056 illam
1035 1989 1276 2081 (nullos
1317 1989 1561 2056 scilicet
1600 1989 1797 2055 fuisse
1837 1985 2028 2053 ullibi
2065 1983 2379 2075 parochos
2410 1989 2553 2051 ante

258 2090 574 2167 saeculum
625 2115 715 2179 w,
775 2099 838 2159 et
883 2094 1099 2161 nullos
1146 2095 1214 2160 in
1266 2091 1636 2160 civitatibus
1686 2096 1833 2157 ante
1874 2090 2187 2157 saeculum
2239 2113 2330 2177 xi,
2365 2096 2553 2181 atque

128 2200 135 2207 ”
261 2196 417 2265 adeo
465 2197 545 2265 ad
586 2198 935 2287 collegium
984 2198 1351 2267 cathedrale
1393 2197 1595 2265 simul
1644 2218 1795 2264 cum
1822 2195 2137 2287 Episcopo
2168 2198 2553 2287 pertinuisse

262 2303 327 2367 id
372 2324 565 2371 omne
609 2305 784 2393 quod
831 2305 1024 2374 hodie
1073 2304 1577 2395 parochialitatis
1618 2302 1759 2394 est),
1801 2306 1979 2370 tanta
2008 2303 2554 2372 documentorum

263 2407 435 2473 mole
484 2410 887 2493 corroborat,
942 2415 1014 2474 ut
1071 2411 1243 2497 apud
1301 2410 1587 2475 eruditos
1641 2415 1813 2474 extra
1865 2410 2363 2476 controversiam
2411 2412 2549 2497 jam

263 2511 452 2579 ivisse
484 2513 990 2579 existimandum
1025 2514 1127 2578 sit.
1157 2510 1345 2579 Unde
1391 2512 1553 2577 dum
1595 2513 1832 2578 unicus
1872 2512 1944 2578 in
1982 2517 2111 2579 lota
2143 2511 2399 2579 dioecesi
2430 2512 2554 2579 suit

262 2617 610 2708 parochus,
646 2617 1004 2707 Episcopus
1045 2618 1288 2685 scilicet
1330 2623 1478 2685 ante
1519 2618 1831 2685 saeculum
1881 2640 1971 2703 nr,
2009 2624 2071 2685 et
2099 2619 2332 2686 unicus
2378 2617 2551 2686 idem

260 2722 330 2787 in
362 2722 614 2789 civitate
645 2743 760 2810 per
803 2721 986 2789 mille
1015 2723 1351 2806 annosstn
1387 2721 1688 2788 exercitio
1734 2723 2237 2812 parochialitatis
2274 2724 2443 2791 sicut
2482 2726 2551 2792 in

264 2829 505 2896 caeteris
533 2828 595 2895 ei
614 2827 1051 2895 auxiliabatur
1082 2826 1444 2895 cathedrale
1475 2826 1847 2915 collegium.

352 2934 446 3002 Ne
493 2941 712 3002 autem
754 2939 868 3001 aut
913 2955 1148 3002 novam
1198 2939 1305 3000 aut
1353 2933 1576 3000 minus
1626 2938 1952 3023 receptam
1976 2934 2160 3001 illam
2192 2935 2553 3003 doctrinam

265 3061 397 3107 esse
445 3040 682 3128 aliquis
730 3039 1118 3130 suspicetur,
1174 3038 1440 3130 aliquod
1487 3063 1563 3108 ex
1587 3040 2059 3111 recentioribus
2086 3042 2550 3110 documentum

266 3143 767 3233 subjungemus,

352 3256 428 3323 In
476 3257 670 3325 Sacra
715 3257 1227 3347 Congregatione
1273 3258 1537 3326 concilii
1581 3257 1687 3324 die
1733 3258 1817 3325 27
1868 3258 2025 3327 maii
2074 3258 2246 3326 1820
2295 3261 2389 3326 sic
2422 3260 2555 3327 dis-

266 3362 513 3430 serebat
560 3364 938 3431 secretarius
984 3364 1274 3451 ejusdem
1311 3362 1842 3452 Congregationis
1883 3364 1974 3453 (in
2012 3362 2344 3431 Thesauro
2380 3370 2569 3433 γεω-ἐ

269 3469 632 3549 lutionum,
659 3474 817 3536 tom.
849 3468 1112 3553 LXXX,
1140 3492 1287 3560 pag.
1320 3469 1470 3560 159)
1498 3493 1515 3536 ε
1557 3493 1593 3533 ε(
1613 3468 1693 3535 Et
1720 3474 1888 3536 certe
1909 3470 2557 3540 animadvertendum

278 3601 311 3639 «
345 3579 461 3659 est,
491 3596 607 3664 per
634 3575 758 3642 tria
799 3574 929 3642 fere
962 3576 1178 3666 priora
1211 3575 1442 3644 saecula
1467 3574 1721 3642 nullam
1749 3576 1819 3641 in
1849 3576 2293 3647 ecclesiasticis
2324 3602 2559 3647 monu-

275 3683 580 3750 «mentis
655 3681 1089 3772 parochorum
1166 3682 1567 3750 mentionem
1626 3703 1989 3751 occurrere.
2056 3683 2204 3753 Una
2252 3686 2427 3752 enim
2485 3685 2556 3752 in

275 3813 309 3850 «
338 3789 635 3876 principe
689 3788 1033 3857 dioeceseos
1063 3789 1316 3856 civitate
1359 3793 1494 3857 erat
1540 3787 1832 3875 ecclesia,
1870 3788 1950 3856 ad
1980 3811 2179 3877 quam
2208 3789 2558 3860 Christiani

278 3913 565 3959 «omnes
601 3914 733 3959 non
783 3895 976 3962 modo
1021 3895 1204 3963 urbis
1233 3895 1437 3978 illius,
1482 3896 1591 3963 sed
1619 3896 1815 3962 etiam
1843 3894 2213 3963 vicinorum
2237 3918 2557 3987 pagorum

280 4024 314 4061 «
341 3996 788 4083 confluebant3
837 4001 1387 4090 praesentibusque
1437 3999 1842 4068 Eucharistia
1882 4000 2393 4093 dispensabatur,
2448 4003 2559 4071 ab·

281 4101 630 4169 «sentibus
679 4126 798 4194 per
848 4105 1152 4175 diaconos
1204 4106 1607 4185 mittebatur,
1661 4106 1777 4195 qui
1822 4107 1890 4174 in
1944 4101 2205 4198 praefato
2260 4107 2559 4197 Episcopi

283 4213 569 4275 «senatu
621 4230 737 4275 sua
787 4232 1060 4278 munera
1112 4213 1440 4301 gerebant.
1493 4212 1708 4281 Aucto
1757 4213 2059 4303 deinceps
2109 4213 2404 4281 fidelium
2436 4234 2559 4282 nu-

280 4338 314 4375 «
341 4334 546 4400 mer0‚
576 4313 849 4402 aliisque
894 4317 962 4382 in
1007 4317 1375 4385 civitatibus
1405 4318 1737 4386 aedificatis
1761 4319 2069 4402 ecclesiis,
2101 4320 2257 4387 certi
2284 4320 2558 4411 presby-

285 4439 318 4478 «
344 4418 569 4487 teriad
595 4438 697 4486 eas
730 4418 958 4489 diebus
994 4420 1170 4489 sestis
1199 4422 1657 4510 mittebantur3
1690 4424 1807 4514 qui
1840 4429 2057 4493 tamen
2095 4427 2394 4517 perpetui
2425 4432 2584 4496 non·
