2930 4982
1133 414 1212 458 33
1238 413 1582 461 ‚ostri-uu&
2383 405 2505 465 573

221 529 386 602 idem
421 529 690 596 omnino
721 551 838 620 per
864 551 931 597 se
963 530 1180 620 ipsum
1211 551 1419 620 posse,
1461 531 1639 619 quod
1665 540 1910 621 poterat
1951 535 2319 625 capitulum
2363 543 2512 604 ante

221 637 655 704 transmissam
693 636 1242 726 jurisdictionem.
1294 635 1537 704 Poterit
1582 658 1734 726 ergo
1774 639 2016 728 absque
2064 641 2201 709 ullo
2245 642 2512 732 speciali

220 744 517 813 mandato
553 743 847 833 capituli,
878 743 1279 812 dimissorias
1313 744 1667 812 concedere
1708 745 1780 812 in
1823 745 2077 814 casibus
2121 747 2247 838 ipsi
2289 772 2327 816 a
2364 748 2508 817 Tri-

221 851 481 936 dentino
509 850 866 940 permissis,

304 962 519 1028 Non0.
554 956 960 1030 Dimissoriae⁴
976 978 1294 1026 concessae
1321 980 1358 1026 a
1385 958 1625 1026 vicario
1658 954 1998 1046 capitulari
2039 962 2182 1046 post
2228 981 2507 1051 annum,

221 1087 297 1132 an
324 1065 615 1154 expirent
657 1085 773 1153 per
801 1062 1168 1151 ingressum
1214 1065 1366 1132 novi
1396 1062 1744 1155 Episcopi?
1785 1061 1931 1129 11133
1974 1061 2198 1147 etiam,
2226 1065 2511 1154 ingresso

222 1192 382 1238 novo
406 1169 751 1259 Episcopo,
774 1170 1003 1246 ‚valere
1033 1170 1194 1259 quin
1236 1171 1320 1238 ab
1355 1172 1497 1261 ipso
1542 1170 2019 1239 confirmentur
2047 1173 2271 1238 tenent
2298 1172 2514 1262 plures

222 1283 509 1345 auctores
563 1296 725 1364 quos
786 1275 938 1342 citat
992 1274 1327 1344 Monacelli
1389 1277 1592 1367 (parte
1645 1275 1721 1358 3,
1790 1275 1890 1342 tit.
1960 1276 2035 1358 1,
2090 1275 2377 1345 formula
2432 1279 2511 1369 3,

223 1382 434 1450 adnot.
490 1381 558 1467 5,
605 1403 753 1471 pag.
810 1379 970 1468 532,
1022 1382 1174 1450 edit.
1223 1381 1541 1464 VenetiiS,
1597 1378 1819 1469 1772).
1866 1378 2082 1466 Unde,
2129 1385 2200 1447 ut
2244 1383 2514 1470 quidam

223 1489 562 1556 canonistae
618 1488 918 1570 suadent,
969 1488 1317 1578 prudenter
1364 1488 1497 1575 agit
1540 1508 1748 1553 novus
1790 1484 2172 1575 EpiscopuS,
2218 1487 2298 1567 si,
2334 1496 2516 1579 capta

219 1594 653 1682 possessione',
703 1616 818 1683 per
866 1593 1152 1661 edictum
1200 1592 1547 1682 publicum
1596 1614 1701 1659 eas
1748 1597 1999 1660 revocet
2040 1596 2389 1682 antequam
2433 1596 2514 1663 ad

220 1702 665 1768 executionem
702 1702 1065 1767 deveniant.
1103 1699 1262 1767 ltem
1295 1700 1378 1767 ab
1405 1700 1550 1767 aliis
1596 1698 1929 1789 Episcopis
1972 1701 2329 1786 generatim
2374 1725 2515 1770 me-

220 1807 348 1874 lius
375 1813 468 1873 est
496 1828 628 1872 non
652 1807 905 1873 admitti
933 1807 1363 1889 dimissorias,
1392 1814 1534 1874 tum
1560 1829 1598 1873 a
1622 1806 1924 1873 defuncto
1937 1804 2282 1898 Episcopo,
2309 1814 2452 1877 tum
2478 1833 2516 1877 a

219 1913 458 1980 vicario
505 1912 845 2002 capitulari
893 1922 1263 1997 concessas,
1311 1915 1365 1978 si
1414 1912 1705 2001 tempore
1750 1932 1883 1999 quo
1925 1910 2079 1999 ipsis
2128 1912 2516 1983 exhibentur

220 2016 352 2084 istae
380 2016 626 2100 litterae,
645 2019 782 2105 Jam
808 2017 1016 2083 sciant
1043 2038 1286 2082 novum
1322 2014 1716 2108 Episcopum
1745 2016 2210 2104 possessionem
2237 2019 2511 2107 cepisse3

222 2121 308 2187 ita
348 2127 420 2189 ut
455 2123 741 2189 munitos
778 2122 911 2189 istis
953 2122 1341 2189 dimissoriis
1390 2143 1524 2190 non
1570 2122 1876 2189 ordinent
1920 2122 2047 2189 nisi
2085 2124 2523 2190 consentiente

227 2245 395 2290 novo
425 2223 768 2314 Episcopo,

311 2329 601 2396 Decimo.
646 2328 1082 2398 Concedentes
1124 2337 1346 2399 autem
1381 2330 1777 2404 dimissorias
1820 2338 2038 2408 contra
2089 2332 2365 2398 formam
2413 2331 2519 2398 de·

225 2436 379 2503 creti
406 2434 799 2525 Tridentini,
829 2436 910 2505 ab
938 2436 1151 2505 officio
1181 2442 1251 2505 et·
1270 2436 1584 2508 beneficio
1613 2459 1729 2528 per
1753 2457 2004 2505 annum
2031 2442 2185 2505 sunt
2213 2439 2349 2528 ipso
2366 2439 2519 2527 jure

223 2544 540 2633 suspensi.
570 2543 685 2634 (lta
709 2544 983 2613 sancivit
1007 2545 1387 2613 Tridentina
1416 2545 1728 2633 synodus,
1756 2566 1910 2612 3333.
1941 2543 2054 2626 23,
2081 2567 2138 2612 c.
2180 2544 2314 2634 10.)

1299 2829 1452 2908 §11

222 3006 471 3045 VICARIUS
517 3006 860 3048 CAPITULARIS
902 3010 1238 3050 POTESTATEM
1282 3012 1456 3050 ΗΑΒΕΤ
1506 3011 1805 3049 visrrANDAE
1852 3009 2129 3061 DIOECESIS,
2178 3008 2242 3046 ET
2283 3006 2516 3053 ‘QUONAu

1030 3109 1082 3147 ID
1125 3109 1248 3148 RITU
1291 3109 1486 3147 PERAGI
1529 3109 1733 3147 DEBEAT

319 3288 633 3359 Probatur
665 3291 729 3356 1⁰
752 3313 828 3358 ex
864 3292 1191 3382 principio
1217 3293 1525 3380 generali.
1556 3331 1647 3344 —
1674 3290 2170 3362 Admittendum
2204 3293 2298 3357 est
2327 3289 2521 3356 scili—

226 3403 328 3464 cet
376 3403 679 3485 tanquam
736 3398 1142 3488 principium
1191 3405 1486 3483 certum,
1532 3400 1611 3466 ad
1669 3399 2029 3489 capitulum
2075 3403 2137 3465 et
2183 3404 2396 3486 postea
2438 3397 2517 3464 ad

226 3501 545 3569 vicarium
598 3503 1019 3592 capitularem
1070 3506 1340 3573 transire
1387 3506 1915 3596 jurisdictionem
1963 3504 2364 3574 ordinariam
2412 3504 2520 3571 de-

225 3607 436 3691 functi
477 3608 802 3699 Episcopi,
849 3610 930 3676 iis
969 3611 1246 3700 exceptis
1293 3633 1442 3700 quae
1485 3634 1521 3677 a
1555 3614 1709 3699 jure
1757 3617 2014 3700 excepta
2058 3609 2511 3698 reperiuntur3

222 3714 404 3801 atqui
439 3715 549 3803 jus
584 3714 996 3782 instituendae
1031 3716 1412 3797 visitationis
1446 3715 1524 3783 ad
1556 3716 2084 3804 jurisdictionem
2124 3711 2520 3780 ordinariam

223 3819 527 3908 pertinet,
556 3826 617 3887 et
630 3820 872 3888 :nullus
910 3826 1232 3911 reperitur
1253 3823 1422 3913 juris
1451 3822 1867 3891 ecclesiastici
1897 3827 2103 3888 textus
2139 3840 2269 3908 quo
2311 3820 2518 3907 expri-

224 3929 445 3990 matur
479 3925 664 3993 illam
693 3926 1164 4016 ¹jurisdictionis
1199 3928 1542 3997 ordinariae
1574 3933 1823 4019 partem·
1868 3927 1948 3994 ad
1978 3924 2292 3993 vicarium
2331 3922 2517 4013 capi-

223 4029 505 4097 tularem
532 4053 666 4111 non
698 4033 1002 4115 transiress
1039 4055 1193 4124 ergo
1225 4034 1494 4102 transire
1522 4035 1836 4104 censenda
1866 4037 1984 4101 est.
2155 4020 2159 4024 ⁶

320 4135 641 4206 Probatur
689 4138 756 4206 2⁰
802 4161 877 4207 ex
924 4142 1264 4210 communi
1315 4143 1655 4211 doctorum
1702 4140 2040 4235 sententia.
2088 4175 2178 4189 —
2234 4162 2269 4203 «
2307 4135 2520 4215 Potest

231 4265 271 4306 «
300 4239 558 4325 visitare
609 4265 743 4310 non
790 4246 1005 4314 solum
1047 4247 1508 4337 particularem
1556 4247 1895 4316 ecclesiam
1946 4245 2078 4337 (aut
2129 4244 2323 4311 etiam
2355 4241 2521 4341 *visi-

235 4370 273 4408 «
301 4347 607 4414 tationem
647 4349 979 4420 instituere
1009 4359 1232 4422 contra
1269 4359 1468 4422 certas
1493 4375 1796 4444 personas
1824 4352 2084 4421 suborta
2121 4346 2520 4440 praecedente

236 4476 274 4516 «
303 4452 794 4546 diffamatione),
820 4479 1051 4527 verum
1083 4461 1277 4529 etiam
1310 4468 1503 4530 totam
1534 4461 1886 4530 dioecosim.
1909 4459 2118 4549 quue
2144 4477 2275 4522 non
2306 4451 2516 4521 solum
