2930 4982
1150 371 1231 415 DE
1270 370 1598 416 mestuus·
2442 369 2519 421 17

319 489 611 558 Ostendit
654 491 891 579 pariter
935 491 1107 558 idem
1149 484 1372 558 auctor
1422 490 1778 561 Canonicos
1828 502 1970 562 tum
2013 495 2082 562 in
2112 496 2520 587 antiquitate,

246 605 367 664 tum
416 596 882 664 recentioribus
929 597 1186 666 saeculis
1228 602 1483 665 vocatos
1512 597 1706 666 fuisse
1754 600 2065 679 senioreS,
2097 604 2522 686 consmziores‚

237 703 552 794 primores
590 708 650 769 et
690 703 1043 792 primates,
1092 703 1403 793 majores,
1436 702 1703 772 clericos
1736 706 1806 772 in
1838 706 2056 795 qradu
2080 721 2145 775 et
2170 707 2519 799 diynitate,

241 808 471 899 prioris
516 808 788 899 qradus,
843 833 876 878 e
928 808 1137 877 latere
1178 809 1535 900 Episcopi,·
1576 818 1640 877 et
1681 811 1941 878 tandem
1975 816 2342 896 canonicos,
2370 819 2525 906 quia

244 939 312 983 ea·
341 937 602 983 canone
636 939 660 980 .·
699 915 964 983 diaconi
999 927 1249 1007 septem
1290 938 1420 984 esse
1469 915 1704 983 debent
1741 939 1826 983 ex
1850 939 2121 1006 canone,
2152 920 2416 989 etiamsi
2440 926 2527 991 sic

244 1043 486 1110 maqna
539 1020 773 1090 civitas
825 1021 1048 1111 (Cone.
1104 1020 1496 1105 Neocaesar.,
1550 1042 1695 1088 can.
1756 1022 1862 1103 15,
1916 1045 2087 1091 anno
2135 1025 2328 1114 314);
2373 1028 2525 1097 item

244 1126 610 1194 ordinarios
657 1139 718 1196 ct
753 1130 1024 1220 fratres
1078 1128 1333 1209 Quanto
1369 1130 1614 1196 honore
1659 1127 2056 1197 haberentur
2083 1137 2146 1198 et
2169 1135 2533 1222 superiores

243 1234 476 1300 caeteris
520 1235 600 1300 de
644 1234 816 1302 clero
843 1256 1098 1325 semper
1121 1235 1330 1302 habiti
1359 1236 1515 1314 sint,
1553 1234 1778 1303 multis
1799 1236 2030 1326 probat
2054 1244 2525 1324 montimenti8‚

243 1363 276 1405 e
322 1339 561 1428 quibus
613 1363 824 1408 unum
879 1347 992 1408 aut
1042 1341 1321 1408 alterum
1379 1340 1832 1431 depromimus
1885 1365 1902 1409 ε
1956 1343 2244 1411 Proelati
2285 1358 2530 1415 nostrce

243 1445 540 1525 ecclesiae,
590 1448 682 1513 ait
713 1444 1176 1514 Ambianensis
1203 1446 1560 1538 Episcopus
1598 1447 1988 1515 duodecimo
2017 1450 2274 1518 saeculo.
2304 1450 2533 1541 (Gallia

242 1552 495 1639 christ.‚
535 1553 869 1642 Append.,
911 1575 980 1618 n.
1018 1551 1154 1641 13.)
1204 1550 1505 1620 Membra
1532 1564 1765 1620 nostra
1788 1553 2223 1644 principalia,
2254 1558 2344 1625 ait
2369 1560 2535 1628 alius

244 1657 622 1748 EpiscopuS,
664 1680 839 1727 anno
878 1659 1073 1729 1234.
1107 1660 1304 1727 Anno
1328 1681 1481 1726 vero
1508 1659 1708 1742 1252,
1742 1658 2164 1730 perchtoldus
2185 1661 2534 1734 Patavinus

245 1764 596 1855 Episcopus
641 1765 942 1853 prohibet
982 1787 1064 1832 ne
1093 1764 1595 1833 archidiaconus
1620 1766 1728 1833 fiat
1750 1766 1864 1855 qui
1887 1788 2018 1834 non
2044 1768 2129 1835 sit
2151 1772 2531 1857 canonicuS‚

243 1894 387 1938 cam
430 1870 749 1939 Canonici
790 1870 1192 1939 cathedralis
1238 1870 1520 1938 ecclesiae
1561 1870 1700 1937 sint
1727 1893 1933 1959 supra
1953 1872 2285 1962 proelatos
2322 1876 2531 1965 (intel-

154 2039 157 2041 ,
242 1979 377 2067 ligit
425 1977 686 2045 abbates
730 1976 1228 2068 monachorum)
1262 1999 1399 2044 suoe
1423 1976 1709 2043 dioecesis
1737 1977 2100 2061 universos,
2128 1978 2295 2074 sicut
2322 1981 2534 2049 cardi-

244 2086 427 2154 nales
467 2085 656 2153 Sedis
682 2084 1077 2176 Apostolicce
1101 2106 1252 2151 cum
1283 2086 1559 2152 Summo
1588 2083 1915 2173 Pontifice
1947 2107 2144 2174 super
2165 2085 2533 2155 Ecclesiam

242 2192 648 2259 universam.
703 2190 1074 2279 (Germania
1117 2211 1325 2272 sacra,
1368 2197 1416 2256 t.
1454 2188 1509 2270 l,
1552 2212 1620 2277 p.
1656 2187 1839 2276 392.)
1865 2190 2211 2255 Pertinent
2242 2194 2539 2259 canonici

240 2299 334 2366 ad
400 2311 607 2386 caput
677 2299 793 2384 qui
851 2308 944 2361 est
991 2295 1358 2382 Episcopus
1388 2345 1405 2375 ,
1467 2305 1792 2381 tanquam
1842 2291 2175 2361 nobiliora
2210 2297 2528 2367 membra.

240 2401 471 2491 (Cone.
503 2401 944 2489 Aquileiense,
983 2397 1180 2482 1596,
1223 2419 1281 2464 o.
1324 2396 1457 2486 10.)

328 2508 440 2575 ΙΙΙ.
510 2506 904 2575 Cardinales
948 2506 1125 2573 nihil
1160 2503 1357 2572 aliud
1379 2506 1656 2595 fuerunt
1697 2527 1902 2594 quam
1931 2505 2288 2596 colleqium
2311 2511 2531 2577 catlee·

248 2613 447 2695 drale,
497 2623 562 2679 et
608 2611 911 2679 canonici
959 2610 1134 2678 nihil
1179 2609 1370 2677 aliud
1401 2633 1604 2700 quam
1639 2608 2011 2678 cardinales
2052 2613 2407 2701 cujuslibet
2429 2639 2531 2684 ec·

251 2719 474 2786 clesioe.
505 2756 593 2770 -—-—
623 2717 808 2785 Hanc
834 2718 1066 2785 thesim
1090 2740 1162 2785 ex
1187 2717 1470 2806 professo
1490 2723 1554 2783 et
1577 2719 1820 2785 caeteris
1844 2718 2051 2786 fusius
2071 2719 2534 2790 demonstravit

254 2825 439 2892 Nardi
509 2825 579 2891 in
647 2848 764 2892 suo
828 2846 1018 2916 opere
1087 2824 1211 2890 Dei
1269 2821 1576 2890 parochi.
1640 2823 1856 2904 Quam
1913 2826 2164 2891 summi
2214 2831 2530 2893 momenti

255 2932 582 2999 materiam
640 2932 976 3020 rejicimus
1029 2930 1110 2997 ad
1164 2934 1509 2997 tractatum
1575 2932 1670 2995 De
1715 2928 2009 3016 parocho
2040 2977 2060 3013 ,
2114 2928 2225 2996 hic
2279 2935 2528 2999 tantum

258 3037 638 3124 paucissima
667 3035 1039 3103 delibaturi.

335 3141 669 3224 Muratori,
719 3142 788 3209 in
839 3163 956 3208 sua
1002 3138 1439 3208 dissertatione
1489 3138 1575 3207 62
1618 3137 1697 3207 de
1740 3140 2111 3220 Canonicis,
2141 3143 2373 3211 fatetur
2391 3147 2529 3234 jam

259 3248 330 3315 ab
356 3270 524 3326 anno
547 3248 679 3316 615
706 3249 1050 3316 canonicos
1078 3251 1334 3340 vocatos
1362 3246 1560 3314 fuisse
1597 3245 2013 3314 CardinaleS.
2045 3272 2078 3311 «
2102 3246 2173 3314 ln
2200 3249 2465 3339 epistola
2490 3253 2526 3316 7

269 3381 296 3416 «
324 3357 521 3424 sancti
566 3355 892 3424 Zachariae
915 3355 1102 3446 Papae
1137 3354 1217 3421 ad
1244 3352 1559 3443 Pipin‘um
1612 3352 1805 3443 (anno
1836 3351 1989 3443 741)
2039 3355 2397 3424 cardinales
2427 3380 2533 3424 vo-

266 3486 296 3522 «
323 3467 489 3531 catos
506 3463 806 3530 videmus
827 3462 1195 3530 canonicos,
1212 3457 1284 3526 ln
1306 3459 1647 3549 capitulari
1669 3461 1827 3527 anni
1848 3459 1979 3526 810
1996 3460 2132 3549 ipsa
2153 3462 2534 3529 cathedralis

266 3593 296 3629 «
322 3568 684 3637 cardinalis
700 3568 964 3637 ecclesia
980 3573 1268 3636 vocatur.
1297 3566 1373 3633 ln
1395 3567 1640 3655 synodo
1663 3565 1970 3634 Patavina
1991 3569 2150 3634 anni
2171 3566 2302 3634 955
2323 3568 2536 3633 cathe—

269 3699 299 3734 «
323 3674 513 3743 dralis
558 3675 714 3743 item
765 3679 1031 3740 vocatur
1067 3673 1333 3739 ecclesia
1361 3670 1677 3739 cardinis.
1713 3672 1935 3759 Usque
1962 3672 2043 3737 ad
2077 3690 2330 3735 annum
2365 3668 2535 3738 1208

268 3805 297 3840 «
325 3780 695 3870 metropolis
713 3777 1219 3847 Ravennatensis
1238 3776 1665 3864 appellatione
1689 3772 2089 3840 cardinarice
2108 3781 2525 3846 memoratur.

269 3911 299 3946 «
322 3883 624 3977 Diploma
674 3884 1001 3976 quoddam
1056 3882 1215 3952 anni
1269 3880 1441 3949 1190
1488 3878 1717 3971 prohat
1751 3881 2215 3947 canonicatum
2239 3893 2305 3949 ec
2327 3884 2534 3953 cardi-

270 4018 299 4056 α
325 3994 594 4061 nariam
639 3993 831 4060 fuisse
872 4013 1058 4059 voces
1111 4010 1532 4079 synonymas.
1585 3986 1866 4055 Joannes
1907 3983 2227 4056 Diaconus
2270 3989 2339 4058 in
2382 3990 2534 4060 Vita

274 4123 302 4159 «
328 4102 526 4168 sancti
576 4099 871 4188 Gregorii
916 4097 1138 4186 Magni
1183 4098 1273 4166 sic
1323 4096 1519 4164 habet
1573 4118 1590 4161 ε
1650 4090 2042 4161 Cardinales
2094 4094 2409 4165 violenter
2462 4100 2535 4165 in

273 4229 302 4265 «
317 4205 630 4293 parceciis
677 4202 1017 4272 ordinatos
1039 4201 1429 4293 forensibuS,
1475 4199 1548 4267 in
1570 4198 1937 4291 pristinum
1984 4199 2319 4270 cardinem
2370 4206 2536 4271 Gre-
2589 4253 2592 4258 .

274 4335 303 4371 «
329 4314 552 4400 φονίας
606 4311 977 4382 revocabat.
1052 4310 1183 4391 Qui
1251 4313 1456 4377 textus
1522 4305 1949 4377 Thomassino
2013 4306 2169 4376 adeo
2220 4308 2392 4374 visus
2446 4309 2539 4367 est

275 4418 563 4509 «claruS,
603 4424 677 4487 ut
713 4418 806 4488 sic
841 4417 1221 4487 concludere
1268 4420 1525 4484 coactus
1572 4415 1655 4483 sit
1709 4440 1725 4484 ς
1793 4416 1935 4496 Quo
1983 4409 2191 4498 liquet
2235 4409 2373 4495 ejus
2396 4424 2535 4470 oevo

2263 4527 2294 4569 ε
