<?xml version="1.0" encoding="UTF-8"?>
<!DOCTYPE html PUBLIC "-//W3C//DTD XHTML 1.0 Transitional//EN"
    "http://www.w3.org/TR/xhtml1/DTD/xhtml1-transitional.dtd">
<html xmlns="http://www.w3.org/1999/xhtml" xml:lang="en" lang="en">
 <head>
  <title>
</title>
<meta http-equiv="Content-Type" content="text/html;charset=utf-8" />
  <meta name='ocr-system' content='tesseract 3.04.00' />
  <meta name='ocr-capabilities' content='ocr_page ocr_carea ocr_par ocr_line ocrx_word'/>
</head>
<body>
  <div class='ocr_page' id='page_1' title='image "./tractatusdecapi00bouigoog_0468.png"; bbox 0 0 2930 4982; ppageno 0'>
   <div class='ocr_carea' id='block_1_1' title="bbox 385 383 1716 443">
    <p class='ocr_par' dir='ltr' id='par_1_1' title="bbox 385 383 1716 443">
     <span class='ocr_line' id='line_1_1' title="bbox 385 383 1716 443; baseline -0.01 0"><span class='ocrx_word' id='word_1_1' title='bbox 385 385 513 443; x_wconf 77' lang='grc'><strong>430</strong></span> <span class='ocrx_word' id='word_1_2' title='bbox 1373 383 1716 431; x_wconf 70' lang='lat' dir='ltr'><strong>‘rnAcurus</strong></span> 
     </span>
    </p>
   </div>
   <div class='ocr_carea' id='block_1_2' title="bbox 299 497 2668 4519">
    <p class='ocr_par' dir='ltr' id='par_1_2' title="bbox 299 497 2668 814">
     <span class='ocr_line' id='line_1_2' title="bbox 390 497 2668 600; baseline -0.006 -16"><span class='ocrx_word' id='word_1_3' title='bbox 390 516 550 583; x_wconf 80' lang='lat' dir='ltr'><strong>«tit.</strong></span> <span class='ocrx_word' id='word_1_4' title='bbox 582 512 686 595; x_wconf 85' lang='lat'><strong>18,</strong></span> <span class='ocrx_word' id='word_1_5' title='bbox 711 533 780 579; x_wconf 89' lang='lat' dir='ltr'><strong>n.</strong></span> <span class='ocrx_word' id='word_1_6' title='bbox 808 509 906 600; x_wconf 82' lang='lat'><strong>2.)</strong></span> <span class='ocrx_word' id='word_1_7' title='bbox 930 533 964 573; x_wconf 86' lang='lat'>»</span> <span class='ocrx_word' id='word_1_8' title='bbox 991 507 1086 576; x_wconf 81' lang='lat' dir='ltr'><strong>lta</strong></span> <span class='ocrx_word' id='word_1_9' title='bbox 1105 506 1424 591; x_wconf 76' lang='lat' dir='ltr'><strong>FerrariS,</strong></span> <span class='ocrx_word' id='word_1_10' title='bbox 1454 515 1521 573; x_wconf 82' lang='lat' dir='ltr'><strong>v⁰</strong></span> <span class='ocrx_word' id='word_1_11' title='bbox 1542 503 2035 583; x_wconf 80' lang='lat' dir='ltr'><strong><em>Seminarium,</em></strong></span> <span class='ocrx_word' id='word_1_12' title='bbox 2059 524 2131 571; x_wconf 91' lang='lat' dir='ltr'><strong>n.</strong></span> <span class='ocrx_word' id='word_1_13' title='bbox 2164 500 2245 569; x_wconf 95' lang='grc'><strong>12</strong></span> <span class='ocrx_word' id='word_1_14' title='bbox 2273 505 2336 569; x_wconf 90' lang='lat' dir='ltr'><strong>et</strong></span> <span class='ocrx_word' id='word_1_15' title='bbox 2364 498 2471 568; x_wconf 88' lang='grc'><strong>13.</strong></span> <span class='ocrx_word' id='word_1_16' title='bbox 2494 497 2668 570; x_wconf 82' lang='lat' dir='ltr'><strong>Idem</strong></span> 
     </span>
     <span class='ocr_line' id='line_1_3' title="bbox 299 606 2665 708; baseline -0.005 -19"><span class='ocrx_word' id='word_1_17' title='bbox 299 654 310 661; x_wconf 96' lang='lat'><strong>·</strong></span> <span class='ocrx_word' id='word_1_18' title='bbox 383 619 682 708; x_wconf 85' lang='lat' dir='ltr'>colligere</span> <span class='ocrx_word' id='word_1_19' title='bbox 708 623 803 686; x_wconf 88' lang='lat' dir='ltr'><strong>est</strong></span> <span class='ocrx_word' id='word_1_20' title='bbox 845 637 923 684; x_wconf 85' lang='lat' dir='ltr'><strong>ex</strong></span> <span class='ocrx_word' id='word_1_21' title='bbox 948 613 1221 683; x_wconf 89' lang='lat' dir='ltr'><strong>concilio</strong></span> <span class='ocrx_word' id='word_1_22' title='bbox 1250 611 1711 682; x_wconf 83' lang='lat' dir='ltr'>Mediolanensi</span> <span class='ocrx_word' id='word_1_23' title='bbox 1753 608 1859 679; x_wconf 85' lang='lat' dir='ltr'><strong>V:</strong></span> <span class='ocrx_word' id='word_1_24' title='bbox 1900 634 1934 676; x_wconf 69' lang='lat' dir='ltr'><strong>c&lt;</strong></span> <span class='ocrx_word' id='word_1_25' title='bbox 1965 609 2216 679; x_wconf 91' lang='lat' dir='ltr'><strong>Eorum</strong></span> <span class='ocrx_word' id='word_1_26' title='bbox 2245 606 2451 696; x_wconf 83' lang='lat' dir='ltr'><strong>igitur</strong></span> <span class='ocrx_word' id='word_1_27' title='bbox 2511 629 2665 698; x_wconf 91' lang='lat' dir='ltr'><strong>quos</strong></span> 
     </span>
     <span class='ocr_line' id='line_1_4' title="bbox 390 721 2130 814; baseline -0.006 -23"><span class='ocrx_word' id='word_1_28' title='bbox 390 752 425 791; x_wconf 74' lang='grc' dir='ltr'><strong>α</strong></span> <span class='ocrx_word' id='word_1_29' title='bbox 447 725 757 814; x_wconf 83' lang='lat' dir='ltr'><strong>delegerit</strong></span> <span class='ocrx_word' id='word_1_30' title='bbox 786 722 1142 791; x_wconf 89' lang='lat' dir='ltr'><strong>consilium</strong></span> <span class='ocrx_word' id='word_1_31' title='bbox 1161 721 1345 810; x_wconf 89' lang='lat' dir='ltr'><strong>sequi</strong></span> <span class='ocrx_word' id='word_1_32' title='bbox 1366 741 1522 787; x_wconf 90' lang='lat' dir='ltr'><strong>cum</strong></span> <span class='ocrx_word' id='word_1_33' title='bbox 1547 740 1680 787; x_wconf 92' lang='lat' dir='ltr'><strong>non</strong></span> <span class='ocrx_word' id='word_1_34' title='bbox 1710 723 2004 807; x_wconf 81' lang='lat' dir='ltr'>cogatur.</span> <span class='ocrx_word' id='word_1_35' title='bbox 2019 768 2063 784; x_wconf 91' lang='lat'><strong>..</strong></span> <span class='ocrx_word' id='word_1_36' title='bbox 2094 741 2130 782; x_wconf 86' lang='lat'>»</span> 
     </span>
    </p>

    <p class='ocr_par' dir='ltr' id='par_1_3' title="bbox 383 822 2668 3458">
     <span class='ocr_line' id='line_1_5' title="bbox 469 822 2668 918; baseline -0.003 -19"><span class='ocrx_word' id='word_1_37' title='bbox 469 830 543 899; x_wconf 90' lang='lat' dir='ltr'><strong>ln</strong></span> <span class='ocrx_word' id='word_1_38' title='bbox 588 838 770 898; x_wconf 85' lang='lat' dir='ltr'><strong>tomo</strong></span> <span class='ocrx_word' id='word_1_39' title='bbox 806 828 957 914; x_wconf 91' lang='lat' dir='ltr'><strong>Vll,</strong></span> <span class='ocrx_word' id='word_1_40' title='bbox 994 851 1141 918; x_wconf 86' lang='lat' dir='ltr'><strong>pag.</strong></span> <span class='ocrx_word' id='word_1_41' title='bbox 1174 828 1331 909; x_wconf 89' lang='grc'><strong>212,</strong></span> <span class='ocrx_word' id='word_1_42' title='bbox 1396 825 1712 894; x_wconf 75' lang='lat' dir='ltr'><em>Thesauri</em></span> <span class='ocrx_word' id='word_1_43' title='bbox 1747 823 2270 912; x_wconf 89' lang='lat' dir='ltr'><strong>resolutionum,</strong></span> <span class='ocrx_word' id='word_1_44' title='bbox 2295 822 2668 892; x_wconf 73' lang='lat' dir='ltr'><strong>secretarius</strong></span> 
     </span>
     <span class='ocr_line' id='line_1_6' title="bbox 383 928 2668 1023; baseline -0.004 -16"><span class='ocrx_word' id='word_1_45' title='bbox 383 936 595 1007; x_wconf 81' lang='lat' dir='ltr'><strong>Sacrae</strong></span> <span class='ocrx_word' id='word_1_46' title='bbox 622 934 1154 1023; x_wconf 86' lang='lat' dir='ltr'><strong>Congregationis</strong></span> <span class='ocrx_word' id='word_1_47' title='bbox 1182 933 1443 1001; x_wconf 89' lang='lat' dir='ltr'><strong>concilii</strong></span> <span class='ocrx_word' id='word_1_48' title='bbox 1473 933 1566 1000; x_wconf 89' lang='lat' dir='ltr'><strong>sic</strong></span> <span class='ocrx_word' id='word_1_49' title='bbox 1591 932 1782 999; x_wconf 79' lang='lat' dir='ltr'><strong>refert</strong></span> <span class='ocrx_word' id='word_1_50' title='bbox 1799 929 1882 997; x_wconf 87' lang='lat' dir='ltr'><strong>ab</strong></span> <span class='ocrx_word' id='word_1_51' title='bbox 1912 930 2140 999; x_wconf 86' lang='lat' dir='ltr'><strong>eadem</strong></span> <span class='ocrx_word' id='word_1_52' title='bbox 2164 928 2668 1019; x_wconf 86' lang='lat' dir='ltr'><strong>Congregatione</strong></span> 
     </span>
     <span class='ocr_line' id='line_1_7' title="bbox 383 1034 2666 1127; baseline -0.004 -18"><span class='ocrx_word' id='word_1_53' title='bbox 383 1041 584 1109; x_wconf 79' lang='lat' dir='ltr'><strong>fuisse</strong></span> <span class='ocrx_word' id='word_1_54' title='bbox 633 1039 919 1107; x_wconf 88' lang='lat' dir='ltr'><strong>decisum</strong></span> <span class='ocrx_word' id='word_1_55' title='bbox 949 1062 967 1106; x_wconf 71' lang='grc' dir='ltr'><strong><em>ι</em></strong></span> <span class='ocrx_word' id='word_1_56' title='bbox 1040 1063 1076 1104; x_wconf 69' lang='grc' dir='ltr'>α</span> <span class='ocrx_word' id='word_1_57' title='bbox 1119 1038 1194 1106; x_wconf 90' lang='lat' dir='ltr'><strong>ln</strong></span> <span class='ocrx_word' id='word_1_58' title='bbox 1253 1037 1540 1120; x_wconf 78' lang='lat' dir='ltr'><strong>Oscensi,</strong></span> <span class='ocrx_word' id='word_1_59' title='bbox 1603 1034 1928 1127; x_wconf 87' lang='lat' dir='ltr'><strong>proposita</strong></span> <span class='ocrx_word' id='word_1_60' title='bbox 1981 1035 2103 1103; x_wconf 89' lang='lat' dir='ltr'><strong>sub</strong></span> <span class='ocrx_word' id='word_1_61' title='bbox 2161 1055 2454 1102; x_wconf 89' lang='lat' dir='ltr'><strong>mensem</strong></span> <span class='ocrx_word' id='word_1_62' title='bbox 2511 1039 2666 1102; x_wconf 87' lang='lat' dir='ltr'><strong>octo-</strong></span> 
     </span>
     <span class='ocr_line' id='line_1_8' title="bbox 394 1132 2666 1230; baseline -0.002 -19"><span class='ocrx_word' id='word_1_63' title='bbox 394 1174 430 1211; x_wconf 88' lang='lat'>«</span> <span class='ocrx_word' id='word_1_64' title='bbox 457 1147 591 1214; x_wconf 86' lang='lat' dir='ltr'><strong>bris</strong></span> <span class='ocrx_word' id='word_1_65' title='bbox 625 1145 823 1226; x_wconf 82' lang='lat'><strong>1585,</strong></span> <span class='ocrx_word' id='word_1_66' title='bbox 869 1145 957 1212; x_wconf 82' lang='lat' dir='ltr'><strong>ita</strong></span> <span class='ocrx_word' id='word_1_67' title='bbox 992 1132 1298 1213; x_wconf 79' lang='lat' dir='ltr'><strong>habetur:</strong></span> <span class='ocrx_word' id='word_1_68' title='bbox 1335 1144 1532 1211; x_wconf 88' lang='lat' dir='ltr'><strong>Alias</strong></span> <span class='ocrx_word' id='word_1_69' title='bbox 1564 1145 1778 1210; x_wconf 88' lang='lat' dir='ltr'><strong>Sacra</strong></span> <span class='ocrx_word' id='word_1_70' title='bbox 1830 1141 2302 1230; x_wconf 84' lang='lat' dir='ltr'><strong>Conqreqatio,</strong></span> <span class='ocrx_word' id='word_1_71' title='bbox 2352 1137 2449 1207; x_wconf 88' lang='lat' dir='ltr'><strong>ad</strong></span> <span class='ocrx_word' id='word_1_72' title='bbox 2476 1139 2666 1207; x_wconf 85' lang='lat' dir='ltr'><strong>inter-</strong></span> 
     </span>
     <span class='ocr_line' id='line_1_9' title="bbox 394 1248 2667 1345; baseline -0.001 -28"><span class='ocrx_word' id='word_1_73' title='bbox 394 1252 902 1345; x_wconf 75' lang='lat' dir='ltr'><strong>«pretationem</strong></span> <span class='ocrx_word' id='word_1_74' title='bbox 933 1249 1178 1319; x_wconf 81' lang='lat' dir='ltr'><strong>decreti</strong></span> <span class='ocrx_word' id='word_1_75' title='bbox 1206 1251 1457 1341; x_wconf 88' lang='lat' dir='ltr'><strong>capitis</strong></span> <span class='ocrx_word' id='word_1_76' title='bbox 1485 1251 1592 1333; x_wconf 89' lang='grc'><strong>18,</strong></span> <span class='ocrx_word' id='word_1_77' title='bbox 1625 1248 1922 1317; x_wconf 75' lang='lat' dir='ltr'><strong>sessionis</strong></span> <span class='ocrx_word' id='word_1_78' title='bbox 1953 1248 2068 1335; x_wconf 89' lang='grc'><strong>23,</strong></span> <span class='ocrx_word' id='word_1_79' title='bbox 2096 1248 2371 1330; x_wconf 87' lang='lat' dir='ltr'><strong>censuit,</strong></span> <span class='ocrx_word' id='word_1_80' title='bbox 2401 1248 2667 1338; x_wconf 90' lang='lat' dir='ltr'><strong>Episco-</strong></span> 
     </span>
     <span class='ocr_line' id='line_1_10' title="bbox 391 1355 2665 1451; baseline -0.002 -24"><span class='ocrx_word' id='word_1_81' title='bbox 391 1385 427 1426; x_wconf 78' lang='grc' dir='ltr'><strong>α</strong></span> <span class='ocrx_word' id='word_1_82' title='bbox 444 1383 617 1451; x_wconf 84' lang='lat' dir='ltr'><strong>pum</strong></span> <span class='ocrx_word' id='word_1_83' title='bbox 667 1363 1004 1427; x_wconf 88' lang='lat' dir='ltr'><strong>Oscensem</strong></span> <span class='ocrx_word' id='word_1_84' title='bbox 1056 1381 1208 1426; x_wconf 91' lang='lat' dir='ltr'><strong>cum</strong></span> <span class='ocrx_word' id='word_1_85' title='bbox 1237 1358 1518 1425; x_wconf 87' lang='lat' dir='ltr'><strong>consilio</strong></span> <span class='ocrx_word' id='word_1_86' title='bbox 1554 1356 2034 1448; x_wconf 82' lang='lat' dir='ltr'><strong>deputatorum</strong></span> <span class='ocrx_word' id='word_1_87' title='bbox 2066 1355 2299 1439; x_wconf 90' lang='lat' dir='ltr'><strong>teneri,</strong></span> <span class='ocrx_word' id='word_1_88' title='bbox 2333 1368 2478 1422; x_wconf 91' lang='lat' dir='ltr'><strong>tam</strong></span> <span class='ocrx_word' id='word_1_89' title='bbox 2506 1357 2665 1424; x_wconf 87' lang='lat' dir='ltr'><strong>circa</strong></span> 
     </span>
     <span class='ocr_line' id='line_1_11' title="bbox 393 1461 2665 1552; baseline -0.001 -22"><span class='ocrx_word' id='word_1_90' title='bbox 393 1463 976 1545; x_wconf 77' lang='lat' dir='ltr'><strong>«institutionem,</strong></span> <span class='ocrx_word' id='word_1_91' title='bbox 1022 1461 1449 1552; x_wconf 81' lang='lat' dir='ltr'><strong>disciplinam</strong></span> <span class='ocrx_word' id='word_1_92' title='bbox 1485 1473 1549 1529; x_wconf 89' lang='lat' dir='ltr'><strong>et</strong></span> <span class='ocrx_word' id='word_1_93' title='bbox 1578 1484 1791 1529; x_wconf 90' lang='lat' dir='ltr'><strong>mores</strong></span> <span class='ocrx_word' id='word_1_94' title='bbox 1821 1462 2227 1544; x_wconf 86' lang='lat' dir='ltr'><strong>clericorum,</strong></span> <span class='ocrx_word' id='word_1_95' title='bbox 2263 1483 2472 1550; x_wconf 89' lang='lat' dir='ltr'><strong>quam</strong></span> <span class='ocrx_word' id='word_1_96' title='bbox 2502 1461 2665 1528; x_wconf 85' lang='lat' dir='ltr'><strong>circa</strong></span> 
     </span>
     <span class='ocr_line' id='line_1_12' title="bbox 394 1566 2665 1662; baseline -0.003 -23"><span class='ocrx_word' id='word_1_97' title='bbox 394 1597 430 1638; x_wconf 83' lang='lat'>«</span> <span class='ocrx_word' id='word_1_98' title='bbox 461 1571 933 1662; x_wconf 82' lang='lat' dir='ltr'><strong>temporalium</strong></span> <span class='ocrx_word' id='word_1_99' title='bbox 985 1592 1211 1638; x_wconf 88' lang='lat' dir='ltr'><strong>rerum</strong></span> <span class='ocrx_word' id='word_1_100' title='bbox 1255 1568 1919 1637; x_wconf 82' lang='lat' dir='ltr'><strong>administrationem</strong></span> <span class='ocrx_word' id='word_1_101' title='bbox 1944 1566 2298 1659; x_wconf 89' lang='lat' dir='ltr'><strong>providere</strong></span> <span class='ocrx_word' id='word_1_102' title='bbox 2307 1588 2333 1648; x_wconf 89' lang='lat'><em>;</em></span> <span class='ocrx_word' id='word_1_103' title='bbox 2381 1567 2665 1656; x_wconf 79' lang='lat' dir='ltr'><strong>sufficere</strong></span> 
     </span>
     <span class='ocr_line' id='line_1_13' title="bbox 396 1672 2653 1766; baseline -0.002 -24"><span class='ocrx_word' id='word_1_104' title='bbox 396 1702 431 1742; x_wconf 89' lang='lat'>«</span> <span class='ocrx_word' id='word_1_105' title='bbox 459 1688 683 1744; x_wconf 89' lang='lat' dir='ltr'><strong>tamen</strong></span> <span class='ocrx_word' id='word_1_106' title='bbox 762 1674 941 1766; x_wconf 91' lang='lat' dir='ltr'><strong>quod</strong></span> <span class='ocrx_word' id='word_1_107' title='bbox 1007 1677 1385 1766; x_wconf 81' lang='lat' dir='ltr'><strong>Episcopus</strong></span> <span class='ocrx_word' id='word_1_108' title='bbox 1454 1672 1845 1764; x_wconf 73' lang='lat' dir='ltr'><strong>hujusmodi</strong></span> <span class='ocrx_word' id='word_1_109' title='bbox 1912 1673 2269 1742; x_wconf 86' lang='lat' dir='ltr'><strong>consilium</strong></span> <span class='ocrx_word' id='word_1_110' title='bbox 2356 1672 2653 1762; x_wconf 87' lang='lat' dir='ltr'><strong>requirat,</strong></span> 
     </span>
     <span class='ocr_line' id='line_1_14' title="bbox 395 1779 2662 1871; baseline 0 -26"><span class='ocrx_word' id='word_1_111' title='bbox 395 1807 430 1846; x_wconf 91' lang='lat'>«</span> <span class='ocrx_word' id='word_1_112' title='bbox 459 1804 811 1871; x_wconf 85' lang='lat' dir='ltr'><strong>eorumque</strong></span> <span class='ocrx_word' id='word_1_113' title='bbox 867 1782 1146 1849; x_wconf 88' lang='lat' dir='ltr'><strong>consilio</strong></span> <span class='ocrx_word' id='word_1_114' title='bbox 1203 1779 1509 1847; x_wconf 73' lang='lat' dir='ltr'><strong>adhibito</strong></span> <span class='ocrx_word' id='word_1_115' title='bbox 1558 1803 1757 1871; x_wconf 89' lang='lat' dir='ltr'><strong>posse</strong></span> <span class='ocrx_word' id='word_1_116' title='bbox 1813 1781 2230 1870; x_wconf 86' lang='lat' dir='ltr'><strong>Episcopum</strong></span> <span class='ocrx_word' id='word_1_117' title='bbox 2285 1791 2568 1847; x_wconf 83' lang='lat' dir='ltr'><strong>statuere</strong></span> <span class='ocrx_word' id='word_1_118' title='bbox 2607 1789 2662 1845; x_wconf 89' lang='lat' dir='ltr'><strong>et</strong></span> 
     </span>
     <span class='ocr_line' id='line_1_15' title="bbox 395 1883 2662 1978; baseline 0 -26"><span class='ocrx_word' id='word_1_119' title='bbox 395 1913 430 1952; x_wconf 87' lang='lat'>«</span> <span class='ocrx_word' id='word_1_120' title='bbox 456 1885 817 1955; x_wconf 85' lang='lat' dir='ltr'><strong>deliberare</strong></span> <span class='ocrx_word' id='word_1_121' title='bbox 857 1909 1005 1977; x_wconf 86' lang='lat' dir='ltr'><strong>quoe</strong></span> <span class='ocrx_word' id='word_1_122' title='bbox 1044 1909 1170 1976; x_wconf 89' lang='lat' dir='ltr'><strong>pro</strong></span> <span class='ocrx_word' id='word_1_123' title='bbox 1205 1883 1579 1976; x_wconf 87' lang='lat' dir='ltr'><strong>prudentia</strong></span> <span class='ocrx_word' id='word_1_124' title='bbox 1629 1908 1752 1954; x_wconf 92' lang='lat' dir='ltr'><strong>sua</strong></span> <span class='ocrx_word' id='word_1_125' title='bbox 1800 1887 2018 1978; x_wconf 85' lang='lat' dir='ltr'><strong>maqis</strong></span> <span class='ocrx_word' id='word_1_126' title='bbox 2067 1885 2374 1976; x_wconf 74' lang='lat' dir='ltr'><strong>expedire</strong></span> <span class='ocrx_word' id='word_1_127' title='bbox 2412 1884 2662 1977; x_wconf 84' lang='lat' dir='ltr'><strong>judica-</strong></span> 
     </span>
     <span class='ocr_line' id='line_1_16' title="bbox 395 1982 2259 2085; baseline 0.001 -26"><span class='ocrx_word' id='word_1_128' title='bbox 395 2019 431 2059; x_wconf 79' lang='lat'>«</span> <span class='ocrx_word' id='word_1_129' title='bbox 458 1994 778 2063; x_wconf 54' lang='lat' dir='ltr'><strong>verit....=.</strong></span> <span class='ocrx_word' id='word_1_130' title='bbox 807 1992 895 2062; x_wconf 88' lang='lat' dir='ltr'><strong>Ut</strong></span> <span class='ocrx_word' id='word_1_131' title='bbox 930 1994 997 2060; x_wconf 91' lang='lat' dir='ltr'><strong>in</strong></span> <span class='ocrx_word' id='word_1_132' title='bbox 1024 1994 1193 2061; x_wconf 90' lang='lat' dir='ltr'><strong>libro</strong></span> <span class='ocrx_word' id='word_1_133' title='bbox 1241 1992 1328 2062; x_wconf 82' lang='lat' dir='ltr'><strong>IV</strong></span> <span class='ocrx_word' id='word_1_134' title='bbox 1358 1993 1809 2073; x_wconf 88' lang='lat' dir='ltr'><strong>Decretorum‚</strong></span> <span class='ocrx_word' id='word_1_135' title='bbox 1842 1996 2083 2085; x_wconf 79' lang='lat' dir='ltr'><strong>pagina</strong></span> <span class='ocrx_word' id='word_1_136' title='bbox 2112 1994 2221 2062; x_wconf 79' lang='lat'><strong>84.</strong></span> <span class='ocrx_word' id='word_1_137' title='bbox 2254 1982 2259 1985; x_wconf 39' lang='lat'><strong><em>¹</em></strong></span> 
     </span>
     <span class='ocr_line' id='line_1_17' title="bbox 407 2097 2661 2189; baseline 0 -26"><span class='ocrx_word' id='word_1_138' title='bbox 407 2154 410 2155; x_wconf 12' lang='grc' dir='ltr'><em>γ</em></span> <span class='ocrx_word' id='word_1_139' title='bbox 483 2124 521 2164; x_wconf 88' lang='lat'>«</span> <span class='ocrx_word' id='word_1_140' title='bbox 548 2099 863 2179; x_wconf 80' lang='lat' dir='ltr'><strong>Quamvis</strong></span> <span class='ocrx_word' id='word_1_141' title='bbox 914 2105 1157 2183; x_wconf 84' lang='lat' dir='ltr'><strong>autem,</strong></span> <span class='ocrx_word' id='word_1_142' title='bbox 1201 2100 1289 2166; x_wconf 87' lang='lat' dir='ltr'><strong>ait</strong></span> <span class='ocrx_word' id='word_1_143' title='bbox 1324 2097 1598 2182; x_wconf 82' lang='lat' dir='ltr'><strong>Giraldi,</strong></span> <span class='ocrx_word' id='word_1_144' title='bbox 1638 2099 1998 2189; x_wconf 89' lang='lat' dir='ltr'><strong>Episcopus</strong></span> <span class='ocrx_word' id='word_1_145' title='bbox 2040 2100 2290 2167; x_wconf 86' lang='lat' dir='ltr'><strong>dictum</strong></span> <span class='ocrx_word' id='word_1_146' title='bbox 2321 2097 2661 2167; x_wconf 90' lang='lat' dir='ltr'><strong>consilium</strong></span> 
     </span>
     <span class='ocr_line' id='line_1_18' title="bbox 397 2203 2660 2295; baseline 0 -25"><span class='ocrx_word' id='word_1_147' title='bbox 397 2232 433 2270; x_wconf 70' lang='grc' dir='ltr'>ι</span> <span class='ocrx_word' id='word_1_148' title='bbox 460 2211 755 2274; x_wconf 80' lang='lat' dir='ltr'><strong>teneatur</strong></span> <span class='ocrx_word' id='word_1_149' title='bbox 796 2205 1127 2292; x_wconf 85' lang='lat' dir='ltr'><strong>adhibere,</strong></span> <span class='ocrx_word' id='word_1_150' title='bbox 1148 2227 1282 2272; x_wconf 90' lang='lat' dir='ltr'><strong>non</strong></span> <span class='ocrx_word' id='word_1_151' title='bbox 1317 2210 1537 2272; x_wconf 87' lang='lat' dir='ltr'><strong>tamen</strong></span> <span class='ocrx_word' id='word_1_152' title='bbox 1569 2206 1823 2294; x_wconf 87' lang='lat' dir='ltr'><strong>cogitur</strong></span> <span class='ocrx_word' id='word_1_153' title='bbox 1841 2206 2012 2274; x_wconf 88' lang='lat' dir='ltr'><strong>illud</strong></span> <span class='ocrx_word' id='word_1_154' title='bbox 2041 2205 2223 2295; x_wconf 89' lang='lat' dir='ltr'><strong>sequi</strong></span> <span class='ocrx_word' id='word_1_155' title='bbox 2253 2229 2271 2288; x_wconf 91' lang='lat'>;</span> <span class='ocrx_word' id='word_1_156' title='bbox 2298 2227 2419 2291; x_wconf 82' lang='lat' dir='ltr'><strong>nec</strong></span> <span class='ocrx_word' id='word_1_157' title='bbox 2445 2203 2516 2271; x_wconf 92' lang='lat' dir='ltr'><strong>hi</strong></span> <span class='ocrx_word' id='word_1_158' title='bbox 2543 2204 2660 2271; x_wconf 89' lang='lat' dir='ltr'><strong>duo</strong></span> 
     </span>
     <span class='ocr_line' id='line_1_19' title="bbox 399 2311 2662 2402; baseline 0 -28"><span class='ocrx_word' id='word_1_159' title='bbox 399 2336 433 2374; x_wconf 89' lang='lat'>«</span> <span class='ocrx_word' id='word_1_160' title='bbox 458 2313 755 2380; x_wconf 87' lang='lat' dir='ltr'><strong>canonici</strong></span> <span class='ocrx_word' id='word_1_161' title='bbox 781 2312 1144 2401; x_wconf 88' lang='lat' dir='ltr'><strong>quidquam</strong></span> <span class='ocrx_word' id='word_1_162' title='bbox 1156 2312 1329 2402; x_wconf 76' lang='lat' dir='ltr'><strong>Juris</strong></span> <span class='ocrx_word' id='word_1_163' title='bbox 1350 2312 1594 2380; x_wconf 89' lang='lat' dir='ltr'><strong>habent</strong></span> <span class='ocrx_word' id='word_1_164' title='bbox 1615 2313 1687 2378; x_wconf 94' lang='lat' dir='ltr'><strong>in</strong></span> <span class='ocrx_word' id='word_1_165' title='bbox 1707 2311 2061 2380; x_wconf 82' lang='lat' dir='ltr'><strong>directione</strong></span> <span class='ocrx_word' id='word_1_166' title='bbox 2084 2311 2417 2380; x_wconf 87' lang='lat' dir='ltr'><strong>seminarii</strong></span> <span class='ocrx_word' id='word_1_167' title='bbox 2438 2311 2662 2398; x_wconf 87' lang='lat' dir='ltr'><strong>absque</strong></span> 
     </span>
     <span class='ocr_line' id='line_1_20' title="bbox 399 2414 2664 2507; baseline 0.001 -28"><span class='ocrx_word' id='word_1_168' title='bbox 399 2417 780 2507; x_wconf 89' lang='lat' dir='ltr'><strong>«Episcopo</strong></span> <span class='ocrx_word' id='word_1_169' title='bbox 827 2417 929 2483; x_wconf 85' lang='lat' dir='ltr'><strong>vel</strong></span> <span class='ocrx_word' id='word_1_170' title='bbox 967 2419 1109 2506; x_wconf 90' lang='lat' dir='ltr'><strong>ejus</strong></span> <span class='ocrx_word' id='word_1_171' title='bbox 1156 2418 1429 2503; x_wconf 82' lang='lat' dir='ltr'><strong>vicari03</strong></span> <span class='ocrx_word' id='word_1_172' title='bbox 1459 2424 1534 2483; x_wconf 88' lang='lat' dir='ltr'><strong>ut</strong></span> <span class='ocrx_word' id='word_1_173' title='bbox 1578 2438 1652 2483; x_wconf 90' lang='lat' dir='ltr'><strong>ex</strong></span> <span class='ocrx_word' id='word_1_174' title='bbox 1681 2416 1973 2506; x_wconf 78' lang='lat' dir='ltr'><strong>sequenti</strong></span> <span class='ocrx_word' id='word_1_175' title='bbox 2011 2417 2263 2483; x_wconf 88' lang='lat' dir='ltr'><strong>decreto</strong></span> <span class='ocrx_word' id='word_1_176' title='bbox 2297 2416 2480 2484; x_wconf 81' lang='lat' dir='ltr'><strong>dictae</strong></span> <span class='ocrx_word' id='word_1_177' title='bbox 2508 2414 2664 2482; x_wconf 89' lang='lat' dir='ltr'><strong>Con-</strong></span> 
     </span>
     <span class='ocr_line' id='line_1_21' title="bbox 396 2522 2662 2610; baseline 0.001 -26"><span class='ocrx_word' id='word_1_178' title='bbox 396 2547 432 2585; x_wconf 86' lang='lat'>«</span> <span class='ocrx_word' id='word_1_179' title='bbox 459 2524 850 2610; x_wconf 84' lang='lat' dir='ltr'><strong>gregationis</strong></span> <span class='ocrx_word' id='word_1_180' title='bbox 884 2523 978 2609; x_wconf 92' lang='lat' dir='ltr'><strong>(in</strong></span> <span class='ocrx_word' id='word_1_181' title='bbox 1004 2522 1446 2608; x_wconf 84' lang='lat' dir='ltr'><strong>Ariminensi,</strong></span> <span class='ocrx_word' id='word_1_182' title='bbox 1488 2523 1571 2590; x_wconf 83' lang='lat'><strong>16</strong></span> <span class='ocrx_word' id='word_1_183' title='bbox 1596 2523 1905 2590; x_wconf 86' lang='lat' dir='ltr'><strong>februarii</strong></span> <span class='ocrx_word' id='word_1_184' title='bbox 1936 2522 2146 2592; x_wconf 85' lang='lat'>1689:</span> <span class='ocrx_word' id='word_1_185' title='bbox 2186 2526 2355 2590; x_wconf 86' lang='lat' dir='ltr'><strong>Item</strong></span> <span class='ocrx_word' id='word_1_186' title='bbox 2390 2544 2662 2609; x_wconf 88' lang='lat' dir='ltr'><strong>respon-</strong></span> 
     </span>
     <span class='ocr_line' id='line_1_22' title="bbox 398 2624 2651 2718; baseline 0 -28"><span class='ocrx_word' id='word_1_187' title='bbox 398 2652 432 2690; x_wconf 81' lang='lat'>«</span> <span class='ocrx_word' id='word_1_188' title='bbox 459 2624 601 2693; x_wconf 86' lang='lat' dir='ltr'><strong>dit:</strong></span> <span class='ocrx_word' id='word_1_189' title='bbox 635 2624 799 2693; x_wconf 93' lang='lat' dir='ltr'><strong>duos</strong></span> <span class='ocrx_word' id='word_1_190' title='bbox 832 2628 1184 2693; x_wconf 88' lang='lat' dir='ltr'><strong>canonicos</strong></span> <span class='ocrx_word' id='word_1_191' title='bbox 1235 2628 1322 2694; x_wconf 85' lang='lat' dir='ltr'><strong>ab</strong></span> <span class='ocrx_word' id='word_1_192' title='bbox 1372 2629 1706 2718; x_wconf 87' lang='lat' dir='ltr'><strong>Episcopo</strong></span> <span class='ocrx_word' id='word_1_193' title='bbox 1753 2628 1986 2696; x_wconf 91' lang='lat' dir='ltr'><strong>electos</strong></span> <span class='ocrx_word' id='word_1_194' title='bbox 2023 2628 2116 2695; x_wconf 92' lang='lat' dir='ltr'><strong>ad</strong></span> <span class='ocrx_word' id='word_1_195' title='bbox 2161 2628 2435 2717; x_wconf 80' lang='lat' dir='ltr'><strong>reqimen</strong></span> <span class='ocrx_word' id='word_1_196' title='bbox 2466 2625 2651 2692; x_wconf 86' lang='lat' dir='ltr'><strong>semi-</strong></span> 
     </span>
     <span class='ocr_line' id='line_1_23' title="bbox 398 2730 2655 2824; baseline -0.001 -26"><span class='ocrx_word' id='word_1_197' title='bbox 398 2758 432 2799; x_wconf 89' lang='lat'>«</span> <span class='ocrx_word' id='word_1_198' title='bbox 457 2731 641 2800; x_wconf 91' lang='lat' dir='ltr'><strong>narii</strong></span> <span class='ocrx_word' id='word_1_199' title='bbox 668 2730 1223 2814; x_wconf 86' lang='lat' dir='ltr'><strong>constituendum,</strong></span> <span class='ocrx_word' id='word_1_200' title='bbox 1250 2755 1457 2822; x_wconf 90' lang='lat' dir='ltr'><strong>neque</strong></span> <span class='ocrx_word' id='word_1_201' title='bbox 1485 2734 1555 2800; x_wconf 90' lang='lat' dir='ltr'><strong>in</strong></span> <span class='ocrx_word' id='word_1_202' title='bbox 1579 2734 1948 2824; x_wconf 65' lang='lat' dir='ltr'><strong>vreceptione</strong></span> <span class='ocrx_word' id='word_1_203' title='bbox 1974 2735 2424 2812; x_wconf 85' lang='lat' dir='ltr'><strong>alumnorum,</strong></span> <span class='ocrx_word' id='word_1_204' title='bbox 2452 2751 2655 2820; x_wconf 90' lang='lat' dir='ltr'><strong>neque</strong></span> 
     </span>
     <span class='ocr_line' id='line_1_24' title="bbox 400 2836 2661 2930; baseline -0 -26"><span class='ocrx_word' id='word_1_205' title='bbox 400 2866 433 2904; x_wconf 91' lang='lat'>«</span> <span class='ocrx_word' id='word_1_206' title='bbox 463 2840 535 2907; x_wconf 91' lang='lat' dir='ltr'><strong>in</strong></span> <span class='ocrx_word' id='word_1_207' title='bbox 576 2861 802 2907; x_wconf 88' lang='lat' dir='ltr'><strong>eorum</strong></span> <span class='ocrx_word' id='word_1_208' title='bbox 843 2839 1179 2928; x_wconf 81' lang='lat' dir='ltr'><strong>ejectione,</strong></span> <span class='ocrx_word' id='word_1_209' title='bbox 1198 2839 1422 2905; x_wconf 87' lang='lat' dir='ltr'><strong>aliave</strong></span> <span class='ocrx_word' id='word_1_210' title='bbox 1443 2862 1515 2906; x_wconf 91' lang='lat' dir='ltr'><strong>re</strong></span> <span class='ocrx_word' id='word_1_211' title='bbox 1539 2839 1631 2907; x_wconf 90' lang='lat' dir='ltr'><strong>ad</strong></span> <span class='ocrx_word' id='word_1_212' title='bbox 1645 2840 1847 2930; x_wconf 90' lang='lat' dir='ltr'><strong>ipsius</strong></span> <span class='ocrx_word' id='word_1_213' title='bbox 1872 2840 2217 2908; x_wconf 90' lang='lat' dir='ltr'><strong>seminarii</strong></span> <span class='ocrx_word' id='word_1_214' title='bbox 2253 2836 2661 2905; x_wconf 86' lang='lat' dir='ltr'><strong>directionem</strong></span> 
     </span>
     <span class='ocr_line' id='line_1_25' title="bbox 395 2931 2661 3037; baseline -0.001 -26"><span class='ocrx_word' id='word_1_215' title='bbox 395 2971 432 3011; x_wconf 72' lang='grc' dir='ltr'><strong>α</strong></span> <span class='ocrx_word' id='word_1_216' title='bbox 461 2957 823 3037; x_wconf 85' lang='lat' dir='ltr'><strong>spectante,</strong></span> <span class='ocrx_word' id='word_1_217' title='bbox 871 2931 1236 3035; x_wconf 77' lang='lat' dir='ltr'><strong>quidquam</strong></span> <span class='ocrx_word' id='word_1_218' title='bbox 1280 2968 1456 3013; x_wconf 82' lang='lat' dir='ltr'><strong>curce</strong></span> <span class='ocrx_word' id='word_1_219' title='bbox 1512 2946 1771 3032; x_wconf 71' lang='lat' dir='ltr'><strong>habere,</strong></span> <span class='ocrx_word' id='word_1_220' title='bbox 1805 2960 1927 3015; x_wconf 91' lang='lat' dir='ltr'><strong>aut</strong></span> <span class='ocrx_word' id='word_1_221' title='bbox 1952 2947 2088 3015; x_wconf 86' lang='lat' dir='ltr'><strong>sibi</strong></span> <span class='ocrx_word' id='word_1_222' title='bbox 2123 2945 2466 3013; x_wconf 85' lang='lat' dir='ltr'><strong>vindicare</strong></span> <span class='ocrx_word' id='word_1_223' title='bbox 2481 2964 2661 3034; x_wconf 88' lang='lat' dir='ltr'><strong>posse</strong></span> 
     </span>
     <span class='ocr_line' id='line_1_26' title="bbox 398 3048 2659 3142; baseline 0 -26"><span class='ocrx_word' id='word_1_224' title='bbox 398 3078 434 3117; x_wconf 86' lang='lat'>«</span> <span class='ocrx_word' id='word_1_225' title='bbox 461 3051 706 3141; x_wconf 84' lang='lat' dir='ltr'><strong>absque</strong></span> <span class='ocrx_word' id='word_1_226' title='bbox 735 3051 1068 3142; x_wconf 89' lang='lat' dir='ltr'><strong>Episcopo</strong></span> <span class='ocrx_word' id='word_1_227' title='bbox 1095 3052 1201 3118; x_wconf 68' lang='lat' dir='ltr'><strong>vel</strong></span> <span class='ocrx_word' id='word_1_228' title='bbox 1221 3053 1365 3142; x_wconf 87' lang='lat' dir='ltr'><strong>ejus</strong></span> <span class='ocrx_word' id='word_1_229' title='bbox 1384 3052 1676 3130; x_wconf 76' lang='lat' dir='ltr'><strong>vicari05</strong></span> <span class='ocrx_word' id='word_1_230' title='bbox 1706 3048 1820 3120; x_wconf 88' lang='lat' dir='ltr'><strong>sed</strong></span> <span class='ocrx_word' id='word_1_231' title='bbox 1846 3064 2121 3121; x_wconf 88' lang='lat' dir='ltr'><strong>tantum</strong></span> <span class='ocrx_word' id='word_1_232' title='bbox 2146 3052 2375 3120; x_wconf 88' lang='lat' dir='ltr'><strong>debere</strong></span> <span class='ocrx_word' id='word_1_233' title='bbox 2392 3052 2659 3141; x_wconf 87' lang='lat' dir='ltr'><strong>Episco-</strong></span> 
     </span>
     <span class='ocr_line' id='line_1_27' title="bbox 398 3156 2657 3250; baseline 0.001 -30"><span class='ocrx_word' id='word_1_234' title='bbox 398 3181 432 3220; x_wconf 89' lang='lat'>«</span> <span class='ocrx_word' id='word_1_235' title='bbox 454 3179 625 3247; x_wconf 89' lang='lat' dir='ltr'><strong>pum</strong></span> <span class='ocrx_word' id='word_1_236' title='bbox 648 3156 754 3223; x_wconf 83' lang='lat' dir='ltr'><strong>vel</strong></span> <span class='ocrx_word' id='word_1_237' title='bbox 776 3156 911 3245; x_wconf 86' lang='lat' dir='ltr'><strong>ejus</strong></span> <span class='ocrx_word' id='word_1_238' title='bbox 940 3156 1293 3239; x_wconf 86' lang='lat' dir='ltr'><strong>vicarium,</strong></span> <span class='ocrx_word' id='word_1_239' title='bbox 1326 3158 1403 3224; x_wconf 88' lang='lat' dir='ltr'><strong>in</strong></span> <span class='ocrx_word' id='word_1_240' title='bbox 1428 3158 1759 3249; x_wconf 84' lang='lat' dir='ltr'><strong>ejusmodi</strong></span> <span class='ocrx_word' id='word_1_241' title='bbox 1779 3160 1969 3227; x_wconf 87' lang='lat' dir='ltr'><strong>rebus</strong></span> <span class='ocrx_word' id='word_1_242' title='bbox 2003 3160 2303 3250; x_wconf 91' lang='lat' dir='ltr'><strong>ipsorum</strong></span> <span class='ocrx_word' id='word_1_243' title='bbox 2327 3158 2657 3226; x_wconf 87' lang='lat' dir='ltr'><strong>consilium</strong></span> 
     </span>
     <span class='ocr_line' id='line_1_28' title="bbox 400 3262 2659 3357; baseline 0.001 -31"><span class='ocrx_word' id='word_1_244' title='bbox 400 3286 436 3326; x_wconf 73' lang='grc' dir='ltr'><strong>ι(</strong></span> <span class='ocrx_word' id='word_1_245' title='bbox 458 3262 808 3351; x_wconf 71' lang='lat' dir='ltr'><strong>requirere,</strong></span> <span class='ocrx_word' id='word_1_246' title='bbox 842 3263 994 3331; x_wconf 87' lang='lat' dir='ltr'><strong>licet</strong></span> <span class='ocrx_word' id='word_1_247' title='bbox 1022 3263 1209 3331; x_wconf 91' lang='lat' dir='ltr'><strong>illud</strong></span> <span class='ocrx_word' id='word_1_248' title='bbox 1227 3265 1409 3352; x_wconf 88' lang='lat' dir='ltr'><strong>sequi</strong></span> <span class='ocrx_word' id='word_1_249' title='bbox 1430 3288 1570 3331; x_wconf 90' lang='lat' dir='ltr'><strong>non</strong></span> <span class='ocrx_word' id='word_1_250' title='bbox 1601 3276 1925 3332; x_wconf 89' lang='lat' dir='ltr'><strong>teneatur.</strong></span> <span class='ocrx_word' id='word_1_251' title='bbox 1965 3291 2000 3331; x_wconf 87' lang='lat'>»</span> <span class='ocrx_word' id='word_1_252' title='bbox 2037 3265 2333 3357; x_wconf 87' lang='lat' dir='ltr'><strong>(Giraldi,</strong></span> <span class='ocrx_word' id='word_1_253' title='bbox 2366 3268 2485 3331; x_wconf 89' lang='lat' dir='ltr'><strong>Jus</strong></span> <span class='ocrx_word' id='word_1_254' title='bbox 2501 3283 2659 3353; x_wconf 84' lang='lat' dir='ltr'><strong>pon·</strong></span> 
     </span>
     <span class='ocr_line' id='line_1_29' title="bbox 393 3364 2655 3458; baseline -0 -23"><span class='ocrx_word' id='word_1_255' title='bbox 393 3367 706 3458; x_wconf 80' lang='lat' dir='ltr'><strong>tificium,</strong></span> <span class='ocrx_word' id='word_1_256' title='bbox 740 3375 922 3457; x_wconf 85' lang='lat' dir='ltr'><strong>parte</strong></span> <span class='ocrx_word' id='word_1_257' title='bbox 962 3393 1035 3447; x_wconf 89' lang='lat'><strong>11,</strong></span> <span class='ocrx_word' id='word_1_258' title='bbox 1070 3376 1224 3437; x_wconf 89' lang='lat' dir='ltr'><strong>sect.</strong></span> <span class='ocrx_word' id='word_1_259' title='bbox 1263 3370 1414 3453; x_wconf 87' lang='grc'><strong>109,</strong></span> <span class='ocrx_word' id='word_1_260' title='bbox 1449 3375 1496 3438; x_wconf 87' lang='grc'><strong>1.</strong></span> <span class='ocrx_word' id='word_1_261' title='bbox 1533 3370 1644 3455; x_wconf 88' lang='grc' dir='ltr'><strong>ΙΙΙ,</strong></span> <span class='ocrx_word' id='word_1_262' title='bbox 1678 3396 1741 3457; x_wconf 86' lang='lat' dir='ltr'><strong>p.</strong></span> <span class='ocrx_word' id='word_1_263' title='bbox 1787 3371 1947 3456; x_wconf 86' lang='grc'><strong>983,</strong></span> <span class='ocrx_word' id='word_1_264' title='bbox 1967 3372 2121 3440; x_wconf 88' lang='lat' dir='ltr'><strong>edit.</strong></span> <span class='ocrx_word' id='word_1_265' title='bbox 2152 3372 2412 3456; x_wconf 82' lang='lat' dir='ltr'><strong>Romae,</strong></span> <span class='ocrx_word' id='word_1_266' title='bbox 2448 3364 2655 3456; x_wconf 88' lang='grc'><strong>1769.)</strong></span> 
     </span>
    </p>

    <p class='ocr_par' dir='ltr' id='par_1_4' title="bbox 388 3472 2651 3751">
     <span class='ocr_line' id='line_1_30' title="bbox 474 3472 2651 3564; baseline 0.002 -25"><span class='ocrx_word' id='word_1_267' title='bbox 474 3472 656 3540; x_wconf 88' lang='lat' dir='ltr'><strong>Hanc</strong></span> <span class='ocrx_word' id='word_1_268' title='bbox 679 3481 986 3563; x_wconf 86' lang='lat' dir='ltr'><strong>praeterea</strong></span> <span class='ocrx_word' id='word_1_269' title='bbox 1012 3477 1250 3542; x_wconf 87' lang='lat' dir='ltr'><strong>thesim</strong></span> <span class='ocrx_word' id='word_1_270' title='bbox 1286 3484 1598 3564; x_wconf 86' lang='lat' dir='ltr'><strong>tanquam</strong></span> <span class='ocrx_word' id='word_1_271' title='bbox 1622 3480 1894 3546; x_wconf 90' lang='lat' dir='ltr'><strong>omnino</strong></span> <span class='ocrx_word' id='word_1_272' title='bbox 1924 3485 2167 3547; x_wconf 87' lang='lat' dir='ltr'><strong>certam</strong></span> <span class='ocrx_word' id='word_1_273' title='bbox 2201 3479 2465 3546; x_wconf 87' lang='lat' dir='ltr'><strong>tradunt</strong></span> <span class='ocrx_word' id='word_1_274' title='bbox 2494 3496 2651 3545; x_wconf 84' lang='lat' dir='ltr'><strong>una-</strong></span> 
     </span>
     <span class='ocr_line' id='line_1_31' title="bbox 388 3578 2651 3676; baseline -0 -28"><span class='ocrx_word' id='word_1_275' title='bbox 388 3578 652 3648; x_wconf 84' lang='lat' dir='ltr'><strong>nimiter</strong></span> <span class='ocrx_word' id='word_1_276' title='bbox 691 3583 1075 3665; x_wconf 83' lang='lat' dir='ltr'><strong>canonistae3</strong></span> <span class='ocrx_word' id='word_1_277' title='bbox 1121 3582 1295 3649; x_wconf 92' lang='lat' dir='ltr'><strong>unde</strong></span> <span class='ocrx_word' id='word_1_278' title='bbox 1337 3582 1570 3651; x_wconf 87' lang='lat' dir='ltr'><strong>inutile</strong></span> <span class='ocrx_word' id='word_1_279' title='bbox 1617 3592 1779 3652; x_wconf 89' lang='lat' dir='ltr'><strong>esset</strong></span> <span class='ocrx_word' id='word_1_280' title='bbox 1825 3585 2129 3653; x_wconf 89' lang='lat' dir='ltr'><strong>diutius</strong></span> <span class='ocrx_word' id='word_1_281' title='bbox 2111 3608 2182 3652; x_wconf 92' lang='lat' dir='ltr'><strong>1n</strong></span> <span class='ocrx_word' id='word_1_282' title='bbox 2222 3607 2296 3653; x_wconf 91' lang='lat' dir='ltr'><strong>ea</strong></span> <span class='ocrx_word' id='word_1_283' title='bbox 2343 3580 2651 3676; x_wconf 82' lang='lat' dir='ltr'><strong>probanda</strong></span> 
     </span>
     <span class='ocr_line' id='line_1_32' title="bbox 388 3683 754 3751; baseline -0.003 0"><span class='ocrx_word' id='word_1_284' title='bbox 388 3683 754 3751; x_wconf 87' lang='lat' dir='ltr'><strong>immorari.</strong></span> 
     </span>
    </p>

    <p class='ocr_par' dir='ltr' id='par_1_5' title="bbox 383 3788 2664 4519">
     <span class='ocr_line' id='line_1_33' title="bbox 474 3788 2656 3886; baseline 0.001 -30"><span class='ocrx_word' id='word_1_285' title='bbox 474 3788 559 3857; x_wconf 88' lang='lat' dir='ltr'><strong>V.</strong></span> <span class='ocrx_word' id='word_1_286' title='bbox 602 3791 924 3869; x_wconf 67' lang='lat' dir='ltr'><strong>Quaenam</strong></span> <span class='ocrx_word' id='word_1_287' title='bbox 940 3790 1333 3879; x_wconf 90' lang='lat' dir='ltr'><strong>pertineant</strong></span> <span class='ocrx_word' id='word_1_288' title='bbox 1375 3792 1470 3859; x_wconf 91' lang='lat' dir='ltr'><strong>ad</strong></span> <span class='ocrx_word' id='word_1_289' title='bbox 1496 3795 2025 3863; x_wconf 88' lang='lat' dir='ltr'><strong>commissionem</strong></span> <span class='ocrx_word' id='word_1_290' title='bbox 2056 3818 2190 3886; x_wconf 92' lang='lat' dir='ltr'><strong>pro</strong></span> <span class='ocrx_word' id='word_1_291' title='bbox 2229 3795 2656 3863; x_wconf 87' lang='lat' dir='ltr'><strong>administra-</strong></span> 
     </span>
     <span class='ocr_line' id='line_1_34' title="bbox 389 3894 2660 3992; baseline 0.004 -33"><span class='ocrx_word' id='word_1_292' title='bbox 389 3894 570 3961; x_wconf 90' lang='lat' dir='ltr'><strong>tione</strong></span> <span class='ocrx_word' id='word_1_293' title='bbox 597 3895 958 3984; x_wconf 88' lang='lat' dir='ltr'><strong>spirituali</strong></span> <span class='ocrx_word' id='word_1_294' title='bbox 997 3895 1388 3964; x_wconf 87' lang='lat' dir='ltr'><strong>institutam</strong></span> <span class='ocrx_word' id='word_1_295' title='bbox 1404 3903 1439 3964; x_wconf 69' lang='lat' dir='ltr'><em>P</em></span> <span class='ocrx_word' id='word_1_296' title='bbox 1473 3938 1566 3949; x_wconf 94' lang='lat'><strong>—</strong></span> <span class='ocrx_word' id='word_1_297' title='bbox 1590 3900 1684 3966; x_wconf 86' lang='lat' dir='ltr'><strong>Ex</strong></span> <span class='ocrx_word' id='word_1_298' title='bbox 1715 3902 1988 3992; x_wconf 90' lang='lat' dir='ltr'><strong>ipsomet</strong></span> <span class='ocrx_word' id='word_1_299' title='bbox 2011 3907 2181 3970; x_wconf 87' lang='lat' dir='ltr'><strong>textu</strong></span> <span class='ocrx_word' id='word_1_300' title='bbox 2206 3902 2369 3991; x_wconf 86' lang='lat' dir='ltr'><strong>legis</strong></span> <span class='ocrx_word' id='word_1_301' title='bbox 2400 3902 2660 3971; x_wconf 90' lang='lat' dir='ltr'><strong>Triden-</strong></span> 
     </span>
     <span class='ocr_line' id='line_1_35' title="bbox 384 3998 2663 4095; baseline 0.005 -32"><span class='ocrx_word' id='word_1_302' title='bbox 384 3998 561 4063; x_wconf 78' lang='lat' dir='ltr'><strong>tinae.</strong></span> <span class='ocrx_word' id='word_1_303' title='bbox 614 4037 704 4048; x_wconf 93' lang='lat'>—</span> <span class='ocrx_word' id='word_1_304' title='bbox 750 4000 1218 4069; x_wconf 87' lang='lat' dir='ltr'><strong>Attributiones</strong></span> <span class='ocrx_word' id='word_1_305' title='bbox 1266 4002 1461 4091; x_wconf 89' lang='lat' dir='ltr'><strong>hujus</strong></span> <span class='ocrx_word' id='word_1_306' title='bbox 1517 4007 1995 4086; x_wconf 79' lang='lat' dir='ltr'><strong>commissionis</strong></span> <span class='ocrx_word' id='word_1_307' title='bbox 2041 4008 2429 4095; x_wconf 83' lang='lat' dir='ltr'><strong>generaliori</strong></span> <span class='ocrx_word' id='word_1_308' title='bbox 2482 4006 2663 4077; x_wconf 88' lang='lat' dir='ltr'><strong>modo</strong></span> 
     </span>
     <span class='ocr_line' id='line_1_36' title="bbox 384 4106 2658 4194; baseline 0.004 -24"><span class='ocrx_word' id='word_1_309' title='bbox 384 4108 771 4189; x_wconf 87' lang='lat' dir='ltr'><strong>expresserat</strong></span> <span class='ocrx_word' id='word_1_310' title='bbox 790 4107 1144 4194; x_wconf 87' lang='lat' dir='ltr'><strong>ipsummet</strong></span> <span class='ocrx_word' id='word_1_311' title='bbox 1164 4106 1625 4176; x_wconf 81' lang='lat' dir='ltr'><strong>Tridentinum</strong></span> <span class='ocrx_word' id='word_1_312' title='bbox 1648 4109 2004 4192; x_wconf 88' lang='lat' dir='ltr'><strong>decretum,</strong></span> <span class='ocrx_word' id='word_1_313' title='bbox 2027 4112 2130 4179; x_wconf 92' lang='lat' dir='ltr'><strong>his</strong></span> <span class='ocrx_word' id='word_1_314' title='bbox 2153 4112 2395 4181; x_wconf 88' lang='lat' dir='ltr'><strong>scilicet</strong></span> <span class='ocrx_word' id='word_1_315' title='bbox 2419 4115 2658 4182; x_wconf 86' lang='lat' dir='ltr'><strong>verbis.</strong></span> 
     </span>
     <span class='ocr_line' id='line_1_37' title="bbox 390 4205 2664 4336; baseline 0.005 -63"><span class='ocrx_word' id='word_1_316' title='bbox 390 4209 555 4290; x_wconf 86' lang='lat' dir='ltr'><strong>Quoe</strong></span> <span class='ocrx_word' id='word_1_317' title='bbox 590 4205 821 4279; x_wconf 87' lang='lat' dir='ltr'><strong>omnia</strong></span> <span class='ocrx_word' id='word_1_318' title='bbox 857 4218 1058 4295; x_wconf 89' lang='lat' dir='ltr'><strong>atque</strong></span> <span class='ocrx_word' id='word_1_319' title='bbox 1084 4212 1226 4281; x_wconf 92' lang='lat' dir='ltr'><strong>alia</strong></span> <span class='ocrx_word' id='word_1_320' title='bbox 1269 4212 1362 4281; x_wconf 90' lang='lat' dir='ltr'><strong>ad</strong></span> <span class='ocrx_word' id='word_1_321' title='bbox 1390 4213 1565 4282; x_wconf 76' lang='lat' dir='ltr'><strong>hanc</strong></span> <span class='ocrx_word' id='word_1_322' title='bbox 1603 4238 1741 4283; x_wconf 91' lang='lat' dir='ltr'><strong>rem</strong></span> <span class='ocrx_word' id='word_1_323' title='bbox 1784 4230 2162 4336; x_wconf 82' lang='lat' dir='ltr'><strong>opportuna</strong></span> <span class='ocrx_word' id='word_1_324' title='bbox 2201 4229 2267 4285; x_wconf 91' lang='lat' dir='ltr'><strong>et</strong></span> <span class='ocrx_word' id='word_1_325' title='bbox 2305 4219 2664 4287; x_wconf 88' lang='lat' dir='ltr'><strong>necessaria</strong></span> 
     </span>
     <span class='ocr_line' id='line_1_38' title="bbox 383 4307 2663 4412; baseline 0.003 -30"><span class='ocrx_word' id='word_1_326' title='bbox 383 4307 708 4404; x_wconf 89' lang='lat' dir='ltr'><strong>Episcopi</strong></span> <span class='ocrx_word' id='word_1_327' title='bbox 751 4308 1013 4397; x_wconf 82' lang='lat' dir='ltr'><strong>sinquli</strong></span> <span class='ocrx_word' id='word_1_328' title='bbox 1056 4336 1209 4383; x_wconf 88' lang='lat' dir='ltr'><strong>cum</strong></span> <span class='ocrx_word' id='word_1_329' title='bbox 1254 4320 1538 4387; x_wconf 91' lang='lat' dir='ltr'><strong>consilio</strong></span> <span class='ocrx_word' id='word_1_330' title='bbox 1585 4319 1874 4389; x_wconf 89' lang='lat' dir='ltr'><strong>duorum</strong></span> <span class='ocrx_word' id='word_1_331' title='bbox 1919 4323 2383 4412; x_wconf 88' lang='lat' dir='ltr'><strong>canonicorum</strong></span> <span class='ocrx_word' id='word_1_332' title='bbox 2434 4336 2663 4393; x_wconf 73' lang='lat' dir='ltr'><strong>consti-</strong></span> 
     </span>
     <span class='ocr_line' id='line_1_39' title="bbox 388 4414 2657 4519; baseline 0.005 -34"><span class='ocrx_word' id='word_1_333' title='bbox 388 4429 597 4485; x_wconf 82' lang='lat' dir='ltr'><strong>tuent.</strong></span> <span class='ocrx_word' id='word_1_334' title='bbox 630 4414 805 4481; x_wconf 87' lang='lat' dir='ltr'><strong>Dum</strong></span> <span class='ocrx_word' id='word_1_335' title='bbox 844 4420 1063 4479; x_wconf 82' lang='lat' dir='ltr'><strong>sancta</strong></span> <span class='ocrx_word' id='word_1_336' title='bbox 1095 4422 1379 4502; x_wconf 77' lang='lat' dir='ltr'><strong>synodus</strong></span> <span class='ocrx_word' id='word_1_337' title='bbox 1411 4425 1606 4493; x_wconf 87' lang='lat' dir='ltr'><strong>dicit.</strong></span> <span class='ocrx_word' id='word_1_338' title='bbox 1653 4448 1800 4515; x_wconf 84' lang='lat' dir='ltr'><strong>quoe</strong></span> <span class='ocrx_word' id='word_1_339' title='bbox 1829 4430 2088 4512; x_wconf 89' lang='lat' dir='ltr'><strong>omnia,</strong></span> <span class='ocrx_word' id='word_1_340' title='bbox 2129 4431 2326 4519; x_wconf 90' lang='lat' dir='ltr'><strong>hujus</strong></span> <span class='ocrx_word' id='word_1_341' title='bbox 2355 4431 2657 4498; x_wconf 88' lang='lat' dir='ltr'><strong>commis-</strong></span> 
     </span>
    </p>
   </div>
  </div>
 </body>
</html>
