2930 4982
318 357 355 413 3
373 361 389 409 t
408 356 443 409 8
1288 352 1632 399 inermus

325 510 363 551 α
389 484 550 552 dum
581 479 834 548 videtur
860 482 1181 566 quatenus
1209 479 1559 542 concurrat
1585 472 1895 564 obligatio
1920 494 1994 543 ex
2024 473 2493 543 consuetudine
2517 475 2617 542 vel

328 619 364 657 a
388 593 620 659 statuto
674 585 947 654 canendi
997 584 1171 650 hanc
1221 582 1511 648 missam.
1564 580 1698 650 Nec
1745 583 1954 651 obstat
1993 582 2328 673 dispositio
2370 581 2616 671 capitis,

326 721 361 760 α
395 697 616 777 Quum
657 702 990 770 creatura,
1038 687 1117 756 de
1157 687 1592 755 celebratione
1632 688 2026 773 missarum,
2070 690 2143 756 in
2193 710 2339 779 quo
2359 694 2619 760 cavetur

327 828 362 867 α
391 801 563 891 quod
609 799 850 887 absque
897 796 1031 863 ulla
1082 793 1477 883 negligentia
1530 800 1594 863 et
1634 800 1894 886 torpore
1936 794 2305 864 celebretur
2343 815 2620 863 conven-

326 932 363 973 α
388 905 649 975 tualiter
691 903 912 988 missa,
966 902 1044 969 de
1093 907 1402 990 tempore,
1454 901 1534 969 de
1589 901 1770 989 fest0,
1823 902 1959 971 sive
2002 902 2084 970 de
2130 901 2317 986 feria,
2367 899 2618 969 etiamsi

326 1037 363 1078 (ι
392 1011 753 1080 celebretur
795 1001 1313 1077 anniversarium
1340 1030 1358 1089 ;
1414 1009 1573 1096 quia
1599 1009 1827 1077 eadem
1844 1007 2178 1099 dispositio
2204 1007 2621 1097 intelligenda

328 1144 365 1182 a
394 1118 572 1187 venit
599 1122 916 1206 quatenus
954 1114 1119 1182 adsit
1159 1113 1462 1202 obligatio
1490 1139 1525 1178 >³
1566 1113 1765 1204 (tom.
1800 1114 1881 1199 11,
1915 1137 2065 1206 pag.
2097 1114 2211 1202 33,
2243 1114 2436 1183 editio
2480 1113 2619 1181 Lu-

322 1224 555 1305 censiS‚
595 1221 816 1311 1723).
862 1219 1032 1288 Huic
1078 1218 1456 1286 limitationi
1504 1219 1672 1286 favet
1712 1222 1850 1309 ipse
1896 1220 2277 1311 Pignatelli,
2331 1225 2406 1288 ut
2450 1219 2619 1287 infra

321 1328 540 1397 videre
566 1332 660 1396 est
691 1337 757 1394 n⁰
790 1326 854 1393 8.
889 1325 1234 1416 lpsammet
1274 1329 1492 1392 tamen
1540 1324 1998 1395 limitationem
2047 1327 2456 1396 limitandam
2489 1347 2618 1416 pu·-

325 1440 481 1506 tavit
508 1438 807 1504 laudatus
834 1434 1351 1519 Scarfantonius;
1385 1434 1566 1502 addit
1593 1436 1774 1503 enim
1802 1436 1945 1504 loco
1972 1436 2205 1504 citato:

425 1570 461 1608 (ι
488 1542 633 1612 Non
663 1548 878 1609 tamen
899 1542 979 1608 de
1000 1541 1174 1608 facili
1204 1540 1608 1608 admittenda
1634 1546 1728 1608 est
1755 1542 1974 1629 vigore
2005 1540 2320 1631 simplicis
2346 1562 2625 1610 consue-

336 1674 371 1714 «
398 1647 642 1715 tudinis
686 1648 1007 1736 exemptio
1054 1647 1328 1714 canendi
1379 1648 1646 1715 missam
1694 1647 2222 1729 conventualem,
2256 1646 2520 1736 quando
2552 1648 2632 1714 in

337 1752 742 1821 «cathedrali
784 1753 883 1819 vel
924 1752 1256 1841 collegiata
1292 1753 1535 1820 adesset
1578 1754 1901 1822 sufficiens
1936 1774 2252 1820 numerus
2287 1753 2633 1821 ministro-

336 1886 370 1925 α
399 1881 575 1947 rum,
635 1861 788 1948 quia
829 1859 1191 1926 censendus
1244 1864 1338 1925 est
1389 1860 1603 1949 potius
1654 1860 1920 1939 abusuS,
1983 1865 2058 1927 ut
2108 1857 2388 1926 decrevit
2436 1856 2631 1925 Sacra

333 1990 367 2030 «
396 1964 822 2055 Congregatio
871 1965 965 2055 (in
1019 1964 1427 2049 Tusculana,
1487 1966 1568 2034 16
1615 1964 1988 2034 novembris
2050 1963 2294 2055 1652);
2345 1965 2420 2032 in
2469 1983 2623 2052 qua,

339 2095 373 2136 «
402 2093 534 2139 non
591 2072 880 2140 obstante
941 2071 1408 2138 consuetudine
1470 2074 1817 2153 contraria,
1885 2071 2302 2141 demandavit
2354 2069 2629 2158 singulis

341 2197 376 2237 α
406 2175 633 2243 diebus
663 2174 1021 2243 canendam
1047 2196 1183 2242 esse
1219 2175 1489 2242 missam
1519 2175 2039 2244 conventualem.
2081 2174 2269 2256 Quod
2295 2175 2626 2242 decretum

343 2306 375 2346 α
406 2281 530 2348 fuit
579 2282 1038 2349 confirmatum
1087 2280 1169 2348 ab
1228 2280 1454 2348 eadem
1504 2279 1702 2350 Sacra
1762 2280 2277 2370 Congregatione
2332 2282 2456 2349 sub
2526 2280 2626 2348 die

342 2414 377 2453 a
406 2387 484 2452 21
524 2387 750 2476 aprilis
782 2387 977 2468 1708,
1009 2407 1085 2453 ac
1115 2387 1480 2453 resolutum
1513 2388 1755 2455 iterum
1793 2387 2092 2454 eamdem
2120 2409 2253 2456 esse
2282 2387 2626 2455 celebran-

340 2516 375 2556 α
405 2490 558 2558 dam
602 2514 717 2581 per
764 2498 1063 2575 turnum,
1106 2491 1320 2558 etiam
1348 2494 1581 2561 diebus
1614 2495 1881 2574 feriatiS,
1931 2503 2065 2562 tam
2113 2517 2227 2585 per
2255 2494 2621 2577 canonicOS,

340 2621 373 2661 «
409 2617 608 2684 quam
641 2619 756 2684 per
782 2597 1215 2679 beneficiatOS‚
1251 2620 1404 2665 cum
1435 2605 1656 2666 cantu.
1692 2624 1727 2664 »

396 2697 400 2701 ’
426 2694 734 2768 Praedicta
770 2700 1193 2769 Scarfantonii
1222 2704 1520 2771 doctrina
1546 2706 1837 2774 eximens
1867 2706 1952 2774 ab
1988 2706 2376 2796 obligatione
2407 2704 2630 2794 quoti-

337 2808 545 2877 dianae
565 2809 776 2875 missae
803 2809 1271 2887 conventualiS‚
1299 2810 1413 2877 ubi
1437 2832 1650 2899 neque
1670 2813 2139 2882 consuetudine
2157 2835 2365 2902 neque
2394 2813 2630 2881 lunda-

336 2915 529 2984 tionis
572 2921 755 3005 pacto
783 2915 1050 2982 inducta
1090 2922 1206 2998 est,
1244 2938 1477 3006 parum
1509 2917 1634 2985 sibi
1666 2924 1950 3006 constat3
1999 2942 2153 2989 cum
2180 2921 2316 3012 ipse
2357 2920 2631 2987 fateatur

338 3021 743 3086 contrarium
786 3021 1074 3088 decisum
1106 3023 1349 3113 pluries
1379 3024 1573 3092 fuisse
1617 3046 1654 3093 a
1697 3023 1890 3094 Sacra
1920 3025 2429 3116 Congregatione
2464 3045 2629 3092 con-

339 3123 495 3192 cilii.
530 3124 754 3214 Neque
781 3127 977 3192 etiam
1007 3128 1074 3193 in
1106 3149 1176 3194 re
1202 3133 1331 3195 tam
1363 3131 1547 3218 gravi
1575 3133 1727 3199 satis
1755 3137 1893 3200 tuta
1919 3133 2198 3201 videtur.

426 3227 746 3295 Standum
764 3229 964 3316 igitur
983 3233 1317 3297 sententiae
1340 3236 1706 3321 communi,
1731 3257 1876 3324 quae
1901 3241 1972 3304 ut
1991 3242 2231 3306 certam
2255 3236 2448 3304 habet
2466 3234 2634 3303 obli-

340 3331 662 3421 gationem
686 3334 1076 3419 quotidianae
1107 3338 1321 3405 missae
1354 3341 1803 3408 conventualis
1842 3364 1999 3410 cum
2028 3349 2244 3412 cantu.
2285 3342 2635 3410 Cuicom-

339 3434 530 3506 muni
566 3437 891 3502 sententiae
928 3459 1113 3504 suam
1150 3441 1394 3507 addidit
1428 3443 1873 3514 auctoritatem
1907 3446 2303 3519 Benedictus*
2327 3445 2487 3516 XIV
2526 3447 2633 3515 his

339 3542 590 3609 verbis:
1193 3570 1194 3573 ¹

437 3673 473 3713 a
499 3646 687 3727 Quod
742 3647 797 3715 si
854 3648 1067 3718 missae
1125 3651 1529 3722 sacrificium
1583 3655 1751 3725 inter
1804 3658 1994 3728 horas
2046 3660 2387 3730 canonicas
2452 3658 2632 3727 haud

350 3777 386 3815 «
417 3753 715 3841 refertur,
743 3756 959 3821 tamen
990 3756 1183 3824 officii
1211 3758 1415 3826 divini
1439 3761 1710 3830 nomine
1731 3765 1881 3833 satis
1906 3764 2322 3855 intelligitur,
2343 3765 2441 3833 uti
2463 3786 2638 3833 con-

351 3879 387 3920 «
415 3861 536 3924 stat
564 3856 640 3928 ex
671 3880 916 3927 canone
948 3863 1045 3928 De
1066 3861 1177 3943 iis,
1213 3861 1668 3937 distinctionis
1705 3867 1830 3937 12:
1877 3869 2209 3940 Goeterum
2242 3870 2480 3961 officia
2502 3893 2638 3961 pu·

351 3985 387 4025 «
417 3960 623 4047 blica,
654 3964 729 4030 id
751 3975 846 4031 est
875 3986 1199 4054 vesperae,
1228 3970 1650 4038 matutinum
1676 3971 1808 4040 sive
1849 3974 2152 4064 missam,
2186 3970 2394 4045 aliter
2422 3997 2639 4068 quam

351 4088 388 4128 α
417 4063 488 4130 in
500 4068 886 4160 principali
909 4071 1173 4140 ecclesia
1203 4074 1529 4144 celebrare
1549 4100 1682 4145 non
1703 4078 1922 4149 liceat.
1950 4080 2355 4175 Quapropter
2373 4105 2543 4153 cum
2565 4084 2640 4152 in

350 4192 385 4233 a
411 4169 695 4240 ecclesiis
740 4179 1271 4268 metropolitanis,
1324 4183 1803 4254 cathedralibus
1833 4191 1897 4255 et
1940 4189 2294 4278 collegiatis
2324 4188 2643 4258 divinum

351 4299 387 4341 α
413 4275 706 4344 officium
733 4279 1016 4365 quotidie
1039 4283 1389 4372 indicatur,
1422 4290 1619 4359 etiam
1649 4292 1843 4361 missa
1866 4297 2313 4367 conventualis
2335 4289 2641 4386 quotidie

352 4406 387 4446 α
415 4382 796 4452 celebranda
814 4387 949 4451 est:
985 4388 1279 4468 Quidam
1303 4394 1374 4462 in
1393 4395 1883 4469 cathedralibus
1903 4401 2144 4494 (inquit
2160 4402 2493 4474 Honorius
2519 4403 2641 4494 lu)
2728 4472 2731 4475 ,
