2930 4982
367 335 445 371 ob
455 334 490 372 4
1341 323 1688 369 macutus

364 443 792 534 tettigendum
831 448 926 511 est
970 463 1045 510 eo
1089 463 1311 527 sensu,
1349 440 1528 531 quod
1569 440 1927 531 capitulum
1973 438 2042 506 id
2080 460 2270 527 agere
2311 438 2514 527 possit
2548 458 2659 526 per

363 550 679 618 vicarium
722 570 947 635 suum,
995 569 1131 617 non
1182 554 1403 615 autem
1449 569 1567 638 per
1621 548 1937 637 seipsum,
1978 551 2054 613 ut
2077 545 2317 636 patebit
2363 565 2440 611 ex
2486 543 2657 610 infra

362 654 672 723 dicendis.

1445 823 1562 902 §4

405 996 733 1051 mvlTULUU,
777 997 909 1036 SEDE
954 995 1219 1048 VACANTE,
1251 995 1445 1034 POTEST
1482 996 1867 1035 PRAESENTATOS
1894 996 1965 1036 AD
2003 995 2288 1035 BENEFICIA
2316 996 2629 1035 INSTJTt'ERE

1166 1092 1233 1130 10:⁶1·
1262 1092 1488 1131 ELEcTos
1519 1092 1865 1132 coNPmuARE

455 1274 731 1354 Quando
757 1272 971 1362 aliqua
992 1272 1236 1339 familia
1259 1272 1357 1339 vel
1380 1273 1784 1362 quicumque
1808 1273 1968 1339 alter
1991 1272 2216 1340 fundat
2237 1270 2656 1355 beneficium,

365 1379 689 1448 ordinarie
729 1379 1042 1467 contingit
1082 1385 1159 1445 ut
1209 1379 1277 1445 in
1308 1377 1661 1468 diplomate
1702 1380 1825 1447 sibi
1864 1378 2125 1467 suisque
2160 1376 2530 1445 haeredibus
2565 1378 2658 1444 vel

365 1486 508 1554 aliis
526 1485 876 1575 designatis
893 1493 1173 1554 reservet
1199 1485 1267 1552 id
1286 1486 1461 1575 quod
1485 1492 1718 1555 vocant
1733 1488 1844 1575 jus
1882 1490 2280 1576 patronatuS‚
2299 1486 2411 1574 jus
2433 1506 2661 1574 nempe

367 1589 794 1681 praesentandi
831 1613 1030 1681 quem
1074 1591 1404 1660 voluerint
1450 1592 1528 1659 ad
1563 1591 1725 1659 illud
1754 1592 2145 1660 beneficium
2191 1590 2453 1680 quando
2485 1612 2658 1657 vaca-

364 1696 497 1783 bit3
531 1705 594 1763 et
621 1696 708 1764 ita
731 1703 805 1765 ut
839 1697 951 1765 ille
973 1691 1199 1765 debeat
1227 1697 1504 1778 institui,
1540 1697 1734 1764 modo
1767 1697 1848 1764 sit
1869 1697 2165 1765 idoneus.

454 1800 640 1882 Quod
676 1808 891 1870 autem
935 1802 1323 1891 hujusmodi
1366 1808 1778 1891 praesentatos
1804 1804 2146 1871 instituere
2185 1802 2385 1892 possit
2427 1801 2665 1891 capitu-

366 1911 506 1977 lum
545 1930 836 2000 expresse
864 1909 1146 1977 declarat
1189 1908 1524 1977 decretalis
1561 1909 1876 1979 Bonifacii
1916 1908 2063 1979 Vlll
2095 1909 2275 1996 Etsi,
2316 1907 2508 1976 initio
2547 1908 2588 1997 ἓ
2633 1909 2659 1973 1

367 2016 563 2084 modo
592 2014 998 2105 transcripta.
1039 2014 1121 2083 Et
1160 2015 1248 2082 ita
1281 2021 1502 2083 tenent
1527 2017 1817 2085 doctores
1846 2015 2268 2084 unanimiter.
2311 2041 2349 2081 «
2377 2013 2671 2085 Succedit

368 2120 545 2188 enim
583 2119 967 2210 capitulum,
1002 2121 1150 2188 sede
1186 2127 1478 2205 vacante,
1516 2122 1588 2189 in
1620 2121 2077 2212 jurisdictione
2110 2120 2486 2211 Episcopali
2509 2120 2674 2188 ordi-

370 2224 576 2307 naria,
618 2230 683 2293 et
705 2226 810 2294 vel
839 2227 1120 2295 maxime
1143 2219 1213 2294 in
1238 2227 1623 2307 necessaria,
1653 2235 1716 2295 et
1737 2227 1951 2316 quoad
1977 2227 2123 2295 illos
2146 2232 2328 2294 actus
2359 2248 2477 2316 per
2512 2248 2672 2315 quos

374 2332 555 2399 nulla
569 2333 641 2400 fit
660 2335 752 2401 rei
773 2333 1096 2417 alienati0,
1126 2340 1187 2401 et
1208 2334 1470 2423 quinon
1502 2335 1775 2402 tendunt
1798 2336 1867 2401 in
1888 2333 2349 2425 praejudicium
2369 2332 2672 2423 Episcopi
2789 2401 2796 2406 ,

373 2435 598 2504 futuri.
636 2437 782 2506 Jam
814 2459 967 2506 vero
1006 2439 1334 2507 instituere
1367 2440 1565 2531 (idem
1599 2445 1694 2508 est
1729 2438 1808 2508 de
1846 2436 2260 2528 confirmare)
2296 2442 2677 2528 competunt

365 2544 517 2631 jure
544 2545 983 2631 magistratus,
1028 2551 1554 2636 reputanturque
1595 2546 1741 2614 ideo
1786 2546 1953 2612 inter
1983 2544 2527 2634 Jurisdictionalia
2555 2564 2669 2608 seu

374 2648 624 2715 fructus
634 2648 1107 2737 jurisdictionis
1126 2675 1141 2729 ;
1166 2658 1388 2742 estque
1408 2657 1589 2720 actus
1597 2651 2068 2741 jurisdictionis
2082 2650 2463 2726 necessariae,
2486 2652 2548 2713 et
2566 2646 2665 2713 di-

376 2756 549 2823 citur
570 2754 824 2823 collatio
848 2758 1252 2824 necessaria..
1267 2808 1283 2823 .
1314 2756 1426 2824 Est
1445 2764 1628 2824 actus
1652 2757 1947 2847 justitiae.
1976 2755 2203 2846 Neque
2224 2753 2535 2846 perillam
2564 2772 2670 2818 res

383 2861 518 2930 ulla
545 2862 828 2929 ecclesiae
855 2861 1171 2930 alienatur
1206 2869 1316 2930 aut
1343 2862 1558 2931 ullum
1596 2863 1671 2930 fit
1706 2863 2040 2953 Episcopo·
2052 2860 2402 2930 successori
2437 2860 2675 2949 praeju·

382 2969 654 3037 dicium.
700 2968 771 3038 Si
815 2970 993 3037 enim
1026 2976 1443 3060 praesentatus
1479 2979 1575 3039 est
1609 2970 1877 3059 dignuS,
1908 2969 2098 3038 debet
2136 2969 2388 3038 institui
2415 2966 2499 3034 ab
2527 2963 2677 3053 Epi-

386 3096 605 3166 scopo,
639 3097 759 3144 nec
787 3081 993 3165 potest
1015 3078 1218 3166 rejici.
1253 3078 1468 3167 Atque
1498 3076 1612 3164 ita,
1648 3083 1723 3145 ut
1743 3077 1958 3166 inquit
1984 3076 2285 3144 Lotterus
2313 3077 2438 3163 (De
2464 3071 2665 3159 benef.

384 3183 432 3249 l.
465 3204 533 3264 ιι,
569 3204 636 3271 q.
669 3183 738 3265 2,
776 3205 845 3250 n.
869 3183 983 3265 21)
1008 3184 1171 3251 ratio
1193 3184 1607 3266 necessitatiS,
1625 3185 1858 3273 juncta
1881 3204 2036 3251 cum
2061 3183 2411 3251 cessatione
2436 3178 2676 3269 praeju-

386 3290 537 3356 dicii
584 3289 906 3380 Episcopi,
959 3291 1182 3359 suadet
1229 3297 1304 3358 ut
1349 3292 1755 3359 confirmatio
1798 3313 1982 3380 teque
2029 3311 2103 3358 ac
2142 3287 2487 3371 institutio,
2536 3284 2679 3353 sede

386 3394 729 3484 episcopali
748 3402 1034 3477 vacante,
1067 3401 1345 3463 transeat
1370 3397 1438 3463 in
1462 3397 1841 3487 capitulum.
1878 3423 1914 3462 »

474 3499 702 3581 Quoad
744 3500 1303 3568 confirmationem
1341 3502 1724 3587 electorum,
1768 3505 1992 3572 eadem
2023 3508 2115 3571 est
2158 3505 2500 3569 auctorum
2531 3517 2683 3565 con·

388 3610 627 3693 sensio,
655 3615 720 3675 et
746 3627 875 3674 non
900 3607 1122 3675 minus
1158 3628 1449 3699 expresse
1485 3632 1523 3678 a
1558 3613 1709 3700 jure
1742 3610 2024 3700 capitulo
2050 3606 2386 3688 tribuitur,
2414 3608 2683 3671 vacante

388 3717 534 3785 sede
577 3714 670 3804 (in
702 3713 907 3803 capite
951 3714 1126 3780 Cum
1170 3714 1357 3797 olim,
1399 3719 1495 3783 De
1543 3716 1928 3807 majoritate
1955 3726 2019 3782 et
2058 3709 2454 3799 obedientia)
2490 3731 2514 3776 .·
2536 3729 2680 3775 cum

393 3824 662 3892 ecelesia
699 3821 1136 3892 Messanensis
1184 3834 1370 3890 vacet
1408 3822 1503 3890 ad
1520 3846 1845 3913 proesenS,
1881 3822 2260 3890 electionem
2297 3840 2495 3886 suam
2536 3837 2683 3884 con—

394 3929 831 4016 firmandam,
849 3940 1065 4019 prout
1092 3926 1173 3994 de
1191 3928 1350 4018 jure
1364 3929 1601 4018 fuerit,
1633 3929 1737 3996 vel
1766 3930 1970 3997 etiam
1988 3921 2480 4018 infirmandam
2502 3943 2684 4012 proe-

397 4047 652 4102 sentent
690 4036 984 4126 capitulo
1016 4035 1441 4106 Messanensi.
1467 4034 1651 4104 Unde
1670 4036 1933 4125 quando
1964 4031 2372 4103 confirmatio
2405 4029 2686 4117 alicujus

394 4139 728 4213 electionis
751 4143 1027 4229 pertinet
1065 4143 1145 4211 ad
1182 4142 1606 4235 Episcopum.
1639 4148 1901 4211 mortuo
1916 4141 2259 4233 Episcop0‚
2283 4138 2509 4206 eadem
2539 4154 2690 4201 con·

397 4246 679 4315 firmatio
701 4246 978 4334 pertinet
999 4249 1079 4315 ad
1107 4249 1495 4340 capitulum.
1516 4250 1699 4319 Ratio
1726 4257 1940 4319 autem
1966 4245 2257 4336 estquod
2282 4238 2690 4312 confirmatio

391 4353 563 4422 sieut
581 4350 899 4420 institutio
919 4353 1002 4418 sit
1021 4359 1202 4421 actus
1210 4358 1239 4445 j
1247 4355 1478 4425 ustitiae
1493 4362 1555 4424 et
1565 4353 2033 4446 jurisdictionis
2052 4351 2453 4433 necessariae,
2482 4375 2516 4414 «
2534 4367 2687 4416 cum
