2930 4982
1137 354 1218 399 ΒΕ
1261 353 1591 401 mestuus,
2375 349 2497 406 437

296 472 474 540 ldem
509 472 706 541 tradit
733 468 1044 556 FerrariS,
1089 472 1183 541 sic
1231 473 1562 541 affirmans
1618 479 1753 540 tam
1806 471 1886 540 de
1935 472 2257 565 deputatis
2288 481 2501 567 quoad

210 579 607 669 spiritualem
636 579 1286 687 administrationem,
1313 602 1517 670 quam
1548 580 1627 648 de
1654 579 1973 670 deputatis
1996 581 2213 671 quoad
2246 588 2499 676 tempo-

211 686 445 755 ralem:
486 710 519 751 t(
554 685 729 755 Hinc
760 685 1118 777 Episcopus
1164 691 1432 755 tenetur
1475 686 1749 755 omnino
1791 686 2116 776 requirere
2144 690 2496 761 consilium

218 817 249 856 α
292 791 752 883 praedictorum
788 791 1245 882 deputatorum
1279 793 1674 883 respective3
1705 790 1860 860 alias
1888 798 2069 859 actus
2111 815 2241 862 non
2285 790 2501 887 valet}

219 924 251 964 «
294 920 446 967 cum
472 899 597 966 tale
618 898 965 966 consilium
984 897 1278 966 videatur
1295 900 1688 990 requisitum
1709 921 1748 967 a
1771 897 2049 967 concilio
2055 921 2181 989 pro
2196 902 2492 990 forma.»

212 1002 330 1094 (Ad
353 1002 1120 1088 verbumSeminarium,
1152 1027 1219 1071 n.
1257 1005 1393 1095 11.)

290 1107 404 1177 lv.
438 1110 816 1200 Episcopus
840 1131 973 1177 non
992 1121 1249 1178 tenetur
1287 1110 1473 1201 sequi
1501 1110 1852 1179 consilium
1882 1107 2358 1201 deputatorum
2367 1132 2497 1202 pro

208 1214 792 1284 administratione
822 1215 1185 1306 temporali
1218 1217 1584 1286 seminarii.
1631 1256 1720 1269 —
1748 1205 1911 1285 'Jam
1948 1216 2236 1286 vidimus
2287 1218 2355 1285 in
2387 1238 2502 1309 pa·

207 1320 527 1410 ragrapho
557 1319 945 1410 praecedenti
976 1319 1374 1413 Episcopum
1404 1345 1539 1391 non
1569 1323 1774 1391 teneri
1794 1322 1979 1412 sequi
2009 1320 2365 1392 consilium
2388 1322 2500 1391 de·

208 1433 583 1515 putatorum
646 1448 762 1517 pro
833 1427 1389 1498 administratione
1447 1429 1795 1520 spirituali.
1877 1428 2076 1497 Porro
2147 1429 2320 1497 idem
2406 1433 2499 1497 est

209 1532 411 1620 quoad
466 1533 807 1623 deputatos
853 1555 973 1624 pro
1044 1534 1609 1604 administratione
1672 1535 2037 1626 temporali.
2118 1534 2499 1604 Tridentina

209 1638 375 1705 enim
402 1639 692 1728 synodus
725 1639 937 1727 quoad
964 1644 1271 1729 utrosque
1298 1640 1577 1730 requirit
1598 1639 1871 1729 quidem
1920 1640 2002 1708 ab
2040 1640 2360 1732 Episcopo
2383 1640 2500 1709 ad-

210 1740 393 1811 hiber
415 1743 800 1811 iconsilium
841 1744 1224 1834 hujusmodi
1271 1745 1759 1837 deputatorum,
1814 1746 1923 1814 sed
1965 1746 2133 1814 nihil
2184 1746 2493 1838 amplius.

211 1847 386 1918 Unde
417 1849 621 1919 Sacra
642 1849 1071 1940 Congregatio
1097 1850 1358 1917 concilii
1386 1851 1454 1919 id
1503 1851 1748 1942 pluries
1777 1851 2160 1921 declaravit:
2193 1875 2400 1921 unam
2421 1875 2499 1922 ex

209 1953 332 2023 illis
349 1955 893 2024 declarationibus
922 1957 988 2023 in
1018 1956 1425 2046 paragrapho
1452 1958 1841 2046 praecedenti
1864 1960 2206 2026 retulimus
2233 1984 2249 2038 ;
2277 1959 2348 2026 in
2374 1982 2502 2049 qua

208 2062 480 2129 minime
512 2061 720 2128 teneri
776 2060 1171 2151 Episcopum
1228 2061 1309 2128 ad
1341 2062 1669 2151 sequenda
1720 2063 1989 2130 consilia
2040 2064 2498 2153 deputatorum

208 2166 339 2234 sive
365 2188 486 2255 pro
515 2166 862 2256 spirituali,
890 2167 1023 2234 sive
1053 2188 1171 2257 pro
1194 2167 1539 2257 temporali
1566 2167 2121 2236 administratione
2141 2168 2499 2258 seminarii,

206 2272 551 2360 respondet
599 2273 797 2342 Sacra
854 2272 1304 2362 Congregatio.
1357 2274 1538 2342 Alias
1580 2273 1824 2341 similes
1865 2274 2313 2364 responsiones
2360 2275 2499 2342 vide

208 2376 330 2445 sub
364 2381 658 2467 sequenti
688 2401 996 2446 numero.¹
1022 2377 1116 2446 De
1150 2386 1404 2468 caetero,
1438 2380 1775 2448 unanimis
1813 2384 1907 2447 est
1939 2379 2065 2447 hac
2106 2381 2177 2446 in
2211 2401 2279 2446 re
2308 2399 2503 2447 cano·

207 2484 524 2552 nistarum
551 2487 895 2570 sententia,
931 2495 992 2554 et
1016 2486 1286 2554 omnino
1316 2491 1510 2555 certa.

289 2589 373 2660 V.
406 2593 870 2660 Determinari
886 2604 1167 2684 possunt
1196 2594 1498 2661 materioe
1518 2593 1693 2660 lianc
1732 2592 2260 2660 commissionem
2313 2614 2498 2684 spec·

209 2708 420 2765 tantes
448 2698 571 2767 lzoc
607 2698 802 2766 modo
824 2720 847 2765 .·
885 2711 1157 2790 excepta
1207 2699 1548 2768 exactione
1588 2709 1795 2780 taoeoe,
1833 2699 2209 2789 Episcopus
2235 2709 2498 2766 tenetur

208 2801 388 2869 illius
441 2807 790 2873 consilium
833 2806 1166 2895 requirere
1216 2807 1289 2873 in
1345 2818 1488 2873 tota
1538 2804 2118 2872 administratione
2147 2804 2502 2892 temporali

208 2905 576 2989 seminarii,
637 2910 840 2975 etiam
866 2910 937 2976 in
970 2908 1372 2999 deputandis
1401 2921 1650 2975 rectore
1680 2920 1744 2976 et
1772 2907 2201 2998 officialibus,
2229 2906 2383 2973 etin
2402 2928 2500 2973 re-

210 3011 516 3103 cipienda
559 3014 819 3081 ratione
868 3013 1472 3081 administrationis
1508 3013 1868 3104 quotannis
1918 3012 2271 3081 reddenda.
2313 3049 2403 3064 —
2430 3011 2501 3083 Si

214 3120 650 3209 perpendatur
687 3125 941 3187 tantum
973 3120 1399 3187 Tridentinus
1446 3126 1680 3208 textuS,
1711 3120 1871 3187 huic
1901 3118 2346 3187 commissioni
2367 3116 2496 3187 non

217 3227 572 3314 reperietur
602 3249 895 3317 expresse
921 3227 1305 3312 attributum
1346 3227 1472 3294 nisi
1506 3227 1778 3312 unicum
1800 3227 2126 3309 officium3
2152 3225 2500 3316 praestandi

221 3330 451 3404 scilicet
469 3332 722 3425 consilii
743 3331 1061 3423 Episcopo
1096 3332 1167 3398 in
1196 3332 1649 3402 constituenda
1669 3338 1811 3400 taxa
1835 3337 1895 3399 et
1924 3331 2228 3400 uniendis
2251 3332 2496 3401 benefi-

223 3439 329 3506 ciis
356 3440 434 3506 ad
453 3440 843 3507 erectionem
869 3443 930 3505 et
948 3438 1485 3506 sustentationem
1506 3438 1860 3506 seminarii.
1882 3437 2068 3507 Unde
2084 3461 2214 3506 non
2243 3439 2492 3507 mirum

221 3551 305 3611 est
328 3552 545 3613 ortum
566 3566 701 3612 esse
725 3543 1002 3611 dubium
1026 3544 1261 3625 dehac
1282 3566 1376 3629 re,
1406 3551 1471 3613 et
1504 3568 1541 3613 a
1565 3544 1763 3624 Sacra
1794 3545 2307 3634 Congregatione
2339 3566 2496 3613 con-

219 3649 345 3718 cilii
366 3653 766 3742 postulatum
796 3650 989 3720 fuisse
1018 3655 1243 3718 utrum
1273 3672 1310 3717 a
1343 3651 1532 3718 dictis
1557 3652 1876 3740 deputatis
1917 3652 2265 3718 consilium
2313 3670 2499 3739 expe-

220 3760 341 3825 tere
367 3763 694 3826 teneretur
716 3755 1079 3846 Episcopus
1108 3756 1179 3823 in
1209 3763 1340 3824 tota
1367 3756 1619 3845 reliqua
1648 3756 2201 3824 administratione
2249 3761 2497 3844 tempo-

219 3862 354 3930 rali.
381 3862 809 3955 Congregatio
834 3868 1054 3931 autem
1099 3863 1321 3931 omnia
1366 3863 1566 3931 dubia
1620 3862 1881 3930 sustulit
1939 3859 2356 3952 sequentibus
2379 3859 2491 3929 de-

223 3966 695 4040 clarationibus.

309 4102 343 4141 «
368 4077 440 4145 ln
466 4077 932 4159 Salernitana,
952 4077 1292 4169 propositis
1316 4077 1395 4144 ad
1413 4076 1793 4168 petitionem
1819 4073 2085 4163 capituli
2112 4071 2493 4142 cathedralis

233 4203 263 4242 «
302 4181 464 4252 inter
478 4191 708 4258 caetera
722 4186 894 4253 hisce
907 4185 1124 4253 dubiis
1142 4207 1157 4251 ε
1173 4182 1347 4251 -111
1357 4235 1371 4250 .
1392 4183 1500 4249 An
1511 4181 1636 4248 alii
1649 4190 1940 4270 quatuor
1952 4178 2087 4245 sint
2101 4177 2492 4270 deputandi,

234 4307 266 4348 «
296 4301 356 4354 et
380 4288 686 4381 deputati
713 4288 1072 4358 adhibendi
1094 4290 1234 4356 sint
1260 4288 1331 4355 in
1362 4286 1634 4355 consilio
1681 4283 2143 4352 tantummodo
2178 4285 2252 4350 in
2303 4295 2496 4353 taxat

235 4414 267 4453 α
310 4395 501 4480 tione,
543 4397 1024 4467 contributione
1063 4396 1412 4485 fructuum
1447 4416 1529 4461 ex
1559 4392 1804 4461 unione
1840 4391 2297 4483 beneficiorum
2323 4400 2388 4455 et
2425 4387 2494 4453 in
