2930 4982
1173 358 1251 403 DE
1296 357 1626 406 currens.
2467 354 2534 408 31

270 505 296 543 «
323 500 358 545 a
404 477 1128 569 cathedrali-parochia,
1177 479 1248 545 in
1297 501 1372 547 ea
1415 484 1553 570 ipsa
1590 483 2024 571 parochorum
2073 479 2305 549 munia
2329 484 2550 549 omnia

208 568 217 581 ⁹
268 586 702 676 «implebant.
749 584 818 653 3ο
864 585 1007 675 Ipsa
1050 607 1168 653 sua
1212 586 1619 654 ordinatione
1664 589 1845 657 hunc
1874 588 2153 679 gradum
2193 609 2555 677 conseque-

269 721 295 757 «
321 693 579 760 bantur.
625 692 693 757 4⁰
735 690 963 760 Clerus
1009 692 1376 761 etiamnum
1425 693 1733 763 Romanae
1778 696 2082 764 Ecclesiae
2116 696 2393 764 formam
2422 716 2554 785 pra·

270 827 296 862 «
320 821 384 867 se
414 799 538 866 fert
551 798 1146 889 splendidissimam
1173 802 1862 891 expressissimamque
1885 805 2024 893 ejus
2046 803 2227 883 cleri,
2253 802 2371 892 qui
2394 801 2551 869 olim

270 932 298 969 «
323 906 602 995 singulis
627 907 698 972 in
724 906 1204 975 cathedralibus
1228 907 1519 975 ecclesiis
1548 906 1870 998 Episcopo
1898 908 2343 997 copulabatur.
2379 932 2414 970 >2

341 1010 704 1080 Concordat
746 1011 1082 1101 Selvagius
1128 1013 1266 1104 (lib.
1318 1013 1372 1101 l,
1418 1035 1568 1104 pag.
1617 1012 1776 1099 299,
1827 1013 1981 1079 edit.
2027 1012 2550 1102 Patav.,1780):

273 1118 470 1186 «Duo
505 1124 659 1185 sunt
690 1119 1092 1187 observanda
1128 1142 1144 1186 ε
1175 1121 1493 1210 primum,
1525 1120 1741 1187 nullos
1771 1120 2137 1211 antiquitus
2158 1120 2561 1209 presbyteros

272 1254 299 1289 «
326 1225 428 1293 vel
469 1225 628 1293 alios
675 1225 937 1293 clericos
979 1226 1059 1293 ad
1109 1226 1469 1316 peculiares
1511 1227 1582 1294 in
1624 1224 1847 1293 eadem
1891 1225 2145 1293 civitate
2171 1226 2274 1292 vel
2302 1224 2557 1294 dioecesi

275 1356 304 1391 «
336 1331 628 1398 ecclesias
678 1331 875 1399 fuisse
911 1332 1251 1421 alligato&
1305 1338 1370 1400 at
1421 1352 1570 1399 vero
1612 1330 1693 1398 ad
1740 1331 1979 1398 harum
2016 1331 2455 1399 ministerium
2484 1331 2561 1398 de

275 1464 304 1498 «
334 1437 598 1504 ecclesia
645 1437 945 1524 matrice,
989 1459 1104 1504 seu
1132 1437 1517 1520 cathedrali,
1554 1437 1748 1504 fuisse
1774 1436 2353 1504 indiscriminatim
2378 1436 2563 1504 adhi-

272 1569 300 1604 «
330 1541 518 1611 hitos.
572 1569 607 1608 »
657 1542 1020 1611 Concordat
1067 1541 1335 1610 Berardi
1389 1541 1555 1634 (Ius,
1608 1541 1763 1609 eccl.
1812 1542 2221 1622 universum,
2272 1547 2439 1631 part.
2493 1541 2560 1623 2,

264 1649 412 1715 diss.
461 1650 526 1732 1,
578 1671 719 1739 cap.
769 1648 830 1739 1)
869 1671 885 1715 ε
929 1674 963 1713 «
991 1647 1277 1717 Observo
1314 1634 1479 1739 opus
1514 1654 1657 1716 tum
1689 1649 1909 1735 fuisse,
1941 1653 2013 1714 ut
2041 1646 2312 1737 quidam
2343 1647 2561 1715 clerici

271 1760 440 1820 «aut
482 1755 743 1823 diaconi
792 1755 1009 1845 (causa
1046 1755 1451 1822 oblationum
1492 1755 1595 1822 vel
1636 1755 2054 1845 praediorum)
2096 1755 2398 1822 dioeceses
2433 1755 2567 1822 lus-

272 1886 302 1923 «
330 1865 598 1940 trarent,
649 1867 760 1928 aut
804 1861 1158 1928 sacerdotes
1202 1866 1397 1951 prout
1435 1883 1537 1928 res
1572 1860 1907 1945 incideret,
1943 1861 2162 1928 fideles
2190 1863 2568 1929 constitutos

273 1966 401 2032 «in
440 1969 606 2034 vicis
651 1967 892 2034 divinis
938 1967 1264 2054 mysteriis
1307 1971 1674 2034 recrearent
1688 1994 1706 2054 3
1751 1966 1997 2055 singuli
2034 1971 2254 2034 tamen
2284 1966 2462 2034 brevi
2488 1966 2563 2034 ad

270 2096 304 2133 «
335 2072 773 2140 cathedralem
828 2072 1166 2139 ecclesiam
1221 2071 1520 2138 redituri.
1573 2071 1747 2138 Tum
1793 2094 1945 2139 vero
1978 2071 2198 2140 clerici
2225 2072 2326 2139 illi
2354 2072 2569 2139 adhuc

272 2174 644 2267 «adscripti
684 2176 1070 2244 dicebantur
1119 2175 1473 2242 cathedrali
1528 2175 1840 2259 ecclesiae,
1903 2198 1940 2241 a
1999 2199 2128 2262 qua
2174 2199 2309 2241 non
2343 2177 2471 2241 nisi
2499 2198 2572 2241 ex

273 2306 309 2343 «
338 2284 736 2368 temporaria
781 2302 974 2346 causa
1018 2281 1319 2361 aberant3
1365 2284 1837 2367 proptereaque
1874 2279 2102 2345 eodem
2120 2281 2271 2367 jure
2302 2302 2433 2368 quo
2458 2303 2574 2347 cae-

277 2414 314 2448 «
346 2385 471 2451 teri
503 2385 574 2450 in
606 2383 958 2450 cathedrali
998 2383 1265 2453 ecclesia
1288 2391 1603 2480 perpetuo
1627 2384 1977 2452 residentes
2004 2385 2456 2453 censebantur.
2487 2411 2522 2450 »

367 2493 665 2573 Quartus
687 2501 955 2558 status:
991 2516 1026 2555 «
1056 2489 1291 2559 Octava
1322 2490 1665 2558 christiani
1703 2491 1989 2559 nominis
2019 2497 2169 2559 zetas
2206 2493 2564 2574 videbatur,

282 2624 315 2663 «
341 2603 533 2686 atque
567 2598 997 2665 ecclesiastica
1034 2596 1382 2687 disciplina
1427 2598 1498 2665 in
1534 2600 1719 2689 pejus
1762 2599 2048 2688 quotidie
2070 2622 2260 2667 ruere
2284 2623 2573 2690 pessum·

286 2726 467 2792 «que
521 2704 616 2769 ire
657 2703 1024 2790 videbatur,
1077 2726 1231 2772 cum
1282 2704 1796 2794 Chrodogandus
1846 2704 2147 2774 Metensis
2184 2705 2569 2796 Episcopus,

291 2810 424 2875 «de
468 2831 740 2876 suorum
788 2810 1182 2878 clericorum
1224 2810 1485 2877 licentia
1542 2810 1977 2900 praecidenda,
2035 2832 2395 2895 eorumque
2451 2812 2579 2875 vita

295 2918 417 2982 «in
454 2916 691 2983 melius
738 2918 1192 3006 componenda
1237 2916 1568 3004 cogitavit.
1617 2916 1841 3003 ltaque
1884 2916 2139 2981 clerum
2181 2936 2376 2982 suum
2409 2914 2575 2983 adu-

297 3022 560 3108 «navit,
589 3034 654 3089 et
681 3019 777 3089 ad
814 3022 1029 3089 instar
1059 3021 1339 3089 coenobii
1377 3020 1565 3085 intra
1596 3018 2049 3085 claustrorum
2085 3031 2271 3110 septa
2307 3043 2575 3089 conver-

299 3130 487 3197 «sari
521 3129 684 3219 fecit
716 3150 1178 3217 ,normamque
1218 3126 1308 3194 eis
1354 3124 1651 3192 instituit
1678 3124 1971 3214 qualiter
2002 3126 2071 3193 in
2100 3125 2370 3193 ecclesia
2399 3126 2577 3193 mili-

300 3259 329 3297 «
358 3248 499 3303 tare
544 3234 873 3303 deberent.
911 3234 1177 3327 (Paulus
1213 3233 1569 3312 DiaconUS,
1603 3234 1777 3323 apud
1809 3232 2178 3317 Duchesne,
2211 3239 2257 3299 t.
2297 3232 2377 3316 ll,
2407 3232 2571 3302 Hist.

303 3368 330 3406 «
356 3340 696 3433 Franciae.)
742 3341 1216 3430 Chrodogando
1260 3340 1470 3430 facem
1517 3339 1936 3429 praetulerant
1963 3339 2281 3407 Eusebius
2309 3337 2577 3407 Vercel—

306 3449 552 3517 «lensis
606 3454 796 3539 atque
843 3448 1259 3537 Augustinus
1302 3447 1773 3537 Hipponensis3
1804 3448 1914 3515 sed
1944 3448 2104 3514 tanti
2136 3444 2397 3514 aedificii
2433 3467 2582 3533 pro—

306 3582 334 3619 «
358 3556 634 3623 vehendi
695 3556 1013 3643 altiusque
1079 3553 1400 3622 educendi
1464 3554 1748 3642 gloriam.
1807 3551 2273 3643 posterioribus
2335 3548 2585 3616 saeculis

306 3688 332 3723 «
361 3663 794 3752 reliquerant.
817 3659 992 3727 Huic
1019 3661 1198 3747 operi
1216 3659 1571 3745 ‚fastigium
1614 3660 1981 3746 imposuere
2011 3657 2245 3723 saeculo
2276 3678 2343 3721 rx
2368 3655 2584 3723 Patres

308 3794 336 3830 «
360 3766 727 3857 Moguntini
771 3764 996 3857 (Cone.
1047 3760 1465 3849 Mog.‚-anno
1510 3760 1668 3843 813,
1700 3781 1757 3823 c.
1791 3760 1886 3846 9),
1915 3759 2326 3825 Turonenses
2360 3758 2577 3852 (Conc.

306 3896 336 3932 «
361 3871 609 3940 Turon.
657 3871 726 3949 3,
767 3892 912 3938 can.
959 3867 1097 3956 23),
1140 3865 1730 3955 AquisgranenseS,
1766 3884 1839 3929 ac
1870 3863 2130 3930 tandem
2161 3863 2495 3956 Eugenius
2528 3868 2578 3936 ll

309 3978 434 4045 «in
472 3978 765 4046 Concilio
804 3976 1097 4043 Romano
1134 3973 1331 4065 (anno
1360 3972 1517 4056 826,
1562 3992 1705 4039 can.
1748 3967 1835 4059 7).

391 4112 426 4151 κ
454 4085 611 4154 Haec
658 4106 761 4152 res
786 4111 789 4114 ¹
811 4084 1200 4151 clericorum
1251 4080 1519 4147 familiae
1565 4076 2012 4144 herciscundae
2067 4100 2325 4146 causam
2387 4079 2579 4149 dedit.

318 4193 665 4259 «Antehac
713 4190 929 4258 omnis
977 4189 1321 4256 dioeceseos
1374 4183 1594 4252 clerici
1644 4184 2028 4251 cathedralis
2074 4184 2355 4251 ecclesiae
2410 4193 2591 4250 erant

319 4321 349 4359 «
377 4297 660 4381 alumni;
705 4317 822 4366 nec
852 4294 1251 4385 parochiales
1281 4290 1565 4358 ecclesiae
1590 4289 1755 4358 ullos
1785 4291 1942 4358 alios
1968 4311 2302 4357 sacrorum
2323 4296 2592 4352 suorum

324 4425 355 4464 «
380 4402 664 4470 habuere
710 4399 1068 4486 ministroS,
1115 4418 1318 4487 quam
1365 4395 1747 4463 cathedralis
1788 4394 2074 4463 ecclesiae
2105 4390 2588 4481 presbyteros...-
