2930 4982
1211 352 1290 398 nn
1336 351 1659 400 enimus.
2290 405 2299 416 ,
2443 347 2567 404 343

282 466 562 555 damque
606 467 923 558 sapientia
966 472 1031 535 et
1072 470 1396 558 majestas,
1441 492 1585 559 quae
1613 470 1742 555 vix,
1788 470 2125 541 deficiente
2165 480 2279 541 aut
2325 486 2573 547 remoto

279 570 483 640 stabili
511 572 627 641 illo
660 578 911 656 senatu,
943 574 1373 664 reperientur.

363 677 534 748 Hinc
566 682 759 749 etiam
797 686 1142 749 autumare
1174 680 1393 749 forsan
1426 680 1599 766 licet,
1634 679 1987 749 Ecclesiam
2019 703 2161 772 quae
2180 681 2435 772 jamdiu
2465 704 2573 768 ca-

273 786 635 876 pitulorum
680 788 970 878 potestati
1016 788 1417 857 coarctandae
1451 793 1648 876 atque
1687 788 2125 877 deprimendas
2169 809 2285 878 pro
2317 796 2569 882 tempo-

274 912 423 959 rum
448 892 825 961 necessitate
856 894 1124 977 intenta,
1157 914 1232 961 ea
1267 898 1488 962 tamen
1518 891 1763 982 ubique
1787 892 2061 960 sollicite
2083 893 2286 960 voluit
2313 914 2568 963 conser-

271 1003 436 1083 vata,
464 997 543 1065 in
567 1019 799 1065 eorum
820 1004 1248 1088 augmentum
1279 1004 1469 1087 atque
1508 998 1975 1076 defensionem,
2011 1003 2229 1088 utpote
2265 1020 2409 1086 quae
2433 1001 2568 1088 jam

270 1101 557 1171 ulterius
584 1105 862 1171 coerceri
896 1126 1030 1172 non
1058 1103 1373 1194 expediat,
1407 1125 1541 1171 sese
1554 1107 2055 1173 'conversuram
2100 1102 2437 1192 Quidquid
2464 1125 2574 1176 au·

249 1192 405 1273 'tem
431 1213 827 1275 eventurum
861 1209 964 1292 sit,
999 1209 1063 1277 id
1091 1210 1374 1299 profecto
1414 1230 1667 1300 semper
1692 1209 2108 1300 probandum
2133 1209 2306 1299 quod
2340 1209 2580 1300 proba-

266 1311 398 1391 bit,
431 1314 741 1402 quodque
770 1320 1118 1403 exequetur
1155 1314 1464 1383 Ecclesia.

356 1418 541 1488 Hinc
570 1441 607 1488 a
631 1399 885 1490 duobus
914 1422 1400 1512 opinationibus
1430 1443 1614 1512 aeque
1636 1420 2077 1490 recedendum
2101 1420 2569 1505 existimamus,

268 1546 561 1614 quorum
602 1529 851 1616 patroni
886 1528 1077 1596 nobis
1105 1549 1239 1596 non
1284 1527 1589 1596 videntur
1626 1527 1778 1597 satis
1805 1528 2055 1616 integre
2097 1548 2249 1595 cum
2288 1526 2573 1597 Ecclesia

267 1632 527 1715 sentire.
567 1632 783 1701 Prima
803 1639 896 1703 est
912 1656 1139 1702 eorum
1169 1632 1285 1723 qui
1303 1635 1663 1702 restrictam
1692 1634 2130 1725 capitulorum
2155 1632 2436 1724 priscam
2462 1655 2579 1724 po-

269 1742 563 1805 testatem
612 1738 1051 1828 ingemiscunt
1087 1745 1276 1828 atque
1304 1740 1782 1824 lamentantur3
1828 1741 2012 1830 quasi
2042 1761 2117 1809 ex
2158 1741 2281 1810 hac
2309 1742 2573 1811 inducta

267 1843 729 1914 immutatione
750 1846 1037 1916 Ecclesia
1065 1870 1103 1915 a
1130 1847 1493 1938 perfectiori
1512 1847 1583 1915 in
1612 1847 1994 1916 deteriorem
2029 1839 2438 1938 disciplinam
2467 1868 2570 1916 ce-

266 1948 523 2020 ciderit.
558 1952 843 2022 Ecclesia
885 1954 1091 2032 enim,
1120 1976 1264 2043 quae
1297 1954 1444 2042 jugi
1472 1951 1753 2043 Spiritus
1797 1952 2001 2021 sancti
2036 1952 2351 2021 instinctu
2374 1955 2446 2020 in
2476 1958 2570 2022 at-

265 2058 691 2147 temperando
709 2060 903 2127 vari-is
927 2059 1331 2149 temporibus
1353 2059 1771 2148 generalisuo
1798 2058 2117 2147 regimine
2138 2058 2425 2141 ducitur,
2453 2079 2569 2127 nec

266 2159 604 2230 defectum
644 2187 765 2233 nec
808 2164 1276 2233 aberrationem
1323 2185 1509 2254 passa
1552 2163 1902 2231 orthodoxe
1949 2162 2083 2229 dici
2119 2167 2344 2253 potest.
2389 2162 2569 2232 Sicut

278 2264 582 2333 Christus
606 2268 769 2349 heri,
800 2269 1014 2349 hodie,
1029 2270 1167 2359 ipse
1193 2281 1257 2335 et
1286 2269 1356 2335 in
1387 2269 1664 2353 saecula,
1687 2269 1779 2334 ita
1806 2257 1869 2334 et
1891 2286 2122 2356 sponsa
2145 2266 2409 2349 Christi,
2432 2286 2572 2333 ma·

270 2377 372 2437 ter
400 2357 715 2459 Ecclesia,
749 2376 815 2442 in
858 2375 1154 2464 dogmate
1182 2380 1242 2442 et
1267 2374 1677 2464 generalibus
1720 2372 2080 2462 disciplinis
2120 2393 2377 2461 semper
2401 2370 2570 2439 inte-

271 2479 542 2549 merata.
589 2477 771 2550 ‘Cum
817 2505 973 2572 ergo
1013 2481 1469 2551 existimaverit
1510 2479 1969 2550 moderandam
2011 2478 2192 2547 illam
2236 2476 2571 2569 antiquam

265 2588 702 2676 ‘capitulorum
753 2586 825 2657 in
889 2589 1211 2680 regimine
1264 2590 1686 2658 ecclesiarum
1752 2584 2316 2678 participationem
2371 2591 2567 2677 atque

253 2689 638 2785 Episcopali
650 2695 887 2764 actioni
913 2686 1452 2786 cooperationem,
1478 2695 1628 2784 quis
1644 2699 1861 2761 mente
1879 2693 2132 2783 sapiens
2155 2697 2354 2782 caput
2373 2689 2571 2759 extol⁶

271 2797 406 2864 lere
434 2801 687 2884 audeat,
720 2807 781 2868 et
808 2802 1232 2891 querimoniis
1262 2801 1546 2893 Spiritus
1574 2800 1693 2868 Dei
1722 2816 1917 2890 opera
1936 2797 2386 2887 exprobrare?

280 2906 336 2943 ²¹²·
369 2901 591 2970 Altera
603 2905 844 2994 opinio,
871 2929 1015 2994 quae
1029 2930 1160 2974 non
1177 2910 1401 2975 minus
1416 2930 1452 2975 a
1470 2928 1621 2973 vero
1644 2906 1903 2972 tramite
1924 2904 2185 2970 videtur
2205 2902 2565 2986 deflectere,

273 3014 510 3076 eorum
549 3015 665 3094 est,
700 3012 814 3099 qui
850 3011 1011 3078 dum
1053 3014 1246 3079 hodie
1270 3019 1549 3081 cernunt
1578 3002 2134 3101 dejectasap‘risco
2163 3009 2568 3098 potestatiset

274 3113 652 3182 eminentiae
682 3112 1358 3208 splendorecapitula,
1384 3121 1521 3206 jam
1550 3118 1732 3205 quasi
1759 3111 2033 3184 extincta
2056 3115 2564 3203 illa=decantaut,'

274 3226 333 3289 et
358 3220 747 3289 ho'dier'nam
786 3214 1259 3292 cathedralium
1285 3224 1710 3312 collegiorum
1739 3223 2235 3305 institutionem,
2266 3216 2564 3291 'inTalia'm

275 3328 354 3394 ab
377 3327 652 3423 antiqua
673 3329 993 3423 diversam
1033 3329 1300 3398 desiisse
1332 3332 1629 3419 fingunt3
1664 3330 1751 3396 ita
1776 3334 1850 3395 ut
1871 3328 2104 3417 jamin
2147 3324 2433 3417 quddam
2458 3348 2571 3396 ve-

277 3434 570 3502 tiilo'rum
597 3435 898 3526 hospitio,
932 3437 1239 3507 canendis
1281 3437 1399 3505 Dei
1423 3428 1734 3506 laudibus
1752 3434 2281 3520 ‘addictoftotam
2302 3437 2567 3503 fereca-

276 3539 468 3629 pituli
486 3541 805 3609 'rationem
829 3543 1173 3612 consistere
1202 3534 1516 3619 dictitent.
1544 3541 2052 3623 Ecclesia'enim,
2085 3543 2381 3608 emetiam
2409 3547 2571 3609 tem-

274 3664 431 3736 pore
458 3642 591 3737 duo
613 3649 999 3716 arctioribus
1020 3649 1343 3716 limitibus
1359 3649 1638 3738 capitula
1661 3638 2568 3737 prudenter'circumscripslt,

277 3759 334 3820 et
361 3748 744 3822 conservata
780 3775 855 3821 ea
898 3755 1128 3840 voluit,
1171 3760 1235 3821 et
1272 3756 1520 3821 nedum
1562 3755 1643 3821 de
1684 3753 1900 3821 medio
1928 3752 2105 3839 tolli-5
2140 3748 2353 3818 autin
2391 3747 2569 3816 aliud

278 3858 546 3928 diversae
567 3865 811 3926 naturae
843 3860 1215 3927 institutum
1256 3860 1677 3928 transmutari
1708 3881 1892 3950 passa
1911 3850 2017 3941 sit,
2053 3852 2495 3947 principalem
2511 3859 2574 3924 et

279 3965 770 4061 constitutivum
792 3988 1017 4033 eorum
1055 3967 1257 4034 finem
1288 3965 1625 4035 sollicitius
1649 3959 2572 4050 eteonstanteremproesitnea

281 4056 587 4140 senatum
632 4071 946 4140 Ecclesiae
973 4079 1035 4140 et
1071 4073 1388 4165 Episcopi
1427 4069 1781 4147 consilium
1817 4075 2151 4160 perpetuo.
2172 4062 2579 4136 commemo-

283 4188 455 4259 ranS,
492 4178 664 4246 etin
694 4179 871 4247 hunc
898 4200 1165 4270 scopum
1197 4181 1444 4269 ubique
1491 4176 1656 4264 erigi
1689 4183 1753 4242 et
1777 4174 2158 4264 permanere
2196 4172 2577 4242 decernens:

285 4282 569 4354 Mentem
594 4305 744 4373 ergo
771 4284 1235 4357 Ecclesiaemn
1264 4286 1416 4354 satis
1443 4279 1772 4371 intelligit,
1803 4280 1920 4370 qui
1960 4279 2275 4349 hodierna
2302 4270 2579 4366 capitula

286 4391 478 4460 nihili
521 4389 812 4460 iacienda
836 4398 1112 4482 reputat.
