2930 4982
1145 373 1223 419 on
1268 369 1593 417 curturis.
2392 351 2514 406 519

231 502 515 594 capitulo
536 498 815 567 vicarius
847 494 963 585 qui
993 494 1075 562 sit
1116 494 1338 561 doctor
1369 513 1386 556 ε
1420 489 1544 556 hoc
1565 492 1779 554 autem
1805 485 1956 551 facit
1984 481 2348 572 capitulum
2376 486 2519 547 tum

228 633 349 702 per
401 607 780 675 electionem
836 602 1097 693 proprie
1134 599 1371 666 dictam
1410 594 1675 684 quando
1719 592 1947 658 adsunt
1979 590 2200 679 plures
2230 587 2523 654 doctores

232 715 482 793 idonei,
523 717 668 779 tum
720 732 832 800 per
878 708 1261 775 electionem
1320 700 1678 793 improprie
1720 698 1985 781 dictam,
2014 696 2078 762 id
2108 699 2227 781 est,
2269 693 2522 783 simpli-

233 825 394 892 citer
437 817 805 909 deputando
854 815 1117 904 quando
1176 812 1416 879 unicus
1469 809 1643 876 adest
1686 806 1907 872 doctor
1958 801 2229 870 idoneus
2277 824 2295 868 ι
2346 796 2522 890 quod

232 935 591 1015 utrumque
616 943 808 1011 scopo
832 919 1228 987 Tridentinae
1255 914 1485 1004 synodi
1511 909 1839 979 satisfacit.
2462 964 2465 967 ,

325 1032 492 1103 Vlll.
525 1028 800 1111 Quando
825 1028 1034 1114 maj0r
1057 1045 1204 1114 pars
1224 1022 1418 1109 elegit
1441 1017 1705 1086 nulliter
1720 1034 1852 1081 non
1869 1012 2224 1094 doctorem,
2241 1016 2301 1076 et
2315 1012 2526 1079 minor

232 1162 386 1231 pars
424 1137 619 1226 elegit
645 1135 1004 1216 doctorem,
1033 1151 1113 1196 an
1143 1127 1352 1196 valeat
1392 1124 1616 1190 electio
1647 1122 1810 1188 facta
1845 1142 1882 1185 a
1913 1116 2153 1185 minori
2191 1121 2411 1209 parte?
2438 1154 2526 1169 —

233 1240 789 1335 Respondendum
812 1235 1127 1324 negative.
1161 1233 1252 1300 lta
1266 1231 1447 1299 enim
1477 1227 1747 1319 plurieS,
1771 1244 1924 1292 casu
1958 1222 2289 1308 redeunte,
2326 1222 2525 1292 resol-

233 1357 331 1424 vit
358 1354 550 1424 Sacra
579 1347 1008 1439 Congregatio
1042 1343 1331 1412 concilii.
1367 1341 1509 1420 Jam
1539 1339 1607 1406 in
1648 1333 2037 1429 praecedenti
2068 1334 2271 1424 capite
2296 1334 2523 1403 citavi-

233 1483 388 1530 mus
434 1479 694 1528 causam
749 1454 1216 1534 Acernensem,
1245 1448 1331 1519 23
1362 1445 1671 1514 februarii
1724 1441 1935 1535 1709;
1999 1459 2153 1505 cum
2203 1462 2441 1530 nempe
2488 1461 2526 1507 a

233 1567 468 1657 maj0ri
509 1568 687 1654 parte
732 1558 999 1651 capituli
1030 1554 1421 1625 Acernensis
1463 1553 1704 1619 electus
1749 1549 1970 1615 fuisset
2012 1568 2142 1613 non
2187 1548 2436 1635 doctor,
2489 1567 2528 1614 a

231 1671 480 1741 minori
504 1692 655 1737 vero
680 1668 927 1749 doctor,
971 1669 1272 1732 neutram
1302 1659 1685 1728 electionem
1717 1650 1977 1725 admisit
2016 1650 2210 1720 Sacra
2237 1652 2525 1741 Congre-

234 1781 432 1870 gatio,
465 1777 575 1844 sed
603 1775 869 1842 tertium
911 1770 1236 1861 deputavit
1264 1769 1333 1835 in
1362 1765 1680 1834 vicarium
1710 1758 2156 1850 capitularem.
2193 1757 2351 1826 Duae
2379 1758 2523 1826 aliae

233 1883 614 1977 hujusmodi
658 1880 1077 1949 resolutiones
1116 1879 1565 1945 memorantur
1606 1873 1675 1938 in
1708 1868 2032 1936 Thesauro
2052 1865 2525 1934 resolutionum
2630 1938 2631 1945 χ

235 1993 421 2085 (tom.
454 1988 789 2072 XXXVII,
836 2009 986 2078 pag.
1023 1985 1179 2075 240)
1210 1984 1312 2051 his
1341 1982 1556 2050 verbis
1593 2003 1610 2048 :
1665 2003 1696 2044 «
1737 1976 1929 2044 Sacra
1977 1973 2400 2062 Congregatio
2451 1974 2522 2040 in

242 2125 279 2165 «
306 2121 441 2167 una
465 2096 817 2184 Aliphana‚
850 2092 890 2160 8
922 2091 1076 2183 julii
1114 2089 1315 2170 1702,
1359 2109 1488 2178 qua
1517 2106 1592 2154 ex
1640 2082 1986 2151 duodecim
2029 2078 2519 2169 capitularibu5‚

244 2230 281 2268 «
311 2204 599 2291 quinque
631 2222 745 2290 pro
771 2199 1083 2285 canonico
1110 2197 1368 2265 doctore
1392 2191 1705 2280 suffragia
1734 2189 2077 2270 dederant,
2106 2184 2343 2273 reliqui
2370 2178 2521 2251 vero

245 2336 283 2375 «
312 2313 553 2398 septem
583 2307 798 2373 favore
822 2305 1084 2372 alterius
1112 2301 1408 2371 canonici
1434 2321 1569 2366 non
1594 2295 1898 2378 doctoriS,
1931 2292 2184 2361 censuit
2215 2296 2517 2357 neutram

245 2440 279 2480 «
312 2412 693 2483 electionem
709 2409 1227 2479 confirmandam
1253 2430 1412 2490 esse,
1445 2410 1507 2474 et
1532 2402 2008 2472 consulendum
2036 2420 2169 2466 esse
2189 2396 2525 2465 Sanctissi-

245 2547 280 2588 «
310 2543 492 2588 mum
523 2541 641 2610 pro
679 2517 1090 2610 deputatione
1124 2515 1348 2585 vicarii
1369 2511 1747 2605 Apostolici.
1772 2509 1854 2577 Et
1887 2508 1959 2575 in
1988 2528 2121 2574 una
2162 2504 2514 2593 Nazarena‚

248 2651 282 2690 «
319 2626 391 2693 11
425 2625 809 2717 septembris
843 2624 1042 2709 1717,
1076 2643 1206 2711 qua
1234 2644 1309 2688 ex
1335 2620 1422 2686 26
1452 2615 1942 2709 capitularibuS,
1977 2612 2058 2680 15
2088 2610 2394 2699 suffragia
2418 2610 2521 2678 de-

243 2759 280 2798 «
310 2732 535 2799 derant
563 2732 773 2799 favore
800 2729 1159 2821 primicerii
1189 2750 1310 2797 nec
1341 2726 1768 2796 doctoris'nec
1792 2719 2133 2807 licentiati,
2159 2725 2220 2785 et
2246 2718 2357 2784 alii
2389 2737 2514 2783 un-

244 2863 279 2903 «
311 2839 524 2906 decim
555 2838 765 2904 favore
788 2836 1248 2904 Archidiaconi
1267 2835 1438 2924 juris
1461 2833 1806 2919 utriusque
1830 2826 2131 2908 doctoriS,
2163 2822 2520 2913 proposito:

246 2971 281 3007 «
305 2966 398 3009 an
423 2954 487 3009 et
510 2965 656 3031 qua.»
676 2942 899 3010 electio
920 2941 1381 3009 substineatur
1395 2944 1428 3007 P
1449 2937 1834 3029 responsum
1847 2933 1967 3001 fuit
1988 2956 2004 2999 ε
2024 2934 2354 3003 Neutram
2376 2927 2527 2995 sub-

246 3076 280 3115 «
300 3047 566 3129 stineri,
584 3060 649 3115 et
670 3049 1072 3138 facultatem
1105 3045 1395 3137 eliqendi
1418 3044 1802 3113 devolutam
1828 3027 1959 3108 esse
1986 3036 2080 3106 ad
2099 3036 2516 3104 viciniorem.

334 3178 371 3215 «
399 3152 916 3241 Advertendum‚
956 3152 1129 3241 quod
1172 3172 1430 3221 sacrum
1475 3149 1830 3217 concilium
1873 3147 1941 3212 in
1987 3165 2138 3212 casu
2171 3163 2303 3208 non
2342 3140 2530 3208 electi

246 3285 278 3323 «
308 3257 617 3337 doctoriS,
653 3280 786 3325 non
826 3258 1094 3347 quidem
1122 3256 1516 3348 praescripsit
1559 3259 1635 3321 ut
1662 3254 1888 3321 doctor
1915 3249 2184 3317 existens
2213 3248 2351 3338 ipso
2368 3248 2518 3336 jure

247 3364 553 3431 «electus
578 3370 970 3447 censeretur,
1017 3364 1127 3431 sed
1161 3368 1414 3430 tantum
1444 3369 1520 3429 ut
1561 3361 1641 3429 ad
1686 3357 2256 3448 metropolitanum
2299 3351 2525 3422 devol-

249 3476 504 3560 «lvatur
533 3471 641 3559 jus
667 3469 1015 3560 deputandi
1045 3470 1384 3537 vicarium.
1416 3494 1451 3534 >³

332 3575 521 3644 Unde
546 3575 805 3664 quando
837 3575 1120 3642 invalida
1148 3582 1240 3643 est
1263 3576 1490 3643 electio
1511 3596 1584 3642 ex
1608 3595 1683 3641 eo
1711 3572 1886 3663 quod
1916 3592 2048 3639 non
2073 3569 2267 3636 fuerit
2289 3566 2530 3635 electus

240 3679 490 3766 doctor,
531 3702 741 3769 neque
783 3680 947 3747 valet
980 3682 1203 3747 electio
1244 3681 1524 3748 doctoris
1558 3702 1594 3747 a
1622 3679 1858 3746 minori
1897 3682 2073 3768 parte
2097 3675 2283 3753 facta,
2316 3692 2528 3762 neque

244 3808 279 3853 a
303 3787 559 3854 fortiori
583 3787 805 3855 vicarii
834 3786 1208 3877 capitularis
1234 3791 1602 3877 potestatem
1627 3786 1969 3876 acquisivit
1995 3782 2232 3849 unicus
2255 3781 2530 3848 existens

245 3892 471 3962 doctor
518 3894 632 3983 qui
696 3894 878 3961 nulla
932 3893 1237 3981 suffragia
1273 3894 1553 3977 'habuit3
1608 3893 1718 3962 sed
1783 3891 2004 3959 electio
2049 3889 2410 3958 devolvitur
2452 3884 2533 3955 ad

246 3996 841 4088 Metropolitanum,
874 4000 976 4066 vel
1005 4000 1085 4067 ad
1118 4000 1557 4089 antiquiorem
1578 3998 2091 4087 suffraganeum,
2120 3993 2175 4063 si
2197 4001 2424 4084 agatur
2452 3993 2534 4063 de

249 4105 744 4195 metropolitana
768 4106 1057 4174 ecclesia.

336 4210 475 4279 Alii
514 4233 697 4279 casus
726 4212 898 4310 circa
923 4213 1327 4280 doctoratum
1379 4210 1718 4284 commode
1776 4210 2162 4300 rejiciuntur
2213 4207 2294 4274 ad
2335 4207 2526 4292 caput

256 4337 555 4406 sequenS,
585 4319 655 4385 in
695 4340 824 4407 quo
852 4319 1237 4409 expenditur
1278 4341 1361 4387 an
1411 4318 1694 4388 vicarius
1733 4316 2114 4406 capitularis·
2154 4313 2234 4381 de
2289 4305 2534 4396 gremio

255 4424 523 4514 capituli
546 4424 900 4493 necessario
921 4427 1165 4493 assumi
1189 4426 1438 4494 debeat.
