2930 4982
276 342 403 400 366
1253 346 1602 394 ‘ramnus

278 504 312 542 «
345 477 601 544 tenetur
623 471 787 540 illud
805 469 1140 551 adbibere,
1165 473 1231 537 et
1260 489 1395 537 non
1418 467 1631 558 sequi,
1657 465 1784 536 nisi
1808 466 1880 534 in
1896 465 2292 556 quibusdam
2317 465 2570 537 casibus

279 612 314 651 α
351 607 389 653 a
407 586 556 674 jure
581 578 917 669 expressis.

361 715 399 757 α
427 687 755 758 Caeterum
787 681 1190 754 consuetudo
1218 683 1410 774 plura
1438 682 1835 774 praescripsit
1863 681 2084 750 favore
2101 680 2573 772 Episcoporum

276 822 312 861 α
335 795 510 863 circa
550 795 929 884 potestatem
1000 788 1394 881 procedendi
1447 791 1588 858 sine
1638 789 1911 858 consilio
1956 792 2021 857 et
2071 810 2228 857 cum
2274 788 2572 878 plenaria

275 900 655 982 «libertate,
688 897 885 965 etiam
916 896 987 963 in
1016 895 1270 964 casibus
1301 896 1370 964 in
1407 895 1651 986 quibus
1668 897 1824 985 jura
1862 892 2275 984 requirebant
2301 913 2575 963 consen-

277 1032 312 1071 «
340 1027 515 1074 sum.
555 1002 778 1071 Praxis
806 1023 1090 1092 namque
1110 1003 1251 1091 fere
1266 1001 1600 1094 qeneralis
1630 1012 1726 1068 est
1745 999 1959 1078 bodie,
1993 1005 2066 1067 ut
2091 999 2395 1091 Episcopi
2422 1021 2567 1091 pro·

280 1138 316 1179 α
343 1110 576 1180 cedant
603 1109 672 1177 in
697 1109 907 1177 causis
936 1107 1392 1176 criminalibus
1420 1109 1731 1176 omnium
1760 1105 2171 1175 subditorum
2201 1107 2399 1174 etiam
2430 1105 2569 1176 sine

281 1242 316 1283 α
352 1215 709 1285 consilio...
739 1213 959 1303 ltaque
985 1214 1386 1283 consuetudo
1415 1211 1810 1305 procedendi
1834 1213 1975 1280 sine
1994 1210 2264 1279 consilio
2293 1217 2572 1303 coeperat

281 1349 316 1389 ι(
341 1324 537 1390 etiam
572 1320 907 1412 praescribi
944 1340 1153 1409 usque
1196 1320 1277 1388 de
1306 1324 1597 1411 tempore
1626 1318 1946 1387 Bonifacii
1973 1316 2147 1400 VIll,
2175 1318 2288 1405 qui
2316 1317 2573 1386 consul·

279 1455 314 1495 α
339 1434 447 1496 tus
474 1448 558 1495 au
601 1424 982 1516 hujusmodi
1014 1426 1416 1494 consuetudo
1467 1425 1885 1506 sustineatur,
1910 1423 2245 1514 respondit
2284 1423 2575 1491 affirma·

281 1559 314 1597 α
342 1533 497 1601 tive.
527 1557 562 1597 »
603 1530 700 1622 (C.
736 1532 891 1601 Non
922 1541 1046 1608 est,
1078 1528 1119 1598 3
1140 1583 1158 1613 ,
1187 1534 1282 1598 De
1309 1541 1631 1615 consuet„
1656 1531 1728 1596 in
1761 1528 1857 1619 ὃ.)

359 1635 745 1705 Auctoritati
790 1634 1007 1704 Sacrae
1049 1635 1226 1703 Rotae
1274 1635 1694 1724 adjungenda
1739 1641 1832 1701 est
1859 1634 2058 1701 altera
2095 1633 2300 1702 multo
2320 1634 2568 1723 major3

269 1741 451 1810 bulla
469 1763 710 1832 nempe
735 1764 800 1809 xi
833 1741 1083 1809 Urbani
1114 1739 1263 1811 Vlll
1287 1762 1435 1830 qnae
1477 1741 1710 1830 incipit
1751 1744 1946 1807 Decet
1978 1744 2358 1808 Romanum
2396 1741 2575 1807 Pon-

272 1846 515 1937 tificem
541 1846 700 1937 (Bul
702 1847 957 1914 larium
977 1850 1087 1931 R„
1119 1847 1319 1938 partis
1344 1868 1387 1913 v
1406 1852 1584 1914 tomo
1605 1845 1690 1929 V,
1711 1868 1860 1937 pag.
1896 1846 2071 1937 166),
2093 1868 2223 1935 qua
2246 1846 2579 1913 dirimitur

271 1952 704 2021 controversia
746 1954 916 2022 inter
963 1954 1451 2022 Atrebateusem
1505 1953 1905 2045 Episcopum
1950 1953 2283 2043 ipsiusque
2331 1952 2577 2042 capitu-

272 2057 441 2126 lum.
503 2057 989 2126 Contendebant
1027 2059 1322 2127 canonici
1372 2059 1826 2127 Atrebatenses
1862 2066 2189 2148 exemptos
2235 2081 2300 2126 se
2340 2080 2471 2126 esse
2529 2080 2573 2125 a

267 2163 718 2255 jurisdictione
755 2163 1107 2246 Ordinarii,
1157 2164 1229 2230 in
1267 2164 1403 2232 vim
1447 2166 1775 2255 praecipue
1830 2164 2174 2254 cujusdam
2227 2164 2398 2255 pacti
2434 2163 2575 2232 sive

276 2271 642 2340 concordiae
678 2269 841 2338 olim
879 2293 1036 2339 cum
1072 2271 1357 2360 quodam
1393 2269 1804 2339 Atrebatensi
1833 2271 2108 2362 praesule
2132 2270 2341 2354 initae3
2375 2291 2576 2360 quam

271 2378 751 2466 exemptionem
779 2377 1079 2444 dicebant
1104 2397 1142 2443 a
1170 2377 1445 2445 concilio
1473 2376 1853 2445 Tridentino
1884 2376 2161 2445 minime
2190 2376 2391 2445 fuisse
2423 2377 2576 2445 sub·

274 2480 498 2548 latam.
549 2480 670 2549 Die
714 2504 863 2550 vero
906 2482 993 2549 20
1044 2481 1358 2551 februarii
1391 2482 1600 2569 1623,
1647 2484 1889 2573 prodiit
1935 2505 2317 2574 responsum
2362 2482 2580 2553 Sacrae

273 2584 809 2674 Congregationis
847 2587 1135 2672 concilii,
1194 2589 1530 2658 declarans
1576 2591 1954 2679 praedictam
1997 2590 2400 2658 concordiam
2448 2611 2573 2658 seu

274 2689 758 2760 concessionem
815 2691 1102 2781 capitulo
1146 2692 1555 2762 Atrebatensi
1601 2695 1762 2762 olim
1808 2696 2073 2782 factam,
2109 2717 2145 2761 a
2182 2692 2569 2761 Tridentina

274 2799 518 2889 synodo
553 2798 758 2888 fuisse
792 2796 1164 2866 sublatam.
1201 2797 1424 2867 Postea
1458 2800 1541 2867 ad
1581 2800 1818 2869 melius
1849 2800 2369 2892 praecludendam
2395 2820 2572 2869 con-

261 2906 677 2975 tentionibus
700 2906 896 2986 viam,
947 2904 1387 2995 supplicatum
1423 2912 1518 2974 est
1550 2907 1765 2974 eidem
1796 2906 2009 2975 Sacrae
2038 2903 2572 2996 Congregationi,

276 3018 350 3079 ut
382 3012 758 3101 dignaretur
804 3033 1077 3101 sequens
1127 3011 1407 3079 dubium
1443 3012 1808 3101 specialiter
1831 3012 2180 3096 declarare,
2219 3012 2521 3080 videlicet
2551 3034 2568 3077 :

276 3117 382 3184 An
406 3119 779 3208 Episcopus
818 3116 1276 3185 Atrebatensis
1296 3140 1494 3186 suam
1518 3117 1972 3186 cathedralem
1996 3117 2364 3193 ecclesiam,
2401 3117 2577 3206 ejus·

273 3245 400 3310 que
424 3224 804 3313 capitulum
832 3234 897 3290 et
918 3245 1239 3312 personas
1260 3223 1533 3291 visitare
1549 3225 1766 3314 possit
1788 3222 1881 3291 ad
1906 3224 2386 3315 praescriptum
2411 3222 2581 3291 dicti

270 3326 544 3394 concilii
576 3329 655 3417 (c.
710 3330 777 3413 4,
829 3348 980 3396 3633.
1028 3327 1092 3418 6)
1122 3354 1139 3415 3
1196 3341 1259 3396 et
1306 3340 1502 3397 extra
1547 3329 2021 3414 visitationem,
2079 3328 2573 3420 capitularium

271 3454 507 3500 causas
531 3432 932 3516 criminales,
964 3455 1116 3500 cum
1149 3433 1535 3523 adjunctis;
1565 3436 1850 3505 aliorum
1872 3460 2023 3505 vero
2055 3437 2174 3527 qui
2203 3458 2321 3504 nec
2349 3434 2575 3525 diqni-

272 3549 445 3606 tates
497 3536 802 3605 obtinent
838 3561 955 3606 nec
992 3550 1151 3605 sunt
1202 3537 1283 3606 de
1310 3540 1631 3629 capitula,
1673 3563 1803 3632 per
1841 3563 1908 3609 se
1946 3541 2165 3631 ipsum
2188 3562 2572 3631 coqnoscere

257 3646 501 3713 ’valeat
534 3668 615 3713 ex
650 3646 905 3714 decreto
938 3644 1106 3713 dicti
1127 3645 1392 3714 concilii
1437 3646 1516 3735 (c.
1551 3648 1618 3726 6,
1648 3653 1798 3725 sess.⁴
1833 3647 1984 3736 25);
2019 3658 2274 3715 asserta
2298 3668 2568 3715 concor·

276 3750 415 3831 dia,
461 3750 1020 3842 exemptionibus,
1090 3751 1197 3819 vel
1269 3752 1736 3820 consuetudine
1786 3752 1992 3820 etiam
2050 3750 2573 3820 immemorabili

269 3859 617 3924 contraria
650 3879 784 3924 non
807 3855 1251 3925 obstantibus.
1285 3896 1380 3910 —
1405 3857 1526 3926 Die
1554 3858 1632 3925 17
1660 3858 1817 3926 maii
1852 3857 2047 3936 1623,
2068 3857 2261 3926 Sacra
2283 3856 2571 3945 Congre-

271 3960 444 4046 gatio
502 3962 886 4045 declaravit,
950 3963 1363 4053 Episcopum
1405 3971 1460 4030 A
1474 3965 1908 4033 trebatensem
1958 3987 2157 4056 posse
2221 3964 2573 4033 ecclesiam

271 4083 464 4129 suam
487 4066 940 4137 cathedralem
966 4066 1232 4158 ejusque
1260 4069 1638 4159 capitulum
1668 4071 1941 4139 visitare
1956 4094 1983 4153 ,·
2007 4084 2074 4139 et
2107 4083 2303 4138 extra
2332 4069 2570 4137 visita-

273 4168 523 4236 tionem
560 4191 792 4239 causas
819 4174 1205 4243 criminales
1255 4176 1769 4267 capitularium,
1812 4201 1951 4246 una
1984 4201 2137 4246 cum
2179 4176 2522 4267 adjunctis
2538 4194 2571 4258 ;

271 4275 567 4345 aliorum
597 4296 749 4341 vero
776 4280 892 4365 qui
932 4302 1047 4347 nec
1074 4281 1433 4372 diqnitates
1454 4283 1758 4352 obtinent
1785 4307 1904 4353 nec
1936 4297 2097 4352 sunt
2119 4284 2200 4353 de
2227 4282 2565 4374 capitula,

265 4406 388 4472 per
408 4382 695 4474 seipsum
750 4402 1128 4471 coqnoscere
1149 4401 1216 4455 et
1242 4387 1513 4476 definire
1530 4410 1561 4473 ;
1609 4413 1745 4459 non
1773 4391 2078 4461 obstante
2125 4401 2380 4461 asserta
2407 4410 2564 4458 con·
