2930 4982
1206 357 1284 403 1)ss
1329 357 1661 404 cmwns.
2496 349 2517 402 1
2540 350 2571 403 3

292 477 581 562 Patrum,
602 482 761 544 tom.
794 475 944 559 XV,
971 498 1119 566 pag.
1150 475 1333 567 627);
1365 476 1479 544 ubi
1495 476 1804 567 plebibus
1834 478 2009 545 idem
2031 482 2216 546 sonat
2239 497 2312 543 ac
2332 477 2575 546 dioece-
2645 495 2650 502 '

290 580 483 648 sibus.
510 579 818 648 Plebium
841 580 1172 649 cathedroe
1191 582 1504 650 dicuntur
1529 583 1918 652 cathedrales
1941 585 2006 651 in
2027 582 2179 652 Vita
2204 582 2271 651 S.
2292 581 2577 674 Fulgen-

291 687 378 771 tii,
426 686 511 754 ab
550 692 807 755 auctore
848 689 1217 776 synchrono
1283 689 1689 779 conscripta3
1735 690 1804 757 in
1851 691 2131 759 concilio
2169 688 2573 780 Hipponensi

290 794 494 882 quarti
526 793 787 878 saeculi3
838 794 907 861 in
935 794 1304 863 Pontificali
1345 793 1781 877 Damasian03
1813 796 1883 862 in
1915 796 2320 864 carminibus
2343 796 2410 864 S.
2444 794 2575 864 Da-

291 902 474 968 masii
499 900 715 991 Papae,
752 907 815 967 et
849 901 1085 991 passim
1129 901 1302 991 apud
1336 902 1584 981 PatreS,
1614 901 1800 970 verbi
1840 903 2068 990 gratia,
2111 902 2317 991 capite
2345 924 2363 969 ι
2393 908 2456 970 et
2482 925 2571 986 vn,

290 1008 568 1098 epistolae
601 1007 706 1089 12,
737 1006 939 1074 sancti
963 1005 1200 1074 Leonis
1225 1006 1468 1094 Magni.
1497 1008 1690 1076 Plebs
1720 1006 1902 1076 dieta
1921 1008 2122 1075 etiam
2147 1007 2572 1091 cathedralis,

291 1115 502 1203 inquit
548 1112 885 1202 Ducange,
935 1114 1111 1202 quod
1156 1113 1385 1203 probat
1435 1114 1692 1181 citando
1720 1122 1964 1182 cartam
1994 1114 2346 1202 quamdam
2373 1114 2576 1182 Caroli

293 1210 489 1283 Calvi.
532 1214 871 1305 Reperitur
907 1222 969 1282 et
1011 1216 1407 1285 vocabulum
1451 1215 1931 1308 archiepiscopi
1965 1215 2256 1308 plebani
2298 1217 2574 1307 (Concil.

299 1328 449 1388 tom.
494 1321 701 1407 XXII,
748 1323 870 1390 col.
914 1322 1096 1413 298).
1137 1322 1342 1392 Plura
1377 1330 1809 1392 monumenta
1830 1324 1978 1391 vide
2005 1323 2179 1413 apud
2206 1321 2406 1393 Nardi
2442 1325 2587 1415 (Dei

295 1428 602 1515 Peiroeki,
625 1436 782 1497 tom.
810 1428 894 1507 ΙΙ,
923 1451 1069 1519 pag.
1101 1429 1283 1518 219).
1308 1430 1398 1497 At
1421 1453 1495 1498 ex
1520 1430 1729 1498 allatis
1750 1430 1899 1497 satis
1919 1435 2165 1497 constat
2174 1429 2444 1521 plebem
2469 1454 2583 1498 an-

295 1532 563 1621 tiquitus
589 1533 718 1601 dici
750 1533 1005 1601 solitam
1035 1534 1234 1603 fuisse
1270 1535 1702 1603 cathedralem
1736 1535 2075 1604 ecclesiam
2102 1540 2165 1602 et
2199 1540 2398 1603 totam
2427 1535 2582 1625 Epi-

293 1640 463 1728 scopi
486 1639 837 1707 dioecesim.
861 1638 1000 1706 Imo
1023 1640 1284 1730 quando
1304 1641 1437 1708 sola
1467 1642 1757 1709 occurrit
1779 1641 1888 1707 illa
1905 1661 2024 1708 vox
2047 1641 2115 1707 in
2141 1643 2585 1709 monumentis

253 1781 259 1785 -
291 1745 636 1831 veteribUS,
668 1746 744 1813 de
770 1745 966 1835 plebe
1013 1746 1330 1837 Episcopi
1381 1747 1807 1836 intelligenda
1845 1752 1961 1831 est,
2011 1768 2143 1814 non
2181 1747 2446 1815 alterius
2475 1769 2584 1815 sa-

295 1852 588 1919 cerdotiS.

378 1956 810 2045 Frequentius
856 1958 1153 2026 matricis
1200 1962 1263 2025 et
1308 1958 1548 2025 matris
1595 1958 1874 2025 ecelesiae
1916 1958 2343 2048 appellatione
2371 1960 2586 2026 vocari

294 2062 532 2129 solebat
576 2062 996 2141 cathedralis:
1047 2086 1122 2130 ex
1165 2086 1294 2152 quo
1327 2063 1520 2131 etiam
1552 2064 1939 2151 intelligitur
1972 2085 2172 2152 quare
2195 2063 2587 2131 cathedrales

294 2168 648 2255 presbyteri
691 2173 754 2234 et
802 2169 1060 2236 diaconi
1111 2168 1483 2236 dicerentur
1530 2168 2011 2236 matricularii.
2067 2167 2141 2234 ln
2193 2170 2441 2237 actibus
2469 2192 2588 2237 au·

295 2272 602 2338 theuticis
642 2274 850 2338 sancti
896 2273 1249 2339 Gaudentii
1294 2275 1600 2358 martyris
1637 2279 1701 2339 et
1727 2273 2125 2338 Riminensis
2151 2272 2479 2362 Episcopi,
2515 2275 2592 2341 de

299 2376 416 2441 illo
435 2380 657 2442 sancto
675 2374 946 2463 praesule
971 2375 1049 2442 ad
1068 2374 1392 2443 civitatem
1413 2397 1599 2442 suam
1624 2376 1861 2443 reduce
1884 2375 2124 2444 dicitur
2154 2402 2171 2443 ε
2216 2403 2250 2443 «
2276 2376 2588 2447 Dolosum

304 2508 337 2544 «
365 2480 767 2548 Arianorum
818 2486 1073 2571 typum,
1122 2480 1191 2548 in
1231 2481 1542 2569 laqueum
1591 2488 1653 2549 et
1698 2482 2140 2572 deceptionem
2184 2483 2584 2575 simplicium

305 2589 814 2667 «adinventum,
846 2588 1243 2678 presbyterio
1280 2589 1596 2678 exposuit,
1636 2594 1699 2656 et
1741 2610 1962 2656 coram
1991 2591 2294 2658 universa
2321 2595 2588 2661 ecclesia

307 2721 337 2754 «
368 2693 725 2760 damnavit.
782 2692 1172 2763 Martianum
1229 2715 1489 2783 quoque
1543 2694 1991 2783 presbyterum
2047 2696 2587 2765 matricularium

309 2823 585 2880 «suum,
629 2798 894 2867 Arianis
923 2800 1335 2890 pertinaciter
1395 2800 1859 2884 adhaerentem,
1911 2800 2229 2868 catholica
2278 2822 2591 2869 commu-

310 2932 341 2968 «
371 2907 565 2973 nione
602 2906 901 2995 privavit.
945 2928 980 2968 >³
1028 2904 1152 2972 Per
1192 2904 1545 2972 matricem
1586 2905 1867 2991 intelligi
1896 2905 2056 2971 olim
2084 2904 2340 2970 solitam
2372 2906 2592 2974 cathe-

306 3013 568 3092 dralem,
603 3011 855 3099 ingenti
885 3017 1471 3078 monumentorum
1499 3009 1673 3076 mole
1696 3008 1929 3099 probat
1955 3007 2152 3076 Nardi
2184 3008 2346 3099 (loco
2373 3012 2584 3096 citato,

306 3137 448 3205 pag.
500 3116 682 3204 220).
744 3114 956 3183 Unica
1009 3137 1163 3204 ergo
1208 3120 1342 3182 erat
1404 3115 1474 3181 in
1530 3118 1660 3181 tota
1706 3114 1965 3182 dioecesi
2012 3114 2279 3183 ecclesia
2332 3119 2592 3208 proprie

307 3221 490 3287 dicta.
527 3219 739 3289 Unica
767 3220 993 3288 eadem
1018 3227 1153 3288 erat
1173 3221 1508 3311 parochia,
1532 3226 1878 3310 antequam
1906 3220 2144 3289 saeculo
2166 3244 2232 3289 1v
2248 3221 2592 3313 plebanioe

308 3328 442 3393 ruri
484 3328 1068 3412 constituerentur3
1111 3329 1182 3395 in
1232 3326 1599 3395 civitatibus
1635 3333 1850 3394 autem
1880 3328 2075 3395 unica
2099 3327 2236 3396 haec
2268 3351 2385 3420 per
2410 3330 2591 3398 mille

310 3454 505 3500 annos
548 3435 858 3524 parochia
902 3435 1284 3526 permansit,
1332 3432 1627 3521 quamvis
1654 3433 1783 3501 fere
1806 3433 2050 3522 ubique
2073 3433 2363 3503 adessent
2389 3437 2592 3503 simul

309 3538 592 3608 Oratoria
635 3547 699 3609 et
747 3541 1131 3630 Collegiatae.
1193 3565 1228 3605 «
1266 3539 1502 3608 Toutes
1534 3540 1626 3607 les
1670 3540 1985 3631 paroisses
2023 3540 2112 3607 du
2154 3541 2406 3609 diocese
2448 3548 2593 3609 sont

315 3648 467 3715 «les
512 3648 677 3717 filles
723 3648 802 3714 de
845 3647 910 3715 la
955 3646 1343 3732 cathedrale,
1398 3668 1593 3737 parce
1639 3647 1799 3735 qu’il.
1849 3646 1961 3734 n'y
2003 3666 2087 3712 en
2137 3667 2175 3710 a
2224 3645 2409 3732 point
2462 3665 2593 3712 une

315 3756 550 3823 «seule
589 3755 707 3845 qui
756 3752 911 3821 n'en
958 3753 1079 3820 soit
1127 3753 1344 3832 sortie,
1397 3753 1488 3817 du
1535 3752 1751 3816 moins
1798 3750 2282 3815 mediatement.
2325 3746 2472 3818 Ceci
2501 3759 2593 3821 est

319 3885 350 3922 «
377 3860 505 3929 aise
555 3861 593 3928 a
637 3857 1086 3950 comprendre.
1130 3854 1346 3923 Avant
1377 3851 1540 3943 qu'il
1579 3874 1620 3941 y
1657 3852 1769 3919 eut
1797 3852 1909 3918 des
1937 3851 2247 3941 paroisses
2271 3852 2306 3920 a
2330 3854 2392 3922 la
2422 3878 2593 3926 cam-

319 3990 350 4029 «
377 3988 587 4055 pagne
611 4018 628 4048 ,
683 3965 746 4031 la
797 3962 1164 4031 cathedrale
1222 3960 1376 4029 etait
1432 3957 1508 4026 la
1560 3955 1741 4025 seule
1795 3977 1946 4023 cure
1994 3954 2081 4023 du
2137 3957 2407 4029 diocese.
2471 3962 2593 4029 Les

319 4098 349 4132 «
381 4072 686 4139 autorites
736 4090 861 4158 que
918 4068 1008 4137 M.
1065 4067 1342 4136 Huillier
1413 4069 1715 4156 rapporte
1775 4068 1920 4131 sont
1968 4083 2115 4131 sans
2171 4066 2485 4157 replique.
2548 4094 2583 4133 ›>

319 4176 678 4265 (Memoires
715 4176 803 4244 du
835 4176 1048 4264 clerge
1075 4175 1154 4242 de
1181 4174 1450 4260 France,
1477 4177 1635 4240 tom.
1670 4170 1782 4255 VI,
1820 4192 1967 4262 pag.
2009 4170 2233 4262 1171.)

401 4284 478 4353 ll.
516 4285 688 4353 Ante
715 4304 781 4349 lv
805 4282 1119 4350 saeculum
1149 4280 1371 4348 nullus
1400 4279 1471 4346 in
1507 4277 1757 4346 mundo
1793 4277 1999 4345 extitit
2027 4278 2349 4365 parochus
2372 4275 2592 4362 quales

319 4389 506 4459 hodie
555 4393 795 4473 extant3
850 4387 960 4457 sed
1010 4386 1370 4477 Episcopus
1425 4407 1499 4453 ex
1562 4386 1643 4453 iis
1694 4406 1842 4474 quae
1884 4381 2078 4449 hodie
2126 4403 2242 4470 per
2282 4375 2594 4466 parochos
