2930 4982
390 336 518 394 426
1358 343 1702 389 malm-nus

396 489 432 529 ιι
460 485 653 554 scopo
679 463 1132 552 eligendorum
1158 488 1175 549 ;
1209 463 1494 530 secunda
1534 461 1775 552 species
1809 468 1902 529 est
1925 460 2209 529 duorum
2235 459 2432 528 etiam
2462 460 2543 529 de
2569 482 2680 530 ca-

398 593 433 633 «
461 568 688 660 pitulo,
722 589 1008 658 quorum
1046 567 1210 637 alter
1242 568 1325 636 ab
1356 566 1700 658 Episcop0‚
1736 567 1898 635 alter
1930 587 2084 635 vero
2115 565 2198 633 ab
2235 566 2373 656 ipso
2392 565 2675 656 capitulo

394 700 430 740 ι(
456 680 551 744 est
590 674 950 765 eligendus.
992 674 1211 743 Tertia
1255 674 1498 764 species
1544 678 1636 742 est
1680 672 1969 741 duorum
2018 672 2099 740 de
2144 671 2314 741 clero
2368 671 2678 760 civitatis,

396 808 431 847 (ι
457 805 742 873 quorum
776 804 949 852 unus
981 783 1281 851 similiter
1324 783 1406 851 ab
1446 782 1789 874 EpiscopO,
1834 786 1898 850 et
1937 781 2098 849 alter
2130 801 2169 848 a
2206 778 2381 847 clero
2415 784 2511 847 est
2558 779 2682 848 eli-

398 915 434 954 «
463 889 741 981 gendus.
787 913 823 955 »
868 888 999 957 Ubi
1042 889 1295 958 videtur
1327 890 1410 957 ab
1445 889 1559 956 illo
1595 893 1855 958 auctore
1900 888 1971 955 in
2008 887 2169 955 duas
2214 885 2446 956 classes
2474 885 2681 956 dividi

387 996 919 1066 commissionem
958 1018 1161 1085 quam
1200 995 1573 1065 vocavimus
1606 991 2224 1063 administrationis
2254 991 2673 1082 temporalis.

387 1100 485 1172 De
528 1101 914 1192 deputandis
961 1107 1179 1169 autem
1231 1102 1495 1190 quando
1541 1101 1705 1170 ratio
1749 1096 2330 1169 administrationis
2380 1096 2671 1165 redditur

387 1206 725 1299 Episcop0,
753 1208 929 1275 idem
961 1215 1183 1276 auctor
1209 1209 1555 1299 separatim
1584 1229 1718 1276 non
1746 1206 2060 1296 loquitur.
2079 1203 2208 1274 Sed
2238 1204 2478 1271 modus
2521 1225 2675 1272 enu-

387 1312 687 1380 merandi
723 1313 917 1381 nihili
958 1313 1181 1400 refert,
1235 1313 1400 1381 dum
1440 1315 1519 1381 de
1553 1314 1749 1381 rebus
1805 1313 1961 1404 ipsis
2008 1315 2179 1380 certo
2226 1315 2517 1394 constat3
2563 1332 2672 1402 po·

385 1423 633 1509 testque
654 1420 852 1486 lector
881 1419 1153 1487 modum
1179 1420 1296 1509 qui
1325 1419 1452 1487 sibi
1484 1419 1693 1507 magis
1714 1418 2002 1486 arriserit
2025 1415 2367 1511 anteferre.

477 1523 794 1595 Praeterea
846 1525 1015 1593 clare
1056 1530 1409 1594 sanxerunt
1448 1523 1814 1592 Tridentini
1854 1522 2096 1603 PatreS,
2128 1521 2353 1591 omnia
2385 1524 2670 1614 ejusdem

387 1632 680 1701 dioecesis
704 1631 1054 1699 seminaria
1096 1652 1249 1698 cum
1287 1631 1512 1698 eodem
1548 1630 1753 1697 trium
1777 1629 2232 1720 praedictarum
2265 1631 2668 1699 commissio-

386 1756 553 1804 num
599 1735 967 1805 interventu
1002 1737 1135 1805 fore
1169 1736 1704 1821 administranda,
1750 1758 1905 1805 cum
1935 1758 2225 1827 expresse
2262 1738 2570 1820 statuerit,
2594 1743 2668 1811 ut

386 1839 474 1908 ab
505 1840 636 1908 illo
665 1863 797 1909 uno
826 1840 1007 1933 quod
1037 1843 1113 1910 in
1156 1843 1435 1910 civitate
1471 1853 1761 1911 erectum
1802 1854 1867 1911 et
1904 1842 2352 1911 constitutum
2369 1844 2577 1934 fuerit
2597 1843 2667 1913 in

387 1946 694 2015 omnibus
734 1945 1167 2039 dependeant.
1210 1947 1353 2030 Quo
1392 1948 1648 2017 decreto
1685 1949 2147 2040 comprehendi
2186 1949 2385 2017 etiam
2426 1972 2505 2018 ea
2539 1949 2671 2018 col-

386 2051 557 2140 legia
592 2075 737 2143 quae
766 2055 835 2121 in
875 2052 1104 2122 Galliis
1133 2053 1257 2122 sub
1289 2053 1718 2146 appellatione
1751 2076 2123 2145 parvorum
2163 2053 2669 2122 seminar-iorum

388 2156 684 2240 veniunt,
741 2159 812 2227 in
863 2160 1107 2249 quibus
1162 2181 1399 2249 nempe
1449 2160 1900 2248 grammatica,
1954 2160 2375 2228 humaniores
2428 2160 2665 2246 litterae,

389 2262 662 2355 aliaeque
683 2273 915 2357 praeter
941 2265 1331 2355 theologicas
1357 2265 1720 2356 disciplinae
1738 2266 2077 2347 docentur,
2110 2266 2532 2335 manifestum
2549 2271 2663 2351 est3

390 2370 534 2439 haec
565 2374 789 2441 omnia
821 2374 997 2442 enim
1037 2374 1161 2442 sub
1204 2374 1472 2441 nomine
1513 2372 2010 2441 seminariorum
2053 2371 2271 2441 Patres
2314 2371 2669 2442 Tridentini

391 2478 706 2567 expressis
735 2477 1032 2545 terminis
1067 2477 1139 2545 in
1193 2478 1446 2567 reliqua
1477 2483 1656 2568 parte
1683 2477 1977 2568 ejusdem
2028 2478 2255 2571 capitis
2307 2478 2417 2563 18,
2456 2477 2671 2548 sessio-

388 2582 492 2650 nis
519 2582 635 2669 23,
667 2583 1255 2673 comprehendunt.

475 2686 564 2755 At
608 2708 761 2755 vero
806 2688 1012 2755 multa
1038 2687 1166 2755 alia
1205 2710 1499 2779 expresse
1533 2711 1666 2759 non
1715 2691 2384 2784 definieruntzssverhi
2431 2688 2660 2780 gratia,

392 2796 618 2861 utrum
664 2794 1117 2885 praedictarum
1149 2796 1691 2864 commissionum
1727 2798 2023 2867 membra
2058 2805 2365 2891 perpetua
2397 2797 2558 2882 sint,
2586 2817 2672 2862 an

393 2920 548 2967 vero
574 2900 863 2969 revocari
892 2901 1140 2992 possint
1182 2902 1261 2970 ad
1294 2908 1569 2987 nutum3
1603 2925 1912 2992 quaenam
1959 2905 2346 2995 singillatim
2397 2902 2673 2970 materiae

393 3004 912 3098 uniuscujusque
942 3008 1424 3076 commissionis
1449 3011 1795 3099 proprium
1825 3010 2158 3099 objectum
2181 3010 2664 3095 constituerent,

395 3131 480 3179 an
530 3133 759 3180 earum
807 3119 1030 3182 votum
1059 3114 1418 3184 decisivum
1462 3117 1571 3202 sit,
1615 3138 1697 3183 an
1735 3138 1890 3184 vero
1921 3117 2366 3186 consultivum
2388 3119 2663 3198 tantum;

395 3221 459 3285 et
485 3218 591 3287 his
617 3219 879 3288 similia.
925 3219 1112 3301 Quod
1154 3242 1308 3310 ergo
1347 3222 1817 3311 expectandum
1864 3228 2025 3309 erat,
2067 3228 2129 3291 et
2185 3221 2399 3312 quoad
2445 3218 2663 3288 multas

395 3320 554 3388 alias
576 3323 872 3411 ejusdem
896 3326 1124 3413 synodi
1161 3325 1334 3414 leges
1370 3326 1627 3409 accidit,
1684 3327 1857 3395 circa
1907 3326 2064 3396 dicti
2094 3325 2338 3396 decreti
2371 3326 2662 3415 interpre-

398 3426 711 3495 tationem
734 3429 929 3498 etiam
971 3432 1205 3500 evenit.
1262 3431 1457 3500 Plura
1507 3432 1749 3502 scilicet
1779 3433 2209 3518 orta,dubia;
2278 3432 2361 3500 ad
2395 3450 2658 3522 quorum

399 3532 787 3605 solutionem
825 3538 1033 3605 multa
1075 3537 1331 3607 Summi
1364 3538 1705 3607 Pontifices
1745 3543 2002 3625 statuta,
2044 3539 2283 3608 multas
2323 3535 2659 3606 tribunalia

399 3638 692 3713 Romana
707 3644 1154 3735 responsiones
1172 3644 1541 3713 ediderunt.
1562 3644 1678 3713 His
1703 3649 1921 3713 autem
1946 3643 2345 3713 admirandae
2369 3643 2470 3710 illi
2490 3639 2657 3709 semi-

400 3749 738 3818 nariorum
775 3750 1164 3819 institutioni
1188 3756 1378 3841 atque
1401 3751 1794 3819 ordinationi
1827 3773 1959 3841 qua
1983 3748 2369 3819 Tridentina
2398 3744 2656 3837 synodus

399 3851 757 3924 Ecclesiam
782 3857 1010 3924 ditavit
1033 3862 1225 3947 atque
1254 3859 1326 3925 in
1355 3856 1758 3926 immensum
1782 3856 2240 3943 corroboravit,
2274 3877 2475 3926 suum
2500 3870 2658 3922 com-

398 3956 806 4046 plementum
835 3970 1027 4054 atque
1049 3965 1351 4054 perfectio
1373 3963 1848 4033 absolutissima
1872 3963 2160 4034 accessit.
