2930 4982
335 342 415 398 29
427 342 460 396 8
1302 345 1645 393 TRAGTATUS

335 470 528 541 aliam
554 489 685 559 qua
726 467 1080 535 declaratur
1103 467 1186 534 ad
1218 467 1662 556 coadjutorem
1707 465 1986 557 alicujus
2015 465 2312 534 canonici
2361 463 2467 533 vel
2511 464 2615 533 di-

342 575 602 668 gnitatis
621 595 757 643 non
779 572 1035 643 extendi
1061 574 1428 642 facultatem
1456 575 1583 644 sibi
1606 576 1811 643 alium
1840 572 2294 644 substituendi.
2326 572 2617 641 Tandem

340 687 500 751 extat
538 680 669 748 alia
706 679 1051 748 declaratio
1094 681 1293 749 relata
1323 683 1372 748 'a
1407 679 1638 749 Garcia
1675 680 1795 771 (De
1845 678 2203 772 beneficiiS,
2252 702 2320 770 p.
2351 676 2422 766 3,
2461 699 2520 747 c.
2553 676 2619 765 2,

342 808 411 856 n.
444 785 628 877 496),
653 808 783 876 qua
806 786 1177 878 disponitur
1199 786 1627 856 substitutum
1642 787 1874 856 debere
1897 808 2034 856 esse
2062 785 2355 877 ejusdem
2378 783 2624 852 ordinis

340 914 411 963 ac
442 892 972 982 substituentem,
1005 895 1093 961 ita
1130 899 1206 961 ut
1234 894 1518 984 dignitas
1542 893 1924 982 dignitatem
1959 897 2244 975 tantum,
2275 890 2627 959 canonicus

334 1001 736 1072 canonicum
751 1052 770 1089 ,
825 1000 1259 1091 portionarius
1306 1000 1782 1092 portionarium
1830 1000 1955 1068 sibi
1996 999 2387 1069 substituere
2436 996 2631 1088 possit

344 1106 746 1197 (Gallemart,
777 1106 974 1186 editio
997 1129 1188 1177 conc.
1223 1107 1439 1193 Trid.,
1473 1131 1538 1200 p.
1570 1107 1727 1193 334,
1762 1127 1995 1177 excusa
2051 1105 2346 1174 Tridenti
2405 1103 2625 1195 1737).

339 1213 649 1304 Idemque
684 1213 877 1282 tradit
897 1214 1181 1284 Barbosa
1214 1216 1333 1307 (De
1365 1215 1734 1296 canonic-53,
1782 1236 1841 1283 c.
1877 1215 1990 1301 31,
2017 1236 2087 1282 n.
2118 1211 2255 1304 61).
2299 1212 2444 1281 «At
2495 1213 2632 1281 haec

349 1347 384 1386 «
425 1321 715 1404 assertio,
748 1320 837 1388 ait
862 1320 1205 1390 Monacelli
1237 1320 1357 1412 (tit.
1393 1321 1461 1402 2,
1490 1320 1773 1389 formula
1800 1320 1870 1406 4,
1903 1319 2122 1387 adnot.
2156 1318 2222 1408 9)
2282 1340 2416 1388 non
2447 1316 2635 1387 vide-

349 1453 383 1492 α
427 1433 538 1496 tur
559 1427 852 1497 absolute
868 1449 1062 1497 vera:
1099 1428 1257 1516 quia
1282 1428 1529 1518 passim
1558 1426 1772 1516 aliqua
1795 1424 2105 1515 dignitate
2132 1423 2478 1514 impedita,
2533 1445 2638 1492 ce-

351 1562 387 1601 «
430 1535 687 1603 lebrant
706 1558 828 1625 pro
856 1557 931 1604 ea
960 1535 1286 1623 canonici,
1314 1539 1377 1602 et
1422 1535 1536 1603 alii
1578 1534 1949 1601 ministrant
1976 1532 2144 1599 sicut
2181 1531 2643 1601 ministrarent

348 1668 382 1706 a
432 1642 763 1729 dignitati,
799 1648 864 1711 et
898 1643 1251 1711 admittunt
1277 1642 1416 1731 ipsa
1441 1641 1693 1708 decreta
1725 1638 1937 1707 Sacrae
1962 1635 2496 1726 Congregationis
2548 1638 2647 1706 ri-

350 1773 384 1812 «
429 1753 619 1815 tuum
673 1748 767 1839 (in
805 1747 1316 1826 Mediolanensi,
1350 1746 1436 1815 16
1480 1747 1638 1815 maii
1675 1744 1848 1814 1643
1873 1782 1963 1795 -
1991 1743 2527 1823 Belloeastrensi,
2556 1742 2647 1809 16

357 1878 391 1919 c<
428 1855 585 1942 julii
615 1854 785 1923 1643
807 1882 826 1942 ;
848 1892 939 1907 -
994 1858 1047 1921 T
1041 1854 1367 1936 revisina,
1401 1854 1489 1920 26
1520 1851 1781 1944 augusti
1814 1847 2036 1941 1646).
2077 1874 2114 1915 »
2166 1863 2167 1868 ’

431 1961 527 2028 Ex
554 1961 797 2051 quibus
815 1960 1124 2029 omnibus
1144 1962 1240 2029 sic
1268 1959 1481 2051 quoad
1500 1959 1754 2051 praxim
1784 1957 2032 2026 resumi
2054 1977 2239 2047 posse
2255 1955 2525 2023 videtur
2551 1954 2645 2023 fa·

354 2066 557 2136 cultas
577 2066 1008 2135 substituendi
1038 2061 1060 2134 :v
2526 2069 2527 2072 ’

441 2174 504 2239 10
522 2173 670 2242 Non
703 2180 903 2263 potest
931 2173 1237 2241 substitui
1263 2173 1499 2262 aliquis
1529 2173 1800 2262 quinon
1831 2170 1914 2240 sit
1939 2171 2019 2239 de
2068 2169 2382 2260 capitulo.
2416 2167 2498 2234 2⁰
2523 2166 2643 2236 Nec

353 2286 563 2371 potest
592 2280 899 2348 substitui
920 2280 1156 2369 aliquis
1174 2279 1253 2347 de
1273 2279 1559 2371 capitulo
1582 2280 1697 2368 qui
1718 2280 1856 2369 ipse
1880 2279 1963 2347 sit
1985 2277 2327 2345 adstrictus
2356 2275 2637 2357 servitio,

348 2387 458 2452 sed
488 2391 747 2453 tantum
775 2388 855 2469 is,
880 2388 996 2475 qui
1018 2407 1093 2453 eo
1122 2391 1411 2476 ternpore
1434 2389 1528 2454 est
1547 2385 1738 2453 liber.
1775 2382 1842 2452 3⁰
1865 2383 1993 2464 Qui
2026 2383 2204 2450 abest
2225 2404 2262 2449 a
2287 2380 2554 2449 civitate
2592 2383 2646 2447 et

347 2490 707 2576 suburbiiS,
746 2493 1011 2560 nullum
1040 2499 1245 2582 potest
1269 2493 1393 2560 sibi
1423 2491 1839 2560 substituere.
1873 2491 1944 2558 40
1990 2490 2119 2572 Qui
2157 2495 2252 2558 est
2314 2488 2651 2578 coadjutor

350 2596 637 2677 alteriuS,
664 2598 924 2664 nullum
945 2600 1190 2687 pariter
1209 2604 1413 2689 potest
1443 2599 1565 2666 sibi
1591 2599 2002 2665 substituere.
2029 2598 2098 2665 5⁰
2122 2597 2438 2666 Substitui
2455 2594 2643 2662 debet

350 2700 587 2790 aliquis
636 2701 929 2790 ejusdem
983 2701 1258 2790 ordinis,
1309 2723 1441 2769 non
1488 2701 1851 2783 inferioris3
1887 2702 2062 2792 quod
2085 2708 2307 2770 tamen
2329 2723 2405 2794 ex
2429 2698 2650 2769 Mona·

354 2807 516 2877 cello
536 2830 666 2877 non
695 2814 789 2877 est
811 2809 1094 2899 rigorose
1123 2809 1610 2898 obligatorium.
1629 2809 1694 2878 60
1719 2809 1805 2878 Ut
1827 2811 2120 2899 legitime
2148 2810 2262 2879 fiat
2279 2805 2644 2878 substitutio

354 2935 486 2983 non
508 2915 862 3006 requiritur
906 2915 1402 2984 substituentem
1426 2916 1666 2984 habere
1692 2938 1982 3005 causam,
1999 2917 2067 2985 id
2089 2920 2205 3002 est,
2223 2937 2379 2984 eum
2405 2936 2549 2984 esse
2565 2913 2645 2982 le-

352 3020 581 3109 gitime
635 3024 1053 3114 impeditum.
1085 3024 1152 3090 7⁰
1175 3022 1343 3091 Cum
1378 3023 1736 3116 Episcopus
1756 3025 1988 3092 habeat
2009 3027 2119 3114 jus
2149 3021 2528 3115 providendi
2569 3039 2645 3087 ne

354 3124 537 3195 dictae
561 3127 1048 3197 substitutiones
1076 3130 1349 3229 evadant
1393 3130 1888 3220 frequentioreS,
1916 3131 2211 3220 sequitur
2233 3130 2424 3197 illum
2457 3145 2642 3217 posse

357 3231 609 3318 exigere
635 3235 913 3301 utnulla
947 3235 1059 3303 fiat
1076 3233 1443 3303 substitutio
1487 3235 1727 3326 absque
1750 3235 2009 3303 licentia
2051 3258 2169 3304 sua
2203 3259 2219 3305 ε
2256 3255 2388 3302 non
2441 3235 2642 3323 potest

356 3339 576 3402 tamen
613 3338 994 3426 hujusmodi
1034 3340 1321 3408 licentias
1374 3341 1648 3409 omnino
1674 3363 1995 3430 recusare,
2028 3343 2138 3410 sed
2191 3347 2448 3410 tantum
2500 3337 2640 3406 illas

357 3441 525 3508 intra
541 3443 747 3532 justos
765 3443 1030 3531 limiteS,
1058 3445 1261 3534 ipsius
1289 3451 1510 3512 tamen
1538 3447 1803 3521 arbitrio
1835 3449 2268 3532 aestimandos,
2298 3451 2635 3516 coarctare.

359 3547 439 3617 Et
464 3549 552 3617 ita
581 3572 618 3617 a
648 3546 842 3617 Sacra
864 3548 1375 3640 Congregatione
1415 3552 1678 3620 concilii
1726 3555 2049 3645 sapienter
2076 3555 2510 3624 moderatum
2558 3552 2639 3619 est

357 3679 475 3746 per
519 3656 794 3728 formam
834 3656 1279 3726 declarationis
1319 3659 1652 3727 decretum
1684 3658 2178 3747 Tridentinum,
2225 3661 2402 3752 quod
2437 3659 2641 3751 primo

356 3761 600 3834 intuitu
650 3765 973 3834 videretur
1018 3764 1323 3854 severius,
1370 3771 1431 3833 et
1455 3787 1723 3834 omnem
1755 3789 2018 3857 prorsus
2046 3769 2392 3836 excludens
2416 3763 2643 3836 substi-

358 3865 700 3955 tutionem,
726 3891 879 3937 cum
913 3869 1297 3959 generaliter
1317 3868 1487 3936 dicat
1520 3895 1534 3939 :
1572 3873 1814 3938 Omnes
1843 3893 1992 3939 vero
2033 3870 2273 3939 divina
2293 3894 2426 3961 per
2448 3893 2541 3952 se,
2589 3874 2644 3934 et

357 3987 626 4058 nonper
657 3975 1069 4055 substitutos,
1116 3975 1602 4064 compellantur
1632 3976 1816 4043 obire
1844 3976 2100 4067 officia.
