2930 4982
1166 355 1245 401 nt
1287 354 1611 403 cunnus.
2413 354 2438 409 1
2456 354 2535 411 25

261 502 293 542 «
313 473 505 544 creati
534 472 618 540 ad
648 471 1016 564 simplicem
1044 472 1361 542 honorem
1389 474 1531 542 sine
1551 475 1918 566 praebenda,
1950 497 2027 546 ac
2052 477 2195 547 sine
2213 490 2535 573 exspecta·

264 582 462 660 «tiva,
486 601 563 649 ac
588 579 860 670 proinde
879 580 1181 648 canonici
1204 580 1537 649 honorarii
1568 589 2028 674 nuncupantur
2051 611 2069 672 ;
2104 585 2284 655 tertia
2307 609 2536 659 eorum

267 693 430 783 «qui
460 690 640 758 ultra
685 711 1038 757 numerum
1073 690 1447 779 antiquum,
1483 690 1805 757 mediante
1844 690 2218 760 fundatione
2252 700 2312 761 et
2357 717 2538 765 erec-

267 801 492 867 «tione
521 819 703 866 novae
731 795 1117 887 praebendae,
1146 797 1559 886 recipiuntur
1589 796 1657 863 in
1679 797 2055 885 canonicos;
2089 805 2280 888 prout
2304 802 2371 868 in
2422 803 2538 874 has

266 935 295 973 «
318 914 443 975 tres
463 905 711 997 species
736 904 1121 973 dividuntur
1144 924 1181 971 a
1210 902 1528 973 cardinali
1557 903 1636 971 de
1659 902 1866 986 Luca,
1899 905 1998 971 De
2020 906 2372 995 canoniciS,
2402 908 2536 980 dis-

272 1042 301 1082 «
325 1035 527 1084 cursu
551 1011 617 1080 6.
648 1037 682 1076 n

332 1121 398 1187 2.
447 1146 482 1184 «
511 1118 848 1199 Quatenus
876 1121 1097 1184 autem
1125 1115 1403 1205 pertinet
1424 1114 1504 1183 ad
1533 1116 1817 1207 primam
1847 1116 2175 1185 dictorum
2205 1119 2546 1190 canonico·

264 1252 294 1291 «
320 1247 473 1293 rum
510 1224 818 1312 speciem,
854 1221 1238 1288 habentium
1273 1240 1507 1310 nempe
1545 1241 1726 1310 spem
1774 1219 1854 1288 ad
1901 1221 2118 1312 primo
2166 1230 2541 1294 vacaturam

264 1359 295 1398 «
319 1329 764 1422 praebendam,
794 1326 1331 1415 distinguendum
1374 1331 1469 1393 est
1515 1324 1684 1393 inter
1721 1348 1830 1395 eos
1861 1327 1977 1415 qui
2009 1329 2180 1395 ultra
2215 1337 2539 1421 exspecta-

268 1467 298 1504 «
331 1442 536 1506 tivam
587 1434 827 1503 habent
868 1434 1066 1500 etiam
1098 1432 1209 1521 jus
1236 1430 1650 1499 admissionis
1682 1433 1763 1498 ad
1792 1432 2057 1501 stallum
2102 1433 2172 1501 in
2223 1434 2421 1505 choro
2485 1446 2548 1507 et

270 1545 545 1613 «locum
574 1544 643 1609 in
673 1538 998 1633 capitulo;
1033 1543 1096 1605 et
1129 1537 1289 1606 alios
1333 1535 1449 1627 qui
1476 1536 1719 1605 habent
1765 1535 2134 1629 simplicem
2174 1543 2551 1632 exspectati-

270 1671 501 1717 «vam.
549 1647 755 1715 Primi
786 1666 1150 1734 namque...
1193 1647 1686 1732 consequuntur
1712 1644 1935 1711 omnia
1957 1645 2111 1732 jura
2153 1648 2543 1717 canonica...

270 1784 306 1821 «
331 1756 420 1824 Hi
448 1776 598 1823 vero
639 1753 752 1844 qui
787 1758 1044 1820 tantum
1090 1750 1331 1818 habent
1367 1750 1888 1840 exspectativam,
1932 1772 2064 1818 non
2111 1759 2266 1821 sunt
2293 1755 2550 1846 proprie

274 1888 309 1925 «
338 1882 411 1928 ac
430 1882 571 1927 vere
599 1857 978 1928 canonici...
1017 1856 1125 1924 sed
1151 1860 1624 1944 nuncupantur
1652 1855 1950 1923 canonici
1981 1856 2050 1923 in
2074 1856 2313 1927 herbis.

350 1966 415 2035 3.
457 1992 490 2031 «
520 1966 778 2034 Horum
809 1964 1275 2032 canonicorum
1322 1962 1559 2029 creatio
1593 1982 1748 2028 cum
1782 1963 2228 2052 exspectativa,
2267 1988 2550 2054 quorum

270 2080 426 2142 «est
457 2074 763 2162 frequens
789 2072 1033 2138 mentio
1059 2071 1130 2137 in
1168 2071 1366 2137 sacris
1393 2067 1778 2155 canonibus,
1826 2090 1958 2136 non
2007 2077 2102 2137 est
2151 2072 2430 2162 amplius
2482 2074 2550 2142 in

268 2208 301 2245 «
329 2203 488 2264 usu,
518 2185 776 2269 propter
805 2177 1288 2268 dispositionem
1318 2197 1510 2244 sacrae
1536 2174 1937 2244 Tridentium
1967 2179 2222 2265 synodi,
2255 2202 2401 2268 quae
2432 2181 2553 2248 hu·

265 2311 299 2348 «
328 2283 631 2370 Jusmodi
664 2284 894 2367 gratias
919 2282 1371 2368 exspectativas
1395 2281 1598 2345 vetuit
1621 2281 1690 2346 in
1718 2281 1927 2370 capite
1967 2281 2076 2367 19,
2116 2300 2265 2351 sess.
2301 2284 2413 2362 24,
2460 2287 2557 2351 De

270 2414 308 2452 α
341 2385 840 2475 reformatione.
868 2407 903 2448 >³
928 2382 1455 2475 (Scarsantonius,
1490 2386 1584 2452 De
1610 2386 1957 2470 οαηονιίοἰε,
1985 2387 2106 2456 lib.
2133 2412 2182 2477 1,
2214 2391 2309 2457 tit.
2335 2390 2503 2481 xiv.)

355 2496 421 2560 4.
467 2517 503 2556 «
552 2489 773 2572 Quoad
818 2490 1169 2560 secundam
1226 2491 1512 2583 speciem
1562 2495 2020 2564 canonicorum
2065 2503 2430 2567 creatorum
2471 2501 2551 2570 ad

274 2630 306 2667 «
342 2597 712 2690 simplicem
740 2598 1052 2666 honorem
1083 2598 1223 2666 sine
1270 2598 1620 2689 praebenda
1647 2606 1709 2667 et
1748 2602 1888 2668 sine
1926 2624 2037 2692 spe
2091 2602 2172 2670 ad
2213 2604 2421 2686 illam,
2459 2605 2557 2673 di·

275 2735 308 2774 «
339 2712 584 2776 cuntur
624 2705 860 2773 habere
901 2727 1143 2773 nomen
1185 2706 1326 2773 sine
1353 2728 1442 2790 re,
1496 2713 1557 2773 et
1591 2709 2151 2776 nomenclaturam
2181 2732 2459 2778 vacuam
2497 2717 2558 2779 et

283 2816 625 2895 «inanem,
653 2834 804 2880 cum
834 2834 950 2903 per
984 2812 1179 2880 talem
1208 2814 1608 2879 creationem
1644 2812 1813 2879 nihil
1854 2814 2128 2879 omnino
2161 2835 2562 2901 consequan-

286 2927 462 3003 «tur,
490 2940 617 2987 nec
659 2918 922 2985 stallum
948 2917 1020 2982 in
1057 2917 1278 2998 choro,
1310 2937 1433 2982 nec
1463 2937 1694 2982 vocem
1733 2918 1804 2981 in
1837 2916 2122 3004 capitulo
2172 2915 2435 3004 (Abbas,
2491 2918 2558 2985 in

288 3056 319 3092 «
344 3050 480 3118 cap.
527 3050 573 3110 1,
609 3023 704 3092 De
733 3022 945 3114 judic.
999 3022 1072 3087 in
1113 3020 1267 3086 fine.
1319 3057 1410 3069 -
1448 3019 1714 3085 Riccius
1754 3020 1824 3085 in
1877 3017 2061 3087 Praxi
2113 3041 2327 3107 aurea,
2384 3046 2560 3094 reso-

292 3134 460 3202 «lut.
489 3130 669 3222 263).
708 3155 744 3194 »

369 3266 403 3305 «
431 3235 806 3327 Aliquando
850 3240 1098 3319 tamen,
1147 3254 1222 3299 ex
1292 3230 1595 3299 mandato
1647 3229 1861 3322 Papae,
1919 3235 2051 3331 sire
2097 3256 2171 3302 ex
2225 3243 2564 3306 consuetu·

294 3346 522 3423 «dine,
578 3349 688 3411 aut
724 3338 994 3432 capituli
1026 3338 1480 3430 permissione,
1521 3337 1762 3406 hahent
1805 3339 2064 3409 stallum
2111 3348 2173 3409 et
2219 3341 2437 3412 locum
2488 3345 2561 3412 in

293 3477 322 3516 «
351 3453 577 3533 choro;
605 3456 669 3517 et
692 3454 848 3515 tunc
872 3446 953 3514 ad
980 3446 1223 3514 limites
1252 3446 1710 3515 conditionum
1748 3446 1872 3516 sub
1895 3449 2134 3539 quibus
2159 3453 2355 3519 creati
2380 3455 2556 3533 sunt,

293 3581 320 3619 «
342 3561 801 3625 mensurantur
819 3574 1050 3642 eorum
1067 3552 1435 3641 privilegia.
1464 3577 1498 3617 »

375 3689 409 3727 «
429 3662 551 3730 Per
576 3663 767 3728 istam
790 3662 1011 3723 tamen
1037 3657 1205 3722 stalli
1244 3658 1720 3726 concessionem
1764 3680 1897 3726 non
1946 3660 2448 3743 adstringuntur
2485 3659 2561 3725 ad

275 3794 326 3834 .«
346 3768 788 3848 residentiam3
810 3783 964 3830 cum
995 3760 1209 3828 solum
1233 3760 1533 3825 dicantur
1548 3762 1881 3846 acquirere
1903 3760 2121 3826 sedem
2151 3761 2562 3832 honorariam

299 3902 330 3939 «
354 3877 426 3944 in
451 3874 761 3955 Ecclesia,
791 3892 937 3962 quae
973 3888 1106 3936 non
1126 3865 1434 3957 importat
1459 3865 1924 3951 necessitatem,
1960 3864 2068 3932 sed
2099 3864 2308 3933 solum
2353 3869 2562 3939 facul-

301 3989 549 4052 «tatem
570 3977 892 4049 residendi
916 4001 934 4060 ;
964 3998 1116 4045 cum
1146 3978 1411 4043 eatenus
1437 3974 1590 4064 quis
1624 3971 1932 4063 compelli
1957 3974 2155 4063 possit
2180 3974 2259 4042 ad
2278 3978 2561 4048 residen-

303 4117 333 4153 «
356 4092 539 4173 tia-m,
572 4092 888 4178 quatenus
923 4081 1005 4151 sit
1050 4084 1393 4172 conjuncta
1435 4102 1589 4148 cum
1629 4080 1968 4146 fructuum
2004 4082 2431 4172 perceptione.
2486 4084 2565 4152 Et

303 4222 335 4261 «
361 4196 585 4264 exinde
603 4192 893 4282 sequitur
927 4188 1310 4278 hujusmodi
1340 4185 1685 4254 canonicos
1711 4205 1893 4276 posse
1917 4186 2114 4253 simul
2151 4189 2427 4256 retinere
2453 4190 2563 4255 be-

306 4325 338 4363 «
370 4299 678 4368 neficium
714 4293 1142 4382 residentiale,
1190 4291 1392 4360 veluti
1420 4289 1819 4381 parochiam,
1871 4298 1945 4359 ut
1988 4291 2338 4360 declaravit
2365 4291 2562 4358 Sacra

312 4404 783 4495 «Congregatio
824 4401 1108 4486 concilii,
1142 4401 1215 4468 in
1243 4419 1376 4466 una
1404 4396 1896 4488 Fulqinatensi,
1933 4399 2015 4464 14
2047 4397 2262 4464 martii
2302 4394 2495 4460 1648.
2522 4419 2556 4459 »
