2930 4982
1172 353 1252 400 ΒΕ
1299 354 1626 401 cavimus.
2424 347 2548 404 395

355 476 751 547 Mandamus
767 474 989 565 iqitur
1009 471 1248 541 dilecto
1260 473 1411 563 filio
1431 486 1737 549 nostro...
1770 474 2128 544 Cardinali
2156 477 2484 566 Caprara.
2500 529 2513 543 .
2530 528 2544 544 .

277 585 324 650 A
321 585 659 673 postolicce
672 582 863 652 Sedis
880 580 961 648 de
979 580 1186 647 latere
1208 580 1459 669 leqato,
1482 593 1560 648 ut
1581 580 1638 648 is
1657 582 1688 669 j
1694 593 1855 648 uoeta
1875 582 1995 649 lias
2015 594 2277 651 nostras
2292 581 2554 674 prcedi·

276 702 520 757 ctarum
575 689 1002 757 ecclesiarum
1059 687 1444 769 erectiones,
1464 686 1830 778 procedens
1865 687 1955 755 ad
1993 712 2099 756 eas
2141 691 2551 758 constituen-

274 795 489 879 das...‚
529 796 949 877 decernat,...
990 805 1135 860 tum
1180 792 1556 884 diqnitates
1598 805 1663 861 et
1696 793 2043 861 canonicos
2084 797 2554 888 cujuscumque

272 902 557 991 capituli
600 903 811 993 juxta
846 900 1430 992 praescriptionem
1480 922 1823 968 sacrorum
1879 900 2314 968 conciliorum
2358 903 2556 992 effor-

269 1007 523 1089 mandi,
578 1020 725 1075 tum
781 1007 1218 1098 sinqularum
1274 1007 1659 1076 dioecesium
1714 1006 2169 1076 circuitum...
2236 1006 2345 1076 Ad
2386 1006 2560 1098 quod

254 1113 720 1204 proestandum
746 1114 1201 1205 amplissimas
1225 1114 1287 1182 ei
1324 1136 1619 1204 quasque
1654 1112 2049 1205 facultates,
2096 1115 2307 1182 etiam
2334 1113 2562 1183 subde·

264 1219 612 1308 leqandas‚
658 1220 1099 1311 impartimur
1138 1219 1537 1288 necessarias
1586 1231 1787 1309 atque
1827 1231 2244 1308 opportunas
2273 1220 2369 1288 ad
2389 1241 2560 1311 pro-

267 1324 489 1403 banda
517 1337 784 1394 statuta
827 1327 1335 1417 respectivorum
1386 1325 1875 1417 capitulorum,
1932 1325 2027 1394 ad
2074 1325 2559 1395 concedendum

261 1431 497 1500 eisdem
518 1433 830 1502 choralia
854 1434 1162 1524 insiqnia
1192 1457 1341 1524 quoe
1370 1432 1457 1500 iis
1484 1433 1834 1501 convenire
1863 1434 2319 1503 arbitrabitur
2341 1453 2450 1515 ,·...
2485 1454 2564 1500 ac

262 1540 638 1628 qeneratim
679 1540 778 1608 ad
816 1563 897 1608 ea
942 1540 1175 1611 omnia
1231 1538 1577 1631 efficienda
1630 1561 1780 1630 quoe
1825 1564 1957 1632 per
2001 1562 2121 1608 nos
2166 1539 2344 1630 ipsos
2392 1537 2566 1630 effici

257 1657 539 1734 possent.
577 1646 973 1738 (Bullatium
992 1646 1181 1715 Rom.
1203 1648 1694 1727 continuatum,
1719 1651 1882 1715 tom.
1917 1646 2030 1731 Xl,
2062 1671 2127 1739 p.
2150 1646 2336 1738 247.)

345 1752 423 1821 ll.
458 1753 534 1821 ln
567 1775 690 1822 suo
733 1753 1013 1841 decreto,
1045 1753 1086 1820 9
1138 1752 1359 1845 aprilis
1406 1752 1605 1833 1802,
1638 1754 1731 1821 sic
1760 1776 1835 1821 ex
1865 1754 1989 1822 sibi
2019 1754 2308 1844 delegata
2335 1756 2561 1820 aucto·

260 1857 440 1927 ritate
471 1858 844 1951 Apostolica
873 1861 1082 1929 sanxit
1112 1859 1478 1928 Cardinalis
1510 1860 1792 1950 Caprara
1822 1884 1839 1927 z

354 1968 541 2034 Inter
588 1980 829 2034 caetera
890 1990 1037 2056 quoe
1080 1966 1273 2033 nobis
1325 1988 1369 2031 a
1421 1967 1872 2033 Sanctissimo
1923 1964 2206 2033 Domino
2233 1966 2560 2034 Nostro...

257 2071 593 2139 mandata
621 2085 804 2154 sunt,
830 2069 1314 2160 alterumssillud
1328 2081 1447 2153 est,
1471 2082 1550 2137 ut
1572 2072 1932 2161 suppressis
1942 2072 2095 2160 jam
2123 2094 2167 2137 a
2193 2070 2568 2138 Sanctitate

257 2199 389 2243 sua
433 2179 740 2268 antiquis
791 2178 1101 2246 omnibus
1133 2177 1474 2267 qallicani
1522 2177 1848 2244 territorii
1887 2177 2230 2267 capitulis,
2262 2198 2436 2243 nova
2494 2176 2571 2243 in

262 2281 568 2371 sinqulis
601 2284 1145 2372 metropolitanis
1177 2295 1238 2351 et
1263 2281 1760 2349 cathedralibus
1781 2281 2096 2365 ecclesiiS,
2125 2303 2260 2372 qua
2306 2280 2576 2348 ratione

255 2387 423 2477 fieri
444 2389 737 2478 poterit,
777 2388 1298 2469 constituantur.
1338 2385 1536 2470 Quod
1585 2409 1732 2455 cum
1777 2387 1877 2454 ita
1918 2387 2105 2454 nobis
2148 2383 2577 2454 commissum

257 2494 374 2574 sit,
421 2506 506 2562 ut
532 2496 835 2585 facultas
857 2519 1113 2586 quoque
1153 2496 1275 2564 kas
1312 2507 1549 2587 partes
1586 2494 2142 2586 subdeleqandi...
2187 2491 2376 2561 nobis
2409 2486 2575 2582 ipsis

265 2600 529 2667 tributa
575 2601 828 2690 fuerit,·
861 2600 1013 2674 ideo
1055 2601 1257 2691 liujus
1278 2601 1638 2696 facultatis
1676 2602 1904 2692 viqore
1947 2598 2479 2690 Arckiepiscopis
2508 2606 2574 2663 et

260 2705 631 2795 Episcopis
670 2707 1063 2775 Galliarum
1084 2707 1573 2798 primofuturis
1601 2709 2003 2799 facultatem
2028 2705 2472 2778 concedimus,
2498 2712 2578 2768 ut

266 2823 711 2899 posteaquam
784 2816 1091 2882 canonice
1140 2814 1435 2882 instituti
1473 2815 1897 2882 ecclesiarum
1947 2835 2229 2879 suarum
2280 2809 2578 2898 reqimen

270 2924 439 2979 actu
466 2916 795 2981 consecuti
844 2929 1065 2997 erunt,
1098 2918 1469 3007 capitulum
1514 2918 1591 2983 in
1654 2914 2205 3006 metropolitanis
2247 2903 2313 2979 et
2365 2912 2579 2979 cathe-

266 3016 599 3087 dralibus
646 3020 1001 3111 respective
1048 3021 1325 3088 ecclesiis
1366 3021 1505 3088 suis
1560 3021 1803 3110 eriqere
1856 3021 1994 3111 ipsi
2033 3018 2326 3110 possint,
2366 3020 2579 3109 juxta

263 3124 582 3213 formam
629 3150 673 3193 a
720 3127 925 3194 sacris
969 3126 1333 3194 canonibus
1394 3125 1817 3216 conciliisque
1863 3126 2360 3216 praescriptam,
2390 3136 2453 3192 et
2498 3125 2580 3193 ab

263 3232 575 3301 Ecclesia
600 3232 732 3300 leuc
752 3255 956 3322 usque
991 3244 1359 3314 servatam,
1389 3255 1539 3300 cum
1580 3225 1651 3299 eo
1688 3229 2111 3323 diqnitatum
2137 3243 2199 3299 et
2231 3233 2580 3300 canonico-

266 3360 422 3405 rum
466 3362 773 3422 numerO,
808 3360 1000 3428 quem
1025 3336 1122 3405 ad
1138 3337 1521 3407 earumdem
1549 3338 2228 3430 metropolitanarum
2272 3349 2336 3405 et
2363 3338 2582 3406 cathe-

268 3441 587 3511 dralium
646 3444 1064 3512 ecclesiarum
1113 3444 1478 3513 utilitatem
1532 3455 1599 3511 et
1642 3444 1983 3529 honorem,
2036 3445 2316 3514 attentis
2357 3465 2581 3512 rerum

267 3549 835 3637 circumstantiis,
868 3549 1175 3641 expedire
1186 3550 1621 3639 judicabunt.

368 3662 455 3727 Ut
484 3682 653 3728 vero
707 3657 945 3726 iisdem
991 3658 1531 3745 metropolitanis
1562 3667 1628 3724 et
1655 3658 2145 3727 cathedralibus
2175 3654 2480 3736 ecclesiis,
2508 3652 2584 3718 in

270 3766 352 3835 iis
391 3792 551 3859 quoe
601 3764 708 3835 ad
753 3764 1084 3855 capitula,
1116 3776 1193 3829 ut
1211 3771 1416 3853 supra
1440 3760 1755 3851 eriqenda
1782 3775 2110 3854 spectant,
2148 3756 2587 3830 ecclesiastica

270 3871 643 3965 disciplina
682 3883 996 3957 servetur,
1025 3867 1256 3937 iisdem
1292 3868 1826 3960 Arckiepiscopis
1859 3882 1924 3938 et
1946 3866 2296 3961 Episcopis
2317 3864 2591 3957 primo-

266 3980 531 4065 futuris
582 4000 772 4047 curce
807 3976 963 4057 erit,
1004 3988 1082 4043 ut
1122 3998 1269 4066 quce
1308 3974 1664 4065 pertinent
1698 3974 1792 4043 ad
1838 3974 2215 4044 eorumdem
2255 3970 2591 4066 capitulo-

271 4108 428 4155 rum
477 4088 583 4155 sic
625 4083 1095 4174 eriqendorum
1125 4105 1530 4173 prosperum
1561 4093 1624 4147 et
1651 4082 1920 4172 felicem
1949 4091 2226 4167 statum,
2263 4080 2587 4174 reqimen,

274 4193 728 4283 qubernium‚
757 4189 1215 4270 directionem,
1242 4188 1635 4256 divinorum
1663 4186 2035 4276 officiorum
2066 4187 2590 4260 celebrationem,

279 4297 733 4367 caeremonias
777 4319 856 4363 ac
885 4297 1063 4364 ritus
1096 4296 1170 4363 in
1213 4293 1451 4361 iisdem
1493 4290 1782 4359 ecclesiis
1825 4314 2182 4384 earumque
2225 4294 2420 4359 choro
2464 4299 2594 4344 ser-

280 4406 570 4489 vandos,
588 4427 675 4473 ac
704 4404 845 4471 alia
874 4401 1182 4492 qucetibet
1195 4422 1323 4490 per
1341 4395 1719 4467 eorumdem
1744 4397 2204 4490 capitulorum
2226 4382 2592 4478 diqnitates
