2930 4982
1201 336 1276 380 DE
1325 335 1656 383 cursous·
2493 337 2528 390 2
2541 338 2573 390 7

290 451 763 541 quammaxime
801 452 1117 542 practicas
1141 459 1330 541 atque
1353 454 1423 520 in
1448 457 1746 545 praesenti
1769 479 1994 526 rerum
2026 465 2192 528 statu
2228 483 2580 530 occurren-

290 568 400 644 tes,
432 556 621 628 nobis
650 562 842 627 estin
892 561 1219 650 proposito
1263 583 1380 651 pro
1428 585 1609 651 posse
1647 564 1966 633 discutere
1997 572 2188 656 atque
2236 570 2573 638 resolvere.

1377 832 1493 908 §8

289 1009 539 1053 QUOMODO
571 1011 729 1049 NOTIO
756 1011 1033 1051 HISToch
1060 1012 1129 1051 DE
1156 1013 1428 1052 CAPITULIS
1458 1014 1518 1052 IN
1545 1012 1803 1059 QUODDAM
1833 1013 2070 1053 SYSTEMA
2103 1017 2136 1052 A
2168 1014 2375 1054 JOANNE
2399 1015 2581 1055 POLITO

1196 1119 1392 1159 FUERIT
1421 1120 1694 1160 ORDINATA

381 1271 655 1339 ,loannes
693 1272 908 1361 Politi,
923 1276 1095 1365 juris
1140 1275 1481 1365 utriusque
1512 1276 1736 1344 doctor
1765 1281 1827 1342 ct
1856 1275 2142 1343 ecclesia:
2167 1274 2583 1344 Montis-Asii

227 1438 231 1443 .
293 1375 826 1467 archipresbyter,
859 1380 1116 1470 scripsit
1139 1381 1217 1448 de
1239 1379 1784 1471 jurisprudentia
1804 1380 2236 1449 ecclesiastica
2273 1383 2587 1451 universa

290 1505 423 1551 non
451 1485 684 1552 ultimo
709 1485 1078 1575 reponenda
1102 1485 1244 1553 loco
1275 1507 1510 1553 novem
1534 1487 1896 1554 volumina.
1932 1486 2118 1567 Quod
2149 1508 2311 1577 opus
2340 1486 2441 1555 Pii
2469 1487 2586 1557 Vll

283 1593 531 1680 judicio
559 1598 620 1659 et
643 1592 1027 1660 correctioni
1048 1592 1529 1683 expressissima
1547 1594 1935 1662 humilitatis
1959 1602 2022 1661 et
2048 1593 2430 1661 obedientiae
2456 1593 2586 1660 for·

291 1699 475 1766 mula
502 1698 800 1788 subjecit.
844 1698 1042 1767 Caute
1080 1705 1297 1766 tamen
1344 1700 1657 1787 legendus
1687 1700 1796 1767 ille
1848 1705 2071 1768 auctor
2107 1705 2299 1789 atque
2343 1700 2412 1765 in
2455 1719 2587 1766 non

290 1805 516 1894 paucis
554 1804 827 1872 omnino
852 1804 1434 1894 derelinquendus;
1467 1806 1584 1893 qui
1616 1805 1883 1885 scilicet,
1915 1803 2406 1895 intemperantis
2444 1825 2591 1870 eru-

294 1910 560 1979 ditionis
604 1910 751 1979 fuco
804 1911 1008 1978 nimis
1054 1898 1280 1994 fre'tuS,
1314 1911 1596 1977 affirmat
1638 1932 1803 2001 saepe
1853 1912 2069 2001 potius
2104 1931 2303 1999 quam
2336 1907 2589 2000 probat,

292 2024 485 2107 atque
529 2019 598 2085 in
640 2018 976 2108 opiniones
1026 2017 1342 2107 quasdam
1390 2039 1428 2084 a
1467 2039 1624 2084 sana
1654 2017 1951 2086 doctrina
1979 2017 2221 2085 alienas
2244 2015 2586 2106 abripitur.

291 2122 363 2191 Id
390 2124 736 2213 praenotari
778 2118 1227 2210 necesse'fuit,
1261 2144 1342 2189 ne
1387 2123 1576 2208 forte,
1611 2124 1773 2190 dum
1819 2146 1971 2191 eum
2022 2123 2093 2189 in
2133 2122 2431 2213 praesenti
2459 2142 2596 2187 ma-

291 2232 460 2297 teria
492 2231 827 2296 citandum
860 2230 1191 2308 duximuS‚
1223 2252 1341 2297 nos
1388 2232 1530 2316 ejus
1562 2229 1874 2294 doctrinae
1921 2229 1990 2317 in
2024 2227 2332 2293 omnibus
2380 2245 2593 2290 assen—

289 2335 425 2398 tire
472 2334 622 2420 quis
653 2333 993 2398 existimet.
1046 2332 1260 2411 Quem
1311 2332 1559 2399 scilicet
1614 2337 1968 2414 auctorem,
1997 2351 2127 2396 non
2178 2334 2248 2396 ut
2298 2349 2595 2395 normam

294 2435 652 2522 sentiendi,
681 2436 789 2504 sed
821 2441 892 2502 ut
911 2441 1133 2504 noscat
1154 2436 1358 2505 lector
1381 2437 1558 2505 varia
1574 2436 1652 2504 de
1676 2438 1971 2527 praesenti
2002 2440 2386 2527 argumento
2408 2456 2595 2504 exco-

295 2542 520 2629 gitata,
549 2561 1160 2610 commemoramus.

385 2646 863 2715 Institutionem
892 2649 1328 2738 capitulorum
1361 2671 1400 2715 a
1422 2650 1639 2736 prisco
1687 2656 2057 2742 temporum
2089 2651 2592 2741 apostolicorum

303 2751 689 2842 presbyterio
715 2770 851 2821 esse
880 2754 1355 2840 deducendam,
1389 2763 1583 2844 prout
1608 2758 1768 2824 viris
1787 2757 2246 2824 eruditissimis
2282 2755 2598 2823 Thomas·

304 2858 464 2942 sin0,
494 2858 799 2943 Berard0,
828 2858 1095 2948 Nardio,
1120 2861 1396 2951 aliisque
1421 2883 1556 2928 non
1585 2863 1812 2952 paucis
1838 2868 2089 2929 certum
2117 2866 2180 2928 et
2197 2860 2596 2949 exploratum

305 2964 515 3032 visum
547 2970 666 3048 est,
705 2965 794 3032 ita
816 2971 879 3032 et
906 2964 1110 3033 Polito
1141 2990 1157 3034 ε
1927 2969 1948 2980 “

401 3106 434 3144 «
460 3081 620 3162 Quis
650 3081 880 3167 nescit,
918 3081 1161 3170 inquit,
1194 3101 1300 3148 eos
1331 3100 1495 3168 quos
1541 3101 1721 3147 nunc
1762 3079 2112 3172 ‘canonicos
2147 3077 2594 3163 nominamus,

320 3212 351 3250 «
379 3186 573 3276 longe
624 3195 772 3255 ante
799 3186 1076 3255 extitisse
1105 3185 1302 3276 quam
1336 3177 1645 3255 canonici
1678 3188 2206 3279 appellarentur?
2243 3186 2389 3255 Sive
2419 3186 2598 3253 enim

317 3316 349 3354 «
377 3294 672 3360 canonici
715 3293 838 3361 hoc
890 3316 1087 3360 suum
1137 3291 1501 3383 cognomen
1544 3316 1581 3362 a
1628 3295 1758 3370 vita
1808 3295 2150 3366 communi
2197 3301 2260 3362 et
2287 3295 2600 3362 canonica

322 3421 351 3460 «
382 3406 533 3465 sunt
560 3401 870 3484 mutuati,
899 3407 1151 3468 certum
1176 3406 1270 3468 est
1298 3402 1500 3468 vitam
1529 3402 1700 3469 hanc
1732 3423 2153 3471 communem
2180 3402 2600 3469 canonicam-

321 3530 354 3570 «
381 3527 504 3593 que
536 3512 683 3576 ante
720 3508 1007 3575 nominis
1042 3509 1240 3598 hujus
1282 3509 1595 3577 honorem
1631 3509 1755 3578 sub
1785 3510 2090 3601 auspiciis
2143 3509 2410 3576 Eusebii
2441 3505 2602 3574 Ver·

323 3637 355 3677 «
382 3614 701 3698 cellensiS,
725 3622 914 3704 atque
942 3617 1301 3705 Augustini
1331 3615 1770 3707 Hipponensis
1794 3639 1899 3685 eos
1930 3618 2252 3686 coluisse-2
2286 3615 2418 3681 sive
2440 3610 2604 3677 illud

324 3743 355 3780 «
380 3719 459 3786 ab
501 3721 786 3789 ecclesiae
816 3741 1089 3805 canone,
1111 3742 1226 3786 seu
1269 3721 1441 3803 albo,
1474 3743 1588 3788 seu
1627 3721 1996 3802 matricula,
2032 3722 2106 3786 in
2144 3739 2274 3807 qua
2301 3715 2604 3807 descripti

323 3847 354 3886 «
384 3833 594 3913 erant,
614 3827 739 3895 sibi
758 3829 1277 3918 assumpserunt,
1300 3823 1478 3890 haud
1500 3824 1780 3891 dubium
1806 3830 1899 3891 est
1920 3825 2083 3914 quin
2116 3825 2164 3891 ii
2190 3824 2258 3891 in
2289 3825 2468 3893 hunc
2489 3846 2603 3893 ca-

326 3953 357 3991 «
378 3941 619 4000 nonem
638 3956 751 4001 seu
769 3934 989 4001 album
1004 3935 1143 4023 jam
1162 3930 1312 3999 inde
1328 3951 1533 4020 usque
1546 3953 1581 3998 a
1597 3931 1830 4022 primis
1839 3930 2138 4000 Ecclesiae
2155 3932 2402 4000 saeculis
2422 3931 2604 3999 relati

327 4059 358 4097 «
388 4036 540 4125 sint,
565 4039 850 4130 dictique
872 4039 1143 4131 proinde
1167 4061 1204 4106 a
1224 4038 1467 4128 Cyrillo
1495 4038 2100 4129 Hierosolymitano,
2119 4046 2180 4108 et
2197 4061 2234 4108 a
2261 4038 2329 4109 S.
2369 4039 2605 4109 Basilio

330 4168 361 4206 «
389 4142 615 4235 (Epist.
652 4147 712 4213 1.
747 4146 924 4236 can.)
947 4146 1168 4215 clerici
1194 4145 1624 4214 matricularii
1647 4157 1666 4213 ἐ
1694 4146 1825 4215 sive
1844 4147 2111 4216 demum
2133 4169 2208 4215 ex
2231 4169 2477 4217 canone
2495 4149 2610 4215 sti-

333 4272 364 4310 «
397 4252 621 4339 pendii
640 4254 1106 4321 canonicorum
1130 4276 1375 4322 nomen
1398 4258 1752 4341 traxerunt,
1777 4262 1927 4324 noto
1948 4256 2165 4322 notius
2186 4260 2280 4321 est
2302 4251 2611 4341 Cypriani

336 4380 365 4419 «
402 4363 689 4451 tempore
712 4382 819 4429 eos
844 4362 1145 4446 extitisse,
1174 4367 1558 4450 vocatosque
1576 4363 2031 4453 sportulantes
2046 4362 2292 4452 fratres
2318 4359 2443 4445 (ep.
2469 4353 2604 4442 66).
