2930 4982
1161 320 1241 365 ns
1286 321 1618 368 enimus.
2410 318 2535 376 219

239 443 414 527 Juxta
451 438 853 508 cancellariae
880 438 1176 529 regulas.
1206 438 1345 508 Istae
1371 439 1690 530 siquidem
1725 441 2193 511 reservationes
2234 444 2548 534 vigebant

246 548 309 613 in
343 544 574 614 Galliis
614 551 762 615 ante
796 546 1039 615 dictam
1066 545 1410 635 regiminis
1438 545 1987 630 immutationem,
2018 556 2216 640 prout
2245 572 2366 619 suo
2399 553 2543 624 loco

244 671 660 743 exponemus

330 755 410 825 V.
445 756 722 825 Etiamsi
746 755 1119 847 Apostolica
1159 756 1355 827 Sedes
1398 757 1742 849 Episcopis
1787 758 2171 850 simpliciter
2210 762 2542 833 tribuisset

240 863 515 932 liberam
540 862 968 931 canonicatus
1004 864 1380 954 conferendi
1395 874 1833 956 potestatem,
1868 886 2002 934 non
2030 866 2322 937 addendo
2358 867 2539 937 clau-

238 970 474 1058 sulam,
506 968 719 1038 salvis
746 969 1297 1039 reservationibus
1338 983 1402 1039 et
1447 970 1993 1057 limitationibuS,
2024 971 2240 1041 adhuc
2269 973 2365 1064 (ex
2390 973 2542 1065 plu-

235 1076 413 1144 rium
455 1075 947 1144 canonistarum
978 1074 1315 1167 sententia)
1341 1097 1478 1144 non
1506 1077 1957 1146 excluderetur
1971 1078 2085 1167 jus
2108 1076 2401 1169 capituli,
2433 1079 2544 1149 sed

235 1182 733 1253 excluderentur
772 1182 1105 1252 dumtaxat
1145 1182 1493 1273 pontificiae
1527 1182 2009 1251 reservationes.
2059 1181 2144 1252 Ut
2178 1189 2397 1253 autem
2439 1206 2548 1254 ex-

237 1289 606 1358 cluderetur
649 1290 760 1378 jus
799 1289 1092 1379 capituli,
1144 1289 1223 1356 de
1270 1289 1395 1357 hoc
1438 1311 1732 1380 expressa
1776 1289 2025 1358 mentio
2067 1291 2206 1359 fieri
2255 1291 2540 1378 deberet,

235 1398 390 1487 quia
412 1396 673 1464 laeditur
693 1397 807 1485 jus
824 1396 1026 1478 tertii,
1056 1397 1124 1463 id
1150 1400 1269 1480 est,
1297 1396 1599 1487 capituli3
1623 1418 1827 1487 quam
1844 1395 2181 1465 laesionem
2200 1418 2542 1488 nunquam

236 1508 539 1573 censetur
567 1501 739 1592 Papa
762 1502 972 1571 facere
994 1501 1185 1587 velle,
1219 1502 1348 1571 nisi
1383 1502 1727 1594 exprimat.

319 1609 439 1680 VI.
478 1608 615 1678 Abs
633 1631 703 1676 re
727 1631 859 1678 non
888 1610 1011 1678 erit
1031 1610 1144 1677 hic
1171 1609 1574 1700 subjungere
1596 1609 1925 1701 quomodo
1955 1607 2151 1678 Sedes
2172 1609 2546 1700 Apostolica

229 1715 339 1804 jus
381 1714 556 1783 istud
599 1713 985 1803 collationis,
1017 1717 1227 1805 quoad
1257 1716 1680 1785 canonicatus
1716 1720 1779 1782 et
1816 1714 2159 1805 dignitates
2188 1712 2544 1804 Brugensis

237 1820 556 1911 capituli
539 1844 606 1889 m
634 1821 880 1911 Belgio,
909 1821 1457 1890 determinaverit.
1512 1821 1623 1891 Sic
1666 1843 1903 1911 nempe
1946 1820 2274 1890 habetur
2256 1843 2326 1890 m
2358 1821 2544 1891 bulla

235 1928 580 1996 erectionis
608 1928 764 1996 dicti
789 1928 1103 2018 capituli:
1145 1927 1465 1996 «Futuris
1501 1932 1718 1994 autem
1759 1926 2190 2017 temporibus,
2219 1927 2545 1995 archidia-

238 2058 271 2098 α
301 2038 647 2119 conatum,
684 2034 971 2124 primam
1002 2037 1147 2123 post
1183 2032 1631 2122 pontificatum
1680 2031 2083 2120 dignitatem,
2117 2031 2546 2121 quovismodo

237 2165 269 2206 «
299 2145 371 2208 et
399 2138 951 2228 quandocumque
997 2159 1226 2206 vacare
1269 2137 1640 2227 contigerit,
1674 2135 1866 2204 nobis
1892 2141 1956 2204 et
1986 2137 2368 2225 Apostolicae
2394 2136 2548 2205 Sedi

237 2271 272 2311 «
287 2288 290 2297 -
306 2244 611 2312 affectam
636 2250 699 2311 et
717 2249 1111 2312 reservatam
1135 2243 1421 2309 dicimus
1442 2248 1636 2330 atque
1661 2240 2105 2324 decernimus,
2130 2245 2193 2305 et
2217 2261 2334 2328 per
2364 2240 2552 2307 Data·

244 2347 494 2414 «riam
522 2347 938 2436 apostolicam
966 2347 1209 2414 litteras
1238 2346 1600 2414 collationis
1637 2350 1699 2412 et
1728 2342 2124 2413 omnimodae
2162 2342 2552 2433 provisionis

239 2477 276 2518 c<
310 2450 604 2543 expediri
624 2451 936 2544 Jubemus
970 2476 987 2521 :
1019 2451 1300 2544 reliquas
1326 2459 1546 2522 autem
1570 2452 1932 2544 dignitateS,
1963 2449 2364 2519 canonicales
2388 2469 2550 2541 proe-

240 2585 278 2623 (t
308 2558 556 2628 hendas
583 2582 661 2628 ac
685 2560 1153 2646 mansionarias
1172 2560 1254 2627 ab
1276 2559 1614 2652 Episcopis
1640 2581 1761 2651 pro
1785 2566 2073 2650 tempore
2096 2547 2544 2642 existentibus,

237 2690 283 2730 c<
309 2671 385 2733 ut
416 2667 497 2733 in
538 2667 755 2757 prima
798 2691 1026 2737 earum
1066 2657 1462 2758 provisione,
1511 2667 1802 2757 personis
1846 2667 2098 2734 idoneis
2137 2669 2201 2732 et
2239 2666 2311 2733 in
2350 2663 2549 2732 sacris

236 2795 283 2837 ‹<
310 2772 657 2839 ordinibus
686 2775 1075 2862 constitutis,
1107 2795 1367 2865 semper
1393 2777 1456 2840 et
1487 2773 1554 2839 in
1583 2776 1974 2863 perpetuum
2000 2771 2208 2837 libere
2237 2769 2547 2850 conferri,

237 2901 286 2941 «
314 2877 859 2945 reservationibus
882 2886 946 2945 et
965 2879 1417 2947 affectionibus
1449 2877 1876 2962 cessantibus,
1909 2875 2261 2943 statuimus
2289 2877 2353 2939 et
2375 2871 2554 2940 ordi·

240 3008 287 3047 a<
314 3003 594 3072 namus;
636 2982 912 3072 exceptis
951 2988 1170 3050 tamen
1216 2981 1707 3050 canonicalibus
1749 2977 2100 3068 theologali
2126 2998 2201 3046 ac
2222 2977 2557 3069 poeniten-

245 3113 289 3153 ε(
312 3088 503 3155 tiaria
545 3086 936 3177 praebendis,
984 3109 1147 3177 quas
1179 3087 1421 3178 praevio
1465 3085 1761 3154 examine
1801 3090 1864 3152 et
1907 3106 2230 3154 concursu
2270 3085 2351 3153 ad
2391 3105 2555 3174 prae-

163 3266 172 3281 ·
248 3217 290 3258 ε(
315 3194 637 3283 scriptum
674 3193 937 3261 concilii
968 3191 1341 3260 Tridentini
1364 3197 1428 3260 et
1449 3191 1951 3282 apostolicarum
1985 3189 2546 3277 constitutionum,

253 3325 288 3365 <c
311 3304 460 3367 tum
499 3299 622 3367 hac
659 3300 875 3389 prima
915 3299 1082 3384 vice,
1134 3305 1279 3367 tum
1321 3299 1648 3390 perpetuis
1692 3296 1931 3366 suturis
1974 3297 2400 3387 temporibus,
2432 3317 2553 3387 per

259 3430 292 3469 α
316 3404 713 3496 Episcopum
760 3406 1039 3475 conferri
1087 3407 1399 3474 volumus
1446 3411 1641 3496 atque
1688 3405 2106 3473 mandamuS.
2144 3428 2179 3469 >³
2220 3403 2553 3496 (Collectio

250 3507 663 3597 epistolarum
688 3510 1111 3600 pastoralium
1140 3509 1460 3601 Brugens.
1491 3512 1691 3601 episc.
1721 3515 1770 3578 t.
1796 3509 1848 3593 I,
1875 3533 1940 3600 p.
1980 3508 2165 3599 110.)

333 3612 446 3680 An
473 3637 590 3704 per
616 3615 820 3704 hujus
853 3615 1051 3683 bullae
1083 3622 1339 3684 textum
1375 3613 1755 3684 excludatur
1775 3616 1886 3703 jus
1915 3614 2322 3681 simultaneae
2361 3609 2559 3677 colla-

252 3718 439 3787 tionis
464 3717 598 3787 Bru
605 3721 823 3810 gensis
853 3720 1123 3811 capituli
1149 3720 1251 3810 (de
1270 3741 1402 3808 qua
1425 3720 1793 3787 exclusione
1810 3739 1946 3784 non
1966 3718 2040 3783 fit
2059 3735 2355 3805 expressa
2374 3734 2558 3783 men-

255 3822 389 3916 tio),
426 3848 510 3893 an
542 3848 693 3896 vero
733 3826 1162 3895 excludantur
1198 3824 1610 3893 solummodo
1659 3820 2014 3890 Pontificiae
2069 3819 2548 3907 reservationeS,

256 3930 535 4001 aliorum
579 3934 909 4023 judicium
956 3934 1061 4002 sit.
1112 3932 1243 4002 Nos
1292 3933 1401 4001 hic
1452 3933 1712 4023 agimus
1764 3929 2097 3999 dumtaxat
2137 3930 2216 3998 de
2257 3928 2552 4021 capitulis

258 4057 424 4107 anno
461 4040 660 4125 1802,
701 4063 817 4133 per
848 4042 1039 4110 citata
1072 4042 1421 4109 cardinalis
1453 4040 1749 4133 Caprarae
1781 4040 2056 4129 decreta,
2091 4038 2340 4108 erectis.
2370 4037 2553 4107 Dici-

259 4161 402 4213 mus
451 4152 696 4215 autem·
720 4149 793 4216 in
837 4148 917 4217 iis
951 4148 1231 4239 viguisse
1273 4150 1382 4238 jus
1421 4147 1796 4216 collationis
1846 4148 2277 4234 simultaneae,
2319 4144 2557 4213 statim

253 4261 403 4335 post
424 4245 725 4342 primam
753 4252 1181 4322 collationem
1217 4254 1409 4322 initio
1447 4252 1528 4320 ab
1571 4252 1889 4344 Episcopo
1923 4254 2185 4323 factam.
2234 4250 2450 4333 Atque
2488 4240 2556 4303 id

264 4358 527 4427 omnino
557 4357 770 4428 evinci
796 4359 1241 4429 existimamus
1269 4379 1344 4429 ex
1374 4359 1583 4428 allatis
1607 4360 1992 4431 rationibus.
