2930 4982
370 344 494 400 540
1337 351 1364 394 ’1
1378 347 1679 394 RAGTATUS

369 471 630 539 tionalia
659 467 1071 560 participant,
1103 467 1182 535 ad
1210 467 1380 557 ipsas
1408 467 1579 533 sicut
1601 465 1678 532 ad
1713 470 1971 533 caeteros
1997 468 2342 534 canonicos
2376 467 2657 557 pertinet

368 578 592 647 vicarii
639 576 1007 666 capitularis
1058 574 1316 661 electio;
1374 573 1545 642 unde
1590 575 1936 640 convocari
1992 573 2230 641 debent
2259 596 2333 641 ex
2372 576 2658 642 necessi-

369 691 524 767 tate3
555 687 640 752 ita
668 690 740 751 ut
767 684 984 771 aliqua
1014 703 1090 749 ex
1125 681 1278 770 ipsis
1308 702 1438 747 non
1473 686 1716 761 vocata,
1745 702 1902 747 cum
1929 681 2140 746 vocari
2168 684 2404 768 posset,
2431 685 2497 746 et
2523 682 2661 770 ipsa

368 791 784 875 reclamante,
816 790 1041 856 electio
1073 789 1155 855 sit
1195 788 1317 855 hoc
1349 788 1486 876 ipso
1540 786 1742 853 irrita.
1783 784 1910 854 Ubi
1956 808 2107 852 vero
2146 808 2264 853 nec
2301 809 2377 853 ex
2407 790 2659 855 statutis

370 898 893 988 particularibuS,
928 919 1043 963 nec
1096 919 1169 962 ex
1212 895 1704 972 consuetudine,
1752 893 2107 981 Dignitates
2164 894 2494 961 habentur
2522 900 2658 961 tan-

371 1025 569 1092 quam
602 1004 679 1070 de
710 1002 1016 1092 capitulo,
1050 1001 1310 1068 nullum
1325 1003 1436 1089 jus
1463 1000 1705 1066 habent
1734 1021 1867 1067 sese
1892 999 2305 1068 immiscendi
2331 1000 2403 1068 in
2436 1001 2657 1068 vicarii

374 1110 747 1200 capitularis
771 1106 1104 1175 electione.

463 1215 569 1283 Ill.
609 1215 713 1283 An
744 1214 968 1281 electio
999 1212 1224 1279 vicarii
1257 1211 1630 1300 capitularis
1660 1210 1746 1277 ita
1796 1212 2111 1300 pertineat
2136 1211 2215 1278 ad
2262 1212 2651 1301 capitulum,

375 1328 446 1391 ut
474 1321 899 1388 excludantur
933 1318 1295 1386 beneficiati
1341 1317 1674 1384 inferiores
1717 1318 2075 1395 canonicis,
2102 1338 2526 1405 quocumque
2550 1340 2656 1385 vo·

376 1434 607 1496 centur
662 1424 974 1493 nomine?
1013 1460 1101 1472 —
1146 1423 1510 1490 Difficultas
1558 1424 1711 1490 inde
1750 1424 1956 1490 oritur
1997 1424 2172 1512 quod
2218 1422 2554 1511 aliquibus
2588 1424 2654 1489 in

373 1534 556 1616 lociS‚
592 1531 965 1620 hujusmodi
998 1530 1341 1619 capellani,
1370 1529 1474 1595 vel
1515 1528 1917 1618 portionarii,
1945 1529 2046 1595 vel
2075 1530 2199 1596 sub
2241 1529 2369 1595 alio
2398 1530 2659 1595 nomine

378 1640 736 1707 beneficiati
775 1638 1132 1720 inferiores,
1188 1660 1264 1704 ex
1314 1639 1564 1703 statutis
1603 1636 2104 1725 particularibus
2156 1640 2272 1703 aut
2315 1637 2651 1703 inveterata

378 1747 869 1828 consuetudine,
902 1746 1234 1812 obtineant
1275 1743 1534 1810 stallum
1575 1744 1643 1810 in
1674 1742 1873 1810 choro
1896 1748 1959 1810 et
1989 1765 2213 1811 vocem
2243 1743 2314 1809 in
2343 1741 2650 1833 capitul03

378 1853 551 1919 unde
581 1859 642 1918 ct
664 1859 927 1919 vacante
956 1852 1101 1918 sede
1122 1850 1201 1917 ad
1226 1850 1450 1916 vicarii
1483 1851 1856 1939 capitularis
1885 1850 2267 1917 electionem
2294 1872 2359 1916 se
2394 1872 2528 1917 esse
2555 1871 2662 1916 vo-

380 1958 615 2024 candos
641 1959 1027 2024 contendere
1056 1962 1345 2047 possunt.
1396 1955 1580 2022 Hanc
1604 1955 2050 2023 difficultatem
2079 1957 2438 2024 discussam
2470 1964 2533 2022 et
2571 1977 2664 2022 so-

381 2063 585 2130 lutam
622 2065 814 2130 luisse
840 2064 1200 2153 reperimus
1228 2085 1264 2129 a
1290 2062 1461 2128 tribu
1474 2061 1602 2128 nali
1633 2061 1805 2128 Rotae
1832 2060 2179 2152 (decisione
2212 2062 2367 2146 144,
2405 2068 2470 2130 et
2494 2060 2661 2129 deci-

381 2169 560 2234 sione
587 2169 741 2252 251,
774 2170 971 2258 partis
1000 2191 1134 2246 xix,
1162 2167 1544 2256 recentium)
1583 2191 1598 2234 ι

471 2275 731 2360 PrimO,
767 2281 1084 2342 memorat
1132 2275 1290 2341 Rota
1340 2274 1743 2364 principium
1792 2274 2110 2362 generale,
2167 2273 2535 2364 capitulum
2567 2296 2665 2341 ca-

384 2381 668 2449 thedrale
699 2389 988 2450 constare
1016 2382 1167 2449 solis
1215 2382 1573 2468 canoniciS,
1608 2385 1847 2446 attento
1884 2383 2031 2470 jure
2059 2382 2425 2448 communi.
2471 2407 2503 2444 «
2534 2381 2672 2461 Quo

392 2512 425 2549 t(
455 2494 719 2573 attento,
747 2489 1102 2579 capitulum
1143 2487 1525 2556 cathedralis
1552 2488 1833 2555 ecclesiae
1879 2487 1959 2554 de
1984 2487 2133 2555 solis
2162 2487 2493 2556 canonicis
2520 2511 2672 2554 con·

396 2618 428 2655 «
456 2600 618 2661 stare
648 2596 1056 2683 intelligitur,
1089 2618 1291 2684 eaque
1320 2595 1495 2661 vocis
1525 2595 1808 2684 acceptio
1832 2594 2118 2661 absolute
2150 2600 2402 2684 sumpta
2438 2599 2553 2660 stat
2579 2594 2651 2657 in

394 2724 426 2762 «
455 2722 528 2767 eo
559 2707 862 2790 tanquam
892 2700 1336 2791 principaliori
1367 2701 1730 2788 significato
1760 2703 1858 2787 (ex
1887 2700 2124 2767 celebri
2149 2701 2342 2789 glossa
2359 2699 2432 2765 ad
2452 2703 2655 2787 caput

396 2830 429 2866 «
465 2807 934 2894 penultimum,
972 2810 1065 2873 De
1101 2805 1355 2872 clericis
1381 2828 1518 2871 non
1563 2803 1797 2888 meld„
1831 2806 1909 2872 ad
1936 2807 2215 2873 verbum
2240 2804 2509 2872 Assisios
2526 2825 2549 2886 ,·
2577 2843 2671 2854 —

397 2931 427 2971 «
452 2909 868 2993 Barbosa,De
895 2912 1323 2997 canonz'ci3,0.
1357 2912 1425 2998 4,
1446 2933 1512 2976 n.
1539 2910 1764 3000 37...).
1794 2912 2216 2979 Constituunt
2238 2912 2413 2979 enim
2437 2934 2673 3000 corpus

397 3037 430 3074 <‹
458 3033 669 3079 unum
693 3039 846 3082 cum
869 3018 1187 3107 Episcopo
1206 3023 1517 3105 tanquam
1537 3018 1774 3106 capite3
1810 3040 2046 3106 eosque
2066 3030 2376 3084 senatum
2396 3016 2673 3084 ecclesiae

400 3144 432 3181 a
459 3120 886 3209 appellarunt,
938 3128 999 3189 et
1055 3125 1124 3189 in
1182 3125 1286 3189 his
1334 3124 1722 3190 senatoriam
1779 3126 2224 3191 auctoritatem
2267 3126 2668 3212 agnoverunt

399 3250 431 3287 «
456 3229 660 3297 sancti
699 3228 913 3296 Patres
938 3228 1226 3317 lgnatius
1259 3228 1353 3319 (in
1378 3229 1603 3318 Epist.
1642 3227 1734 3295 ad
1760 3228 2219 3320 Smyrnenses)
2245 3236 2309 3296 et
2342 3230 2676 3318 Hierony-

400 3358 433 3396 «
464 3356 611 3401 mus
653 3335 744 3423 (in
785 3336 1005 3426 Epist.
1039 3335 1131 3403 ad
1161 3339 1214 3401 T
1218 3336 1335 3415 it„
1371 3358 1430 3403 c.
1467 3336 1546 3425 1);
1590 3359 1742 3403 cum
1774 3359 1902 3424 quo
1945 3342 2007 3404 et
2040 3338 2182 3425 ejus
2221 3337 2493 3403 consilio
2527 3337 2681 3427 Epi·

402 3460 692 3529 «scopus
728 3442 1022 3527 graviora
1042 3441 1324 3507 ecclesiae
1372 3446 1668 3507 tractaret
1713 3446 1776 3506 et
1815 3442 2295 3508 administraret
2323 3440 2494 3530 (can.
2530 3441 2681 3529 Epi-

403 3577 435 3613 «
458 3570 711 3638 scopus,
739 3548 827 3615 24
857 3551 1004 3617 dist.
1040 3587 1128 3600 —-
1149 3547 1305 3638 Cap.
1355 3547 1627 3618 Nullius
1655 3571 1930 3615 eausam
1975 3550 2081 3633 15,
2112 3555 2339 3636 quaest.
2376 3546 2480 3636 7);
2511 3545 2680 3612 unde

401 3680 434 3720 (ε
465 3656 767 3721 etfratres
795 3654 1093 3745 Episcopi
1126 3655 1458 3729 dicuntur,
1495 3658 1698 3742 capite
1732 3657 2031 3741 Quanto,
2066 3658 2162 3720 De
2189 3654 2289 3721 lzis
2316 3676 2472 3743 quoe
2505 3652 2683 3742 fiunt

401 3787 435 3826 «
465 3787 508 3830 α
534 3764 854 3831 Praelato.
888 3790 920 3828 »
965 3763 1146 3853 (Rota
1170 3762 1360 3831 decis.
1390 3762 1547 3841 251,
1583 3785 1651 3830 n.
1684 3764 1748 3850 1,
1784 3763 1941 3854 rec.)

483 3869 804 3950 Secundo,
852 3868 1122 3937 ostendit
1169 3867 1324 3935 Rota
1372 3869 1524 3934 huic
1575 3868 1858 3954 generali
1907 3868 2225 3958 principio
2264 3890 2450 3957 posse
2491 3868 2685 3934 abso-

394 3968 526 4042 lute
550 3972 685 4041 dari
714 3975 998 4065 aliquam
1028 3973 1463 4063 exceptionem
1491 3996 1506 4038 :
1549 3997 1583 4035 «
1614 3973 1752 4040 haec
1779 3978 2135 4060 utcumque
2156 3972 2517 4056 verissima,
2551 3990 2688 4036 non

405 4097 440 4136 «
467 4077 684 4141 tamen
724 4081 1078 4148 excludunt
1104 4081 1273 4168 quin·
1292 4083 1354 4145 et
1382 4077 1490 4144 alii
1531 4082 1754 4166 praeter
1782 4078 2119 4145 canonicos
2151 4077 2408 4166 ingredi
2439 4077 2689 4165 possint

403 4207 437 4244 «
462 4180 811 4267 mysticum
864 4207 1096 4276 corpus
1144 4185 1433 4276 capituli,
1475 4193 1537 4251 et
1563 4190 1790 4251 votum
1812 4184 1882 4250 in
1911 4206 1986 4252 eo
2031 4184 2291 4269 habere,
2322 4205 2400 4250 ac
2429 4182 2562 4249 dici
2605 4180 2690 4247 de

405 4315 437 4352 «
468 4287 775 4378 capitu103
814 4288 944 4353 sive
974 4292 1329 4382 privilegi0‚
1372 4293 1506 4359 sive
1543 4297 1799 4373 statuto,
1846 4291 1980 4358 sive
2019 4290 2534 4359 consuetudine:
2573 4285 2691 4354 sed

410 4422 443 4459 a
467 4419 541 4464 ea
580 4403 761 4463 tenus
784 4399 1037 4461 tantum
1085 4408 1396 4481 quatenus
1439 4398 1874 4487 privilegium,
1919 4403 2231 4465 statutum
2271 4403 2381 4464 aut
2412 4414 2691 4463 consue·
