2930 4982
347 282 371 334 1
391 279 467 333 18
1304 278 1650 326 TRAGTATUS

348 431 383 471 α
410 426 561 473 men
596 403 851 470 videtur
879 401 1212 469 sacristam
1231 399 1387 467 olim
1407 398 1648 488 passim
1679 417 1811 466 non
1839 394 2194 464 obtinuisse
2211 395 2627 484 dignitatem;

350 536 386 576 «
411 511 577 599 quin
616 514 678 576 et
717 510 859 598 ejus
894 507 1522 575 administrationem
1548 505 1615 572 vi
1660 503 2083 573 institutionis
2102 524 2234 571 suae
2256 507 2634 593 perpetuam

351 642 387 682 «
414 637 544 683 non
570 613 790 694 fuisse,
822 613 1108 702 adeoque
1144 633 1227 678 ne
1250 610 1519 698 quidem
1539 608 1935 678 beneficium
1975 608 2238 701 proprie
2264 608 2412 676 tale.
2446 606 2636 677 Post—

352 749 388 788 «
412 723 687 790 modum
715 726 934 788 tamen
974 717 1441 790 consuetudine
1467 722 1531 785 et
1558 722 1798 785 statuto
1828 716 2194 784 multarum
2220 714 2637 783 ecclesiarum

353 853 389 893 «
419 826 890 895 cathedralium
915 824 1387 911 introductum,
1422 830 1498 891 ut
1526 823 1697 892 inter
1721 822 2038 891 beneficia
2064 828 2126 890 et
2155 821 2494 912 dignitates
2522 842 2638 889 ec-

357 957 390 996 «
421 931 801 1000 clesiasticas
832 935 1259 1014 numeretur3
1308 931 1396 998 ita
1439 931 1634 998 etiam
1667 934 1742 997 ut
1792 929 1853 997 ei
1886 951 2235 997 causarum
2263 928 2641 996 ecclesiasti-

361 1065 393 1102 «
418 1058 645 1104 carum
683 1037 969 1126 cognitio
997 1042 1058 1104 et
1083 1037 1374 1104 definitio
1407 1057 1444 1105 a
1474 1035 1633 1105 Sede
1675 1035 2046 1126 Apostolica
2071 1035 2354 1124 delegari
2386 1034 2584 1127 possit
2616 1058 2632 1102 ε

361 1169 396 1208 «
416 1145 514 1210 uti
534 1165 606 1210 ea
625 1145 764 1233 jam
792 1144 952 1210 olim
983 1146 1065 1211 ab
1084 1143 1464 1211 Innocentio
1481 1141 1566 1210 111
1587 1143 1878 1230 delegata
1895 1142 1955 1209 ei
1983 1142 2108 1210 fuit
2136 1141 2219 1233 (c.
2257 1143 2425 1210 Cum
2446 1141 2636 1221 olim,

315 1306 323 1319 ,
360 1274 393 1311 «
424 1246 518 1314 De
537 1248 685 1337 jure
714 1246 1155 1339 competenti).
1186 1273 1218 1313 »
1261 1247 1675 1337 (Leurenius‚
1708 1248 1957 1315 Forum
1984 1245 2202 1314 eccles.
2240 1246 2322 1314 ad
2350 1245 2640 1314 llihrum

363 1379 398 1417 «
429 1353 874 1441 decretalium,
907 1360 1133 1444 quaest.
1169 1353 1353 1444 667).
2227 1368 2230 1373 ’

445 1459 552 1527 111.
607 1486 639 1523 «
667 1458 895 1528 Custos
933 1482 1010 1530 ex
1044 1461 1450 1531 institutione
1483 1460 1591 1527 sui
1630 1457 1825 1527 officii
1856 1466 1950 1528 est
1979 1460 2168 1550 quasi
2205 1460 2505 1528 minister
2533 1481 2643 1527 sa-

367 1594 402 1633 «
426 1568 655 1635 cristae.
704 1564 848 1633 Non
883 1566 1146 1656 quidem
1184 1568 1255 1634 in
1293 1565 1733 1635 custodiendis
1777 1567 1943 1635 vasis
1970 1568 2182 1635 aureis
2209 1571 2274 1634 et
2300 1566 2646 1656 argenteiS,

371 1699 403 1736 «
432 1672 831 1740 vestimentis
872 1672 1167 1763 pretiosis
1208 1677 1271 1740 et
1305 1672 1585 1741 ecclesiae
1640 1672 1940 1742 thesauro
1979 1672 2383 1757 asservandO,
2431 1676 2652 1763 utpote

372 1805 405 1840 «
432 1801 579 1868 quae
608 1779 894 1847 custodia
921 1785 983 1846 et
1008 1780 1353 1848 asservatio
1383 1780 1648 1871 propria
1681 1787 1776 1848 est
1805 1780 2082 1850 sacristae
2109 1781 2233 1873 ipsi
2257 1802 2369 1849 seu
2395 1780 2654 1847 thesau-

375 1911 407 1950 «
430 1886 625 1969 rari0,
647 1887 756 1955 sed
781 1888 853 1955 in
869 1887 1304 1955 custodiendis
1323 1887 1571 1956 caeteris
1595 1888 1818 1955 minus
1839 1888 2133 1978 pretiosis
2156 1887 2438 1956 ecclesiae
2461 1893 2652 1955 uten-

377 2018 410 2058 «
436 1993 668 2061 silibus
713 1998 774 2060 et
799 1994 895 2061 rei
936 1993 1172 2081 divinae
1212 1995 1693 2063 instrumentis,
1748 1993 2021 2085 Insuper
2061 1995 2142 2063 ad
2169 1996 2310 2084 ejus
2355 1993 2654 2063 officium

377 2125 410 2163 «
437 2105 676 2190 spectat
703 2100 888 2190 signa
909 2101 1057 2168 dare
1093 2101 1475 2169 divinorum
1503 2101 1897 2186 officiorum,
1942 2101 2140 2193 pallia
2167 2108 2231 2169 et
2270 2102 2658 2171 linteamina

381 2232 413 2270 «
441 2206 746 2275 altarium
773 2229 1020 2294 curare,
1050 2229 1290 2299 panem
1325 2214 1388 2276 et
1409 2210 1643 2277 vinum
1664 2209 2043 2299 reliquaque
2063 2208 2145 2276 ad
2183 2208 2400 2277 altaris
2427 2209 2659 2276 minis-

383 2312 678 2381 «terium
710 2336 1080 2404 procurare,
1115 2315 1455 2406 lampades
1486 2323 1548 2384 et
1590 2316 1946 2383 luminaria
1980 2315 2194 2384 debito
2221 2320 2512 2406 tempore
2557 2333 2663 2381 ac-

387 2445 420 2485 «
449 2420 720 2487 cendere
739 2426 802 2487 et
824 2421 1253 2511 exstinguere,
1279 2421 1636 2490 oblationes
1659 2427 1722 2489 et
1749 2422 2184 2510 eteemosynas
2205 2420 2308 2512 (de
2340 2442 2666 2489 consensu

387 2531 664 2591 «tamen
704 2526 1162 2617 archidiaconi)
1214 2528 1489 2597 fideliter
1528 2529 1852 2625 custodire
1885 2535 1949 2597 et
1993 2529 2160 2595 inter
2186 2527 2408 2594 fratres
2438 2525 2668 2593 distri-

387 2657 420 2695 «
444 2632 668 2715 buere‚
698 2638 889 2722 prout
912 2634 1052 2703 haec
1080 2635 1404 2703 habentur
1427 2638 1636 2728 capite
1668 2638 1697 2703 1
1730 2638 1893 2705 etde
1915 2635 1957 2702 2
1978 2638 2073 2702 De
2102 2632 2322 2724 officio
2349 2631 2661 2702 custodis.

388 2764 422 2804 «
450 2738 530 2804 Et
557 2737 696 2805 haec
715 2739 981 2828 quidem
1011 2742 1259 2831 dejure
1280 2745 1620 2811 communi
1646 2768 1663 2827 ;
1697 2765 1815 2833 pro
1846 2740 2309 2811 consuetudine
2336 2739 2668 2829 siquidem

386 2870 421 2909 «
444 2844 773 2911 variarum
799 2846 1221 2915 ecclesiarum
1244 2847 1538 2916 officium
1552 2847 1731 2916 illius
1751 2849 2083 2916 diversum
2110 2847 2228 2933 est,
2253 2847 2343 2913 ita
2366 2852 2441 2912 ut
2463 2846 2533 2913 in
2552 2845 2668 2913 ali-

395 2974 428 3015 «
456 2951 696 3040 quibus
718 2951 1001 3022 ecclesiis
1024 2954 1188 3021 illud
1221 2977 1451 3044 gerens
1502 2955 1753 3024 dicatur
1774 2954 2219 3023 thesaurarius
2242 2954 2461 3021 minor
2491 2953 2669 3044 (Bar-

386 3080 427 3119 «
452 3055 628 3138 bosa,
661 3060 757 3123 De
785 3059 1134 3144 canonicis,
1179 3082 1236 3127 c.
1273 3060 1339 3148 8,
1377 3084 1443 3129 n.
1486 3060 1629 3151 11);
1674 3063 1743 3128 in
1780 3061 1924 3130 aliis
1953 3062 2216 3129 sacrista
2243 3065 2304 3126 et
2335 3066 2543 3127 custos
2586 3058 2671 3125 sit

392 3184 624 3231 «unus
653 3164 956 3254 idemque
983 3168 1322 3257 utriusque
1348 3189 1596 3236 munus
1625 3195 1643 3256 ;
1697 3168 1764 3234 in
1794 3166 1963 3251 aliis,
1998 3165 2245 3235 retento
2269 3188 2307 3233 a
2339 3164 2669 3233 canonicis

395 3269 634 3338 «titulo
665 3292 739 3338 ac
767 3272 1111 3361 praebenda
1133 3273 1362 3342 talium
1391 3274 1788 3353 officiorum,
1839 3272 2310 3340 administratio
2353 3278 2415 3339 et
2444 3291 2671 3339 execu-

336 3463 339 3469 .
393 3399 427 3437 «
457 3374 544 3440 tio
560 3377 941 3443 eorumdem
971 3379 1215 3466 potiore
1243 3385 1425 3469 parte
1472 3379 1780 3446 translata
1810 3379 1882 3445 in
1905 3378 2223 3446 aedituum
2251 3403 2269 3463 ;
2311 3378 2475 3467 quin
2498 3381 2562 3444 et
2602 3376 2672 3443 in

392 3505 428 3543 «
465 3480 767 3570 pluribus
809 3484 1085 3551 totaliter
1129 3483 1274 3575 (sub
1303 3486 1705 3577 inspectione
1728 3491 1947 3553 tamen
1976 3491 2039 3552 et
2081 3486 2432 3553 directione
2460 3484 2673 3552 adhuc

394 3587 677 3677 «aliqua
714 3592 1008 3659 canonici
1071 3593 1186 3681 qui
1230 3594 1410 3661 hunc
1456 3592 1724 3660 titulum
1749 3590 1964 3681 gerit)
2016 3591 2097 3659 sit
2135 3613 2332 3682 penes
2372 3592 2670 3669 vicariOS,

396 3719 430 3755 «
459 3694 654 3761 etiam
700 3695 895 3764 laicos
941 3698 1224 3766 ecclesiae
1268 3697 1650 3774 „ministrosae
1682 3698 1782 3765 Ac
1822 3696 2129 3787 denique,
2177 3696 2350 3785 licet,
2400 3701 2677 3787 spectato

397 3824 428 3862 «
451 3802 601 3889 jure
626 3805 990 3887 communi,
1025 3805 1321 3873 officium
1367 3807 1649 3875 custodis
1673 3805 1883 3873 multo
1909 3806 2131 3873 minus
2154 3801 2354 3894 quam
2401 3807 2678 3875 sacristae

398 3930 432 3970 «
461 3928 591 3994 quo
617 3908 884 3974 inferior
911 3914 1005 3976 est
1031 3910 1112 3976 sit
1139 3907 1420 3999 dignitas
1452 3918 1565 3979 aut
1591 3910 2008 3994 beneficium,
2034 3911 2142 3978 sed
2175 3933 2418 4001 purum
2446 3912 2680 3979 minis-

401 4035 436 4074 «
466 4012 729 4095 terium,
760 4013 832 4086 in,
859 4013 1160 4104 pluribus
1186 4021 1401 4083 tamen
1426 4016 1722 4085 ecclesiis
1748 4016 2254 4105 cathedralibuS,
2288 4018 2484 4086 etiam
2527 4039 2679 4086 cus-

399 4139 433 4178 «
472 4116 633 4183 todis
651 4115 941 4185 officium
966 4126 1059 4188 est
1076 4120 1379 4210 dignitas·
1409 4147 1443 4188 1>
1472 4122 1883 4210 (LeureniUS‚
1908 4123 2052 4191 loco
2078 4123 2215 4206 cit.,
2245 4130 2472 4213 quaest.
2496 4120 2681 4211 669.)
