2930 4982
1135 356 1213 401 nn
1260 356 1584 407 cuncus.
2385 372 2503 425 149

231 463 760 552 praeposituram,
794 481 874 536 ut
903 469 1056 538 inde
1091 473 1284 561 fieret
1326 477 1752 564 quotidianus
1787 486 1991 574 panis
2027 510 2222 578 quem
2266 494 2516 585 accipe-

235 579 360 634 rent
394 569 675 659 assidui,
711 574 1098 644 amitterent
1143 580 1328 648 tardi
1335 605 1363 664 ,·
1396 598 1474 650 ut
1515 608 1671 675 quos
1700 591 1903 679 panis
1945 593 2195 664 interni
2233 596 2512 670 dulcedo

231 697 339 741 non
389 676 744 766 movebat,
793 683 999 771 panis
1052 687 1347 778 corporis
1404 693 1671 781 refectio
1720 714 2116 785 provocaret
2137 753 2156 789 ,
2207 708 2508 793 quamvis

230 803 425 848 eorum
509 806 749 852 annua
817 789 1185 877 prcebenda
1258 792 1361 891 qd
1442 795 1565 865 hoc
1644 802 1974 890 sufficiens
2047 829 2179 876 esse
2249 808 2507 881 deberet

229 886 406 977 (epist.
441 889 633 981 219).

293 992 459 1061 Idem
489 1004 720 1086 postea
745 1021 783 1066 a
801 1001 951 1089 jure
979 1004 1296 1073 canonico
1325 1009 1751 1095 constitutum
1776 1019 1895 1093 est,
1926 1021 1999 1084 ut
2023 1024 2268 1087 constat
2294 1042 2368 1088 ex
2401 1044 2501 1091 ca·

220 1101 327 1188 pite
351 1102 556 1186 Licet,
602 1107 710 1173 De
724 1107 1150 1195 proebendis‚·
1177 1132 1249 1177 ex
1275 1114 1480 1203 capite
1510 1116 1714 1200 Olim,
1747 1121 1840 1186 De
1866 1120 2213 1191 verborum
2240 1126 2502 1216 siqnifi-

219 1206 443 1277 catione
460 1233 486 1290 ,·
518 1217 585 1277 et
614 1234 701 1278 ex
730 1214 936 1304 capite
965 1216 1159 1284 unico
1193 1220 1283 1284 De
1311 1219 1563 1289 clericis
1590 1244 1724 1291 non
1764 1224 2194 1297 residentibus
2224 1231 2290 1298 in
2329 1239 2503 1301 sexto

217 1304 625 1376 decretalium
659 1310 849 1379 libro.

286 1412 345 1478 2.
373 1412 565 1484 Hanc
584 1417 1006 1508 disciplinam
1031 1421 1445 1490 confirmavit
1467 1424 1849 1496 Tridentina
1871 1430 2156 1517 synodus
2186 1431 2360 1521 (sess.
2387 1436 2500 1520 22,

213 1539 260 1584 c.
299 1517 358 1586 3.
410 1519 507 1588 De
542 1521 703 1613 res.)
747 1547 763 1590 ε
798 1525 1140 1615 Episcopi,
1171 1527 1377 1595 etiam
1419 1541 1747 1622 tanquam
1790 1530 2082 1624 dcleqati
2117 1537 2502 1627 apostolici,

210 1645 277 1690 ex
292 1627 634 1713 fructibus
654 1641 718 1698 et
728 1632 1167 1721 proventibus
1190 1634 1710 1729 quibuscumque
1730 1640 2030 1708 omnium
2054 1640 2492 1732 diqnitatum,

195 1747 702 1818 personatuum,
771 1750 836 1805 et
894 1740 1297 1831 officiorum,
1364 1744 1436 1811 in
1498 1745 1779 1814 ecclesiis
1832 1746 2330 1818 cathedralibus
2391 1750 2502 1821 vel

202 1835 569 1926 colleqiatis
598 1843 1048 1929 exsistentium,
1076 1848 1342 1916 tertiam
1359 1862 1632 1940 partem
1650 1852 1721 1920 in
1745 1851 2243 1923 distributiones
2267 1879 2497 1927 eorum

203 1942 469 2013 arbitrio
502 1950 945 2039 assiqnandas
986 1950 1276 2021 dividere
1308 1957 1575 2045 possint
1586 1978 1615 2040 ,·
1647 1969 1752 2045 ut,
1796 1960 2131 2028 scilicet...
2180 1962 2241 2028 si
2268 1984 2501 2051 perso-

202 2050 434 2119 naliter
481 2068 857 2146 competens
896 2058 998 2126 ibi
1025 2059 1449 2131 servitium...
1498 2085 1636 2131 non
1668 2064 2118 2165 impleverint,
2151 2066 2340 2135 illius
2367 2067 2504 2137 diei

200 2151 740 2229 distributionem
792 2164 1125 2232 amittant
1144 2189 1170 2248 ,·
1219 2189 1334 2234 nec
1380 2168 1523 2257 ejus
1564 2191 1823 2259 quoquo
1876 2170 2073 2238 modo
2127 2171 2495 2241 dominium

194 2265 580 2352 acquirant,
610 2268 723 2333 sed
756 2269 1029 2354 fabricae
1071 2272 1382 2354 ecclesiae,
1410 2285 1735 2360 quatenus
1771 2276 2100 2362 indiqeat‚
2143 2287 2262 2341 aut
2304 2278 2506 2344 alteri

181 2367 300 2454 pio
363 2369 519 2436 loco
589 2370 869 2438 arbitrio
931 2373 1278 2441 ordinarii
1333 2377 1731 2467 applicetur.
1783 2378 1866 2447 Et
1914 2380 1984 2446 in
2037 2379 2317 2449 sessione
2369 2381 2493 2468 21,

196 2470 400 2562 capite
431 2471 502 2557 3,
535 2476 628 2543 sic
660 2476 937 2546 habetur
967 2502 985 2547 ε
1016 2481 1101 2547 In
1125 2480 1402 2551 ecclesiis
1434 2496 1577 2552 tam
1608 2485 2101 2558 cathedralibus
2125 2512 2327 2581 quam
2355 2491 2497 2560 col-

201 2574 468 2665 leqiatis
513 2579 584 2647 in
630 2581 864 2672 quibus
905 2584 1127 2652 nulloe
1165 2600 1326 2655 sunt
1368 2587 1868 2661 distributiones
1914 2593 2344 2685 quoditianae,
2384 2598 2493 2666 vel

206 2679 293 2749 ita
322 2692 551 2754 tenues
591 2700 668 2755 ut
708 2689 1156 2761 verisimiliter
1187 2694 1654 2787 neqliqantur,
1700 2701 1973 2768 tertiam
2001 2714 2271 2791 partem
2312 2706 2493 2792 fruc-

211 2796 380 2858 tuum
418 2805 488 2860 et
520 2817 1080 2888 quorumcumque
1099 2814 1561 2890 proventuum
1590 2816 1654 2872 et
1686 2806 2191 2890 obventionum,
2222 2819 2363 2874 tam
2393 2809 2494 2875 di-

209 2897 533 2979 qnitatum
588 2924 794 2991 quam
839 2905 1378 2994 canonicatuum,
1420 2924 1938 2999 personatuum,
1976 2912 2376 3001 portionum
2431 2926 2494 2980 et

212 3001 576 3088 officiorum
622 3007 927 3098 separari
973 3008 1221 3091 debere,
1278 3023 1343 3078 et
1395 3014 1465 3078 in
1523 3013 2015 3082 distributiones
2065 3014 2490 3105 quotidianas

214 3113 571 3180 converti...
605 3137 740 3182 non
771 3113 1196 3183 obstantibus
1232 3116 1810 3187 consuetudinibus
1836 3120 2039 3188 etiam
2065 3120 2492 3192 immemora-

217 3209 463 3287 bilibus.
516 3219 847 3291 Postremo
901 3224 1126 3291 eadem
1168 3224 1476 3313 synodUS,
1516 3225 1791 3295 sessione
1839 3227 1953 3311 24,
2000 3228 2206 3318 capite
2255 3230 2363 3315 12,
2393 3230 2485 3300 sic

217 3316 483 3394 decernit
533 3350 548 3394 ε
601 3327 1126 3398 Distributiones
1175 3352 1327 3398 vero
1364 3333 1483 3421 qui
1520 3333 1799 3401 statutis
1843 3334 2022 3402 horis
2065 3334 2485 3426 interfuerint

216 3431 519 3521 recipiant
560 3459 585 3502 .·
629 3435 890 3525 reliqui,
932 3436 1165 3528 quavis
1202 3438 1573 3509 collusione
1612 3453 1733 3509 aut
1773 3441 2147 3511 remissione
2189 3445 2480 3529 exclusa,

218 3527 302 3600 his
326 3552 626 3608 careant.

291 3640 349 3711 3.
395 3644 618 3735 Neque
662 3646 1047 3737 EpiscopuS,
1088 3671 1296 3738 neque
1333 3652 1714 3743 capitulum,
1745 3659 1950 3741 potest
1988 3655 2352 3721 condonare
2391 3654 2492 3720 illi

220 3748 314 3831 qui
353 3752 785 3841 privationem
833 3751 1306 3822 distributionis
1348 3778 1424 3822 ex
1468 3757 1753 3822 absentia
1788 3756 2102 3835 incurrit3
2147 3757 2256 3823 sed
2302 3756 2488 3828 debet

222 3855 464 3925 omnino
512 3857 625 3926 illa
673 3857 1129 3927 distributione
1175 3880 1374 3949 quam
1420 3880 1702 3949 praesens
1742 3859 2083 3949 accepisset
2114 3882 2353 3931 carere.
2386 3861 2477 3932 lta

223 3952 527 4030 declarant
582 3965 801 4054 plures
855 3967 1300 4056 responsiones
1357 3964 1567 4036 Sacrae
1618 3964 2145 4053 Congregationis
2198 3968 2476 4057 concilii,

222 4080 355 4149 quas
382 4070 578 4137 refert
604 4070 991 4140 Benedictus
1018 4072 1172 4141 XIV
1192 4072 1262 4141 in
1292 4097 1408 4143 suo
1436 4074 1604 4144 libro
1626 4072 2132 4141 Institutionum
2162 4075 2487 4144 ecclesias-

223 4163 480 4244 ticarum
515 4176 691 4276 (inst,
726 4177 879 4258 107,
907 4178 949 4268 ξ,
978 4177 1044 4262 7,
1079 4201 1148 4246 n.
1179 4179 1318 4268 42).
