2930 4982
1214 348 1293 393 DE
1339 347 1672 395 cffl'rnms.
2554 344 2588 396 7

385 464 572 532 Illam
626 462 1082 554 Capitulorum
1139 463 1604 533 hodiernorum
1661 488 1816 534 cum
1867 468 2133 556 antiquo
2168 467 2590 558 presbyterio

300 599 405 645 seu
450 585 689 642 senatu
718 573 1023 643 Ecclesiae
1047 574 1398 666 primitivae
1442 575 1832 644 identitatem
1878 578 2297 646 confirmasse
2333 578 2593 648 videtur

298 680 677 750 Tridentino
746 683 1059 770 synodus,
1124 684 1283 751 dum
1337 682 1568 751 eodem
1640 696 1903 752 senatus
1975 683 2273 753 Ecclesiae
2324 685 2593 753 nomine

297 787 653 856 Ganonicos
690 788 1058 878 appellavit.

379 895 567 963 Illam
596 895 1014 986 apostolicam
1045 895 1527 965 Canonicorum
1559 896 2031 965 institutionem
2059 897 2400 964 declaravit
2428 897 2594 965 Con·

293 1003 521 1071 cilium
552 1002 1085 1091 Aquisgranense
1127 1003 1284 1069 anni
1332 1002 1492 1087 816,
1525 1003 1687 1068 dum
1718 1023 1863 1068 eam
1900 1003 2342 1091 pronuntiavit
2368 1005 2594 1072 Evan-

296 1108 513 1198 qelioa
568 1120 633 1175 et
679 1108 1057 1199 apostolica
1107 1108 1511 1176 auctoritate
1546 1106 1809 1198 fultam
1847 1117 1913 1173 et
1939 1108 2193 1175 coeterzs
2233 1109 2593 1199 superemi-

295 1228 558 1283 nentem
591 1214 1150 1283 institutionibus.
1193 1213 1415 1306 (Apud
1447 1213 1672 1298 Nardi‚
1707 1219 1868 1282 tom.
1903 1213 1983 1298 ll,
2027 1236 2174 1304 pag.
2211 1213 2399 1306 230.)

382 1322 536 1391 Inde
575 1344 727 1390 vero
767 1324 911 1412 jam
976 1327 1146 1413 patet
1197 1323 1431 1410 ingens
1486 1323 1843 1389 discrimen
1892 1321 2250 1390 Canonicos
2303 1324 2474 1390 inter
2528 1329 2590 1390 et

298 1428 638 1497 parochos,
673 1428 1104 1497 Somniarunt
1127 1429 1398 1519 quidem
1424 1427 2127 1503 Jansenistaedivinam
2155 1429 2590 1518 parochorum

293 1536 762 1604 institutionem
803 1540 866 1603 et
893 1557 1122 1603 eorum
1155 1535 1410 1603 duobus
1435 1541 1498 1603 et
1533 1536 1941 1625 septuaginta
1978 1535 2316 1626 discipulis
2352 1535 2591 1604 Christi

293 1641 792 1709 successionem.
810 1641 898 1709 At
919 1642 1256 1709 mendacia
1273 1642 1411 1709 haec
1437 1648 1614 1710 sunt.
1648 1640 1920 1708 Parochi
1949 1641 2273 1730 siquidem
2306 1647 2454 1709 ante
2479 1663 2594 1711 sae-

292 1746 513 1812 culum
542 1768 607 1812 1v
626 1747 971 1813 extiterunt
997 1746 1192 1831 nulli,
1218 1752 1281 1813 et
1306 1745 1375 1812 in
1400 1746 1774 1814 civitatibus
1797 1752 1944 1813 ante
1966 1767 2030 1814 xi
2050 1746 2364 1814 saeculum
2391 1747 2591 1814 intro-

289 1852 515 1920 ductos
562 1873 695 1919 non
737 1852 932 1919 fuisse
961 1852 1358 1920 demonstrat
1399 1854 1562 1920 inter
1590 1853 1748 1921 alios
1792 1852 1991 1921 Nardi
2021 1851 2090 1919 in
2129 1874 2247 1921 suo
2279 1854 2586 1921 eruditis-

289 1957 454 2024 simo
494 1962 766 2025 tractatu
810 1958 933 2025 Dei
973 1957 1291 2025 parochi.
1343 1957 1530 2026 Unde
1557 1957 1758 2024 libere
1797 1956 1878 2024 ab
1916 1956 2103 2024 initio
2140 1958 2223 2025 ab
2261 1957 2591 2048 Episcopis

287 2063 579 2153 deputati
615 2069 790 2147 sunt,
831 2064 1028 2153 idque
1069 2071 1143 2131 ut
1180 2066 1349 2131 meri
1386 2065 1592 2154 ipsius
1621 2064 1917 2154 praesulis
1942 2063 2199 2149 vicarii,
2236 2071 2295 2132 et
2334 2065 2413 2132 ad
2444 2066 2586 2154 ejus

287 2169 642 2236 arbitrium
688 2170 1106 2238 revocabiles.
1157 2169 1345 2251 Quod
1375 2175 1594 2259 postea
1623 2170 1783 2258 ipsis
1811 2170 2076 2236 accessit
2103 2171 2298 2258 juris,
2331 2191 2407 2238 ex
2434 2191 2587 2238 con-

284 2275 779 2356 suetudinibUS‚
827 2281 889 2340 et
934 2297 1068 2341 non
1115 2275 1402 2361 antiquis
1447 2274 1758 2338 Ecclesiae
1806 2274 2100 2355 decretis,
2157 2275 2584 2363 promanavit.

288 2378 488 2448 Unus
519 2379 693 2444 enim
721 2383 974 2444 tantum
1003 2383 1095 2445 est
1122 2379 1274 2467 jure
1303 2378 1528 2445 divino
1553 2378 1621 2444 in
1653 2377 1941 2466 qualibet
1971 2378 2241 2446 ecclesia
2267 2381 2589 2470 parochus

288 2508 403 2553 seu
426 2489 664 2575 pastor,
686 2486 867 2573 isque
879 2482 1255 2575 Episcopus.
1280 2482 1367 2552 At
1383 2507 1536 2552 vero
1556 2482 1930 2574 Capitulum
1949 2484 2031 2553 ab
2049 2485 2317 2553 initioin
2339 2493 2585 2578 partem

289 2591 750 2660 sollicitudinis
778 2590 1097 2682 Episcopo
1128 2592 1538 2681 adjunctum.
1575 2590 1656 2658 Et
1684 2591 1840 2659 hinc
1870 2598 2177 2682 perpetua
2205 2594 2390 2661 omni
2419 2600 2587 2662 tem-

291 2719 444 2789 pore
470 2696 773 2766 Ecclesiae
800 2721 980 2785 cura,
1014 2704 1084 2766 ut
1109 2698 1439 2766 canonicis
1468 2720 1661 2789 supra
1688 2700 1999 2788 parochos
2018 2704 2080 2766 et
2112 2707 2372 2768 caeteros
2395 2721 2589 2788 quos·

297 2824 579 2892 cumque
610 2806 689 2872 de
714 2806 890 2873 'clero
919 2805 1172 2873 debitus
1199 2806 1411 2873 honor
1435 2809 1498 2872 et
1526 2806 1959 2895 praecellentia
1988 2812 2372 2872 servaretur.

378 2909 470 2977 Ex
502 2910 694 2979 dictis
734 2913 888 2979 satis
930 2912 1300 2980 confutatus
1339 2917 1639 2978 remanet
1677 2910 1987 2989 Barbosa‚
2035 2910 2588 2982 laboriosissimus

294 3015 555 3103 quidem
601 3017 1150 3107 jurisconsultor,
1215 3014 1330 3083 sed
1380 3016 1551 3081 inter
1595 3013 1887 3081 eruditos
1932 3036 2092 3082 sane
2162 3039 2295 3085 non
2346 3041 2585 3088 nume-

294 3122 540 3191 randus
571 3123 689 3216 (1),
729 3124 843 3214 qui
874 3122 1200 3213 originem
1243 3121 1723 3190 Canonicorum
1764 3144 1838 3188 ex
1871 3124 2088 3190 nescio
2134 3125 2376 3212 quibus
2415 3126 2585 3216 psal-

298 3232 498 3299 mistis
530 3239 594 3299 et
625 3232 1000 3326 cantoribus
1036 3231 1323 3319 antiquis
1355 3230 1745 3319 expiscatur,
1764 3230 2004 3319 absque
2033 3232 2168 3298 ulla
2192 3234 2582 3323 caeteroquin

300 3338 694 3427 probatione.
734 3340 1192 3407 probationem
1222 3344 1441 3405 tamen
1468 3337 1800 3405 assertioni
1828 3336 2128 3406 Barbosae
2159 3341 2455 3428 quaesivit
2474 3340 2585 3408 ob-

298 3464 521 3513 scurus
536 3446 806 3534 quidam
829 3450 1055 3513 auctor
1078 3444 1156 3511 de
1183 3465 1314 3533 quo
1338 3441 1645 3510 meminit
1671 3441 1870 3510 Nardi
1891 3442 2075 3535 (tom.
2113 3443 2192 3530 ll,
2218 3468 2364 3535 pag.
2395 3445 2576 3534 227).

298 3548 482 3638 Legit
502 3572 738 3640 nempe
759 3552 829 3617 in
851 3549 1220 3617 Laodiceno
1251 3569 1499 3615 canone
1530 3548 1612 3615 15
1634 3569 1651 3613 t
1677 3550 1829 3620 Non
1844 3559 2106 3637 oportet
2118 3559 2366 3639 praeter
2396 3570 2588 3614 cano-

298 3653 472 3722 nicos
492 3667 816 3740 cantorem,
846 3654 1106 3742 aliquos
1125 3653 1297 3720 alios
1325 3675 1558 3720 canere
1585 3653 1655 3719 in
1679 3653 1981 3720 Ecclesia
2000 3676 2026 3733 ;
2047 3660 2109 3718 et
2129 3672 2355 3717 vocem
2380 3650 2587 3739 adjec-

298 3761 494 3830 tivam
536 3762 906 3844 canonicos,
950 3779 1097 3849 quae
1140 3758 1234 3823 ibi
1274 3759 1451 3822 idem
1490 3763 1673 3821 sonat
1713 3778 1787 3821 ac
1824 3755 2124 3843 leqitime
2167 3757 2579 3840 constitutos,

292 3871 543 3958 putavit
584 3870 922 3958 designare
970 3863 1367 3934 cathedrales
1416 3860 1799 3930 Canonicos.
1864 3860 2070 3951 Cujus
2110 3884 2333 3932 crassae
2393 3866 2581 3957 igno-

297 3978 521 4056 rantiae
550 3977 766 4067 lapsus
794 3977 939 4044 luce
970 3972 1326 4041 meridiana
1357 3969 1597 4038 clarius
1637 3973 1811 4059 patet
1844 3990 1919 4036 ex
1948 3970 2233 4060 antiquis
2274 3974 2583 4043 versioni-

298 4081 417 4151 bus
469 4106 617 4172 quae
678 4083 769 4151 sic
820 4081 1062 4150 habent
1094 4103 1110 4147 :
1163 4082 1318 4150 Non
1370 4077 1565 4145 licere
1604 4087 1852 4166 proeter
1903 4078 2246 4147 canonicos
2295 4083 2580 4171 psaltes,

304 4187 373 4256 id
405 4202 529 4279 est,
571 4191 685 4281 qui
726 4187 1122 4280 requlariter
1151 4198 1447 4253 cantores
1492 4182 1807 4270 ewistunt,
1839 4190 1960 4255 etc.
2015 4184 2089 4253 ln
2131 4186 2257 4254 alia
2296 4189 2585 4254 versione

368 4421 431 4482 (t)
461 4422 540 4471 Ita
567 4433 686 4471 eum
713 4425 893 4473 vocant
918 4421 1104 4471 Marius
1127 4420 1300 4484 Lupus
1326 4422 1377 4469 et
1401 4417 1555 4468 Nardi
1578 4419 1695 4481 (Dei
1724 4418 1950 4477 petrochi.
1972 4420 2011 4468 t.
2034 4416 2105 4475 11,
2130 4430 2179 4480 p.
2203 4414 2334 4470 227).
