<?xml version="1.0" encoding="UTF-8"?>
<!DOCTYPE html PUBLIC "-//W3C//DTD XHTML 1.0 Transitional//EN"
    "http://www.w3.org/TR/xhtml1/DTD/xhtml1-transitional.dtd">
<html xmlns="http://www.w3.org/1999/xhtml" xml:lang="en" lang="en">
 <head>
  <title>
</title>
<meta http-equiv="Content-Type" content="text/html;charset=utf-8" />
  <meta name='ocr-system' content='tesseract 3.04.00' />
  <meta name='ocr-capabilities' content='ocr_page ocr_carea ocr_par ocr_line ocrx_word'/>
</head>
<body>
  <div class='ocr_page' id='page_1' title='image "./tractatusdecapi00bouigoog_0019.png"; bbox 0 0 2930 4982; ppageno 0'>
   <div class='ocr_carea' id='block_1_1' title="bbox 1196 464 2568 517">
    <p class='ocr_par' dir='ltr' id='par_1_1' title="bbox 1196 464 2568 517">
     <span class='ocr_line' id='line_1_1' title="bbox 1196 464 2568 517; baseline 0.005 -7"><span class='ocrx_word' id='word_1_1' title='bbox 1196 467 1276 510; x_wconf 82' lang='lat' dir='ltr'>DE</span> <span class='ocrx_word' id='word_1_2' title='bbox 1323 466 1653 514; x_wconf 74' lang='lat' dir='ltr'>CAPITUUS.</span> <span class='ocrx_word' id='word_1_3' title='bbox 2534 464 2568 517; x_wconf 83' lang='lat'>3</span> 
     </span>
    </p>
   </div>
   <div class='ocr_carea' id='block_1_2' title="bbox 294 583 2678 4606">
    <p class='ocr_par' dir='ltr' id='par_1_2' title="bbox 294 583 2678 3332">
     <span class='ocr_line' id='line_1_2' title="bbox 307 583 2575 678; baseline 0.004 -30"><span class='ocrx_word' id='word_1_4' title='bbox 307 583 485 650; x_wconf 86' lang='lat' dir='ltr'>«sive</span> <span class='ocrx_word' id='word_1_5' title='bbox 514 583 809 652; x_wconf 89' lang='lat' dir='ltr'>ecclesias</span> <span class='ocrx_word' id='word_1_6' title='bbox 862 585 1027 652; x_wconf 85' lang='lat' dir='ltr'>sacta</span> <span class='ocrx_word' id='word_1_7' title='bbox 1081 585 1314 653; x_wconf 87' lang='lat' dir='ltr'>divisio</span> <span class='ocrx_word' id='word_1_8' title='bbox 1356 593 1469 653; x_wconf 90' lang='lat' dir='ltr'>est.</span> <span class='ocrx_word' id='word_1_9' title='bbox 1504 587 1820 678; x_wconf 83' lang='lat' dir='ltr'><em>Episcopi</em></span> <span class='ocrx_word' id='word_1_10' title='bbox 1853 609 1984 678; x_wconf 76' lang='lat' dir='ltr'>per</span> <span class='ocrx_word' id='word_1_11' title='bbox 2038 599 2231 655; x_wconf 83' lang='lat' dir='ltr'>terroe</span> <span class='ocrx_word' id='word_1_12' title='bbox 2260 590 2575 658; x_wconf 80' lang='lat' dir='ltr'>terminos</span> 
     </span>
     <span class='ocr_line' id='line_1_3' title="bbox 308 687 2678 783; baseline 0.008 -32"><span class='ocrx_word' id='word_1_13' title='bbox 308 716 335 751; x_wconf 85' lang='lat'>«</span> <span class='ocrx_word' id='word_1_14' title='bbox 370 687 650 778; x_wconf 41' lang='lat' dir='ltr'>definiti.</span> <span class='ocrx_word' id='word_1_15' title='bbox 683 713 762 758; x_wconf 76' lang='lat' dir='ltr'>ex</span> <span class='ocrx_word' id='word_1_16' title='bbox 787 693 941 759; x_wconf 81' lang='lat' dir='ltr'>Jesu</span> <span class='ocrx_word' id='word_1_17' title='bbox 995 691 1242 759; x_wconf 69' lang='lat' dir='ltr'>Christi</span> <span class='ocrx_word' id='word_1_18' title='bbox 1291 702 1450 759; x_wconf 82' lang='lat' dir='ltr'>sunt</span> <span class='ocrx_word' id='word_1_19' title='bbox 1491 692 1844 776; x_wconf 79' lang='lat' dir='ltr'>sententia,</span> <span class='ocrx_word' id='word_1_20' title='bbox 1899 693 2111 761; x_wconf 89' lang='lat' dir='ltr'>aiebat</span> <span class='ocrx_word' id='word_1_21' title='bbox 2155 715 2435 783; x_wconf 85' lang='lat' dir='ltr'>magnus</span> <span class='ocrx_word' id='word_1_22' title='bbox 2463 694 2574 762; x_wconf 91' lang='lat' dir='ltr'>ille</span> <span class='ocrx_word' id='word_1_23' title='bbox 2668 756 2678 769; x_wconf 83' lang='lat'>.</span> 
     </span>
     <span class='ocr_line' id='line_1_4' title="bbox 311 797 2573 890; baseline 0.005 -32"><span class='ocrx_word' id='word_1_24' title='bbox 311 797 814 885; x_wconf 91' lang='lat' dir='ltr'>«Apostolorum</span> <span class='ocrx_word' id='word_1_25' title='bbox 847 797 1199 890; x_wconf 90' lang='lat' dir='ltr'>discipulus</span> <span class='ocrx_word' id='word_1_26' title='bbox 1246 805 1507 867; x_wconf 88' lang='lat' dir='ltr'>sanctus</span> <span class='ocrx_word' id='word_1_27' title='bbox 1537 797 1826 888; x_wconf 78' lang='lat' dir='ltr'>ignatius</span> <span class='ocrx_word' id='word_1_28' title='bbox 1876 806 2123 888; x_wconf 73' lang='lat' dir='ltr'>martyr</span> <span class='ocrx_word' id='word_1_29' title='bbox 2149 799 2439 890; x_wconf 87' lang='lat' dir='ltr'>(epistola</span> <span class='ocrx_word' id='word_1_30' title='bbox 2492 801 2573 869; x_wconf 90' lang='lat' dir='ltr'>ad</span> 
     </span>
     <span class='ocr_line' id='line_1_5' title="bbox 311 902 2575 996; baseline 0.004 -29"><span class='ocrx_word' id='word_1_31' title='bbox 311 928 337 964; x_wconf 91' lang='lat'>«</span> <span class='ocrx_word' id='word_1_32' title='bbox 369 902 707 992; x_wconf 65' lang='lat' dir='ltr'>Magnes).</span> <span class='ocrx_word' id='word_1_33' title='bbox 745 903 1034 994; x_wconf 84' lang='lat' dir='ltr'><strong>Quisque</strong></span> <span class='ocrx_word' id='word_1_34' title='bbox 1064 927 1256 995; x_wconf 92' lang='lat' dir='ltr'>porro</span> <span class='ocrx_word' id='word_1_35' title='bbox 1285 905 1670 996; x_wconf 86' lang='lat' dir='ltr'>Episcopus,</span> <span class='ocrx_word' id='word_1_36' title='bbox 1705 908 1904 973; x_wconf 88' lang='lat' dir='ltr'>etiam</span> <span class='ocrx_word' id='word_1_37' title='bbox 1950 906 2113 973; x_wconf 88' lang='lat' dir='ltr'>dum</span> <span class='ocrx_word' id='word_1_38' title='bbox 2147 908 2361 976; x_wconf 88' lang='lat' dir='ltr'>adhuc</span> <span class='ocrx_word' id='word_1_39' title='bbox 2398 908 2575 976; x_wconf 84' lang='lat' dir='ltr'>vive-</span> 
     </span>
     <span class='ocr_line' id='line_1_6' title="bbox 309 1009 2578 1101; baseline 0.005 -30"><span class='ocrx_word' id='word_1_40' title='bbox 309 1015 502 1076; x_wconf 88' lang='lat' dir='ltr'>«rent</span> <span class='ocrx_word' id='word_1_41' title='bbox 545 1009 864 1100; x_wconf 79' lang='lat' dir='ltr'>Apostoli,</span> <span class='ocrx_word' id='word_1_42' title='bbox 888 1011 1009 1078; x_wconf 90' lang='lat' dir='ltr'>sibi</span> <span class='ocrx_word' id='word_1_43' title='bbox 1060 1012 1309 1080; x_wconf 90' lang='lat' dir='ltr'>clerum</span> <span class='ocrx_word' id='word_1_44' title='bbox 1339 1011 1663 1101; x_wconf 86' lang='lat' dir='ltr'>adjunxit,</span> <span class='ocrx_word' id='word_1_45' title='bbox 1699 1033 1900 1100; x_wconf 91' lang='lat' dir='ltr'>quem</span> <span class='ocrx_word' id='word_1_46' title='bbox 1952 1011 2022 1077; x_wconf 91' lang='lat' dir='ltr'>in</span> <span class='ocrx_word' id='word_1_47' title='bbox 2076 1033 2257 1080; x_wconf 86' lang='lat' dir='ltr'>sacro</span> <span class='ocrx_word' id='word_1_48' title='bbox 2307 1034 2578 1082; x_wconf 86' lang='lat' dir='ltr'>munere</span> 
     </span>
     <span class='ocr_line' id='line_1_7' title="bbox 308 1115 2579 1209; baseline 0.004 -32"><span class='ocrx_word' id='word_1_49' title='bbox 308 1116 723 1205; x_wconf 75' lang='lat' dir='ltr'>«adjutorem</span> <span class='ocrx_word' id='word_1_50' title='bbox 753 1116 1040 1184; x_wconf 90' lang='lat' dir='ltr'>haberet.</span> <span class='ocrx_word' id='word_1_51' title='bbox 1092 1140 1126 1181; x_wconf 90' lang='lat'>»</span> <span class='ocrx_word' id='word_1_52' title='bbox 1184 1116 1257 1184; x_wconf 92' lang='lat' dir='ltr'>Id</span> <span class='ocrx_word' id='word_1_53' title='bbox 1301 1124 1641 1208; x_wconf 75' lang='lat' dir='ltr'>postquam</span> <span class='ocrx_word' id='word_1_54' title='bbox 1688 1115 1882 1184; x_wconf 86' lang='lat' dir='ltr'>variis</span> <span class='ocrx_word' id='word_1_55' title='bbox 1937 1119 2388 1186; x_wconf 81' lang='lat' dir='ltr'>monumentis</span> <span class='ocrx_word' id='word_1_56' title='bbox 2429 1139 2579 1209; x_wconf 88' lang='lat' dir='ltr'>pro·</span> 
     </span>
     <span class='ocr_line' id='line_1_8' title="bbox 303 1220 2582 1312; baseline 0.003 -25"><span class='ocrx_word' id='word_1_57' title='bbox 303 1223 468 1289; x_wconf 83' lang='lat' dir='ltr'>bavit</span> <span class='ocrx_word' id='word_1_58' title='bbox 505 1220 731 1302; x_wconf 91' lang='lat' dir='ltr'>Nardi,</span> <span class='ocrx_word' id='word_1_59' title='bbox 761 1224 954 1312; x_wconf 89' lang='lat' dir='ltr'>cujus</span> <span class='ocrx_word' id='word_1_60' title='bbox 976 1222 1170 1290; x_wconf 82' lang='lat' dir='ltr'>verba</span> <span class='ocrx_word' id='word_1_61' title='bbox 1198 1223 1309 1291; x_wconf 89' lang='lat' dir='ltr'>hic</span> <span class='ocrx_word' id='word_1_62' title='bbox 1342 1224 1412 1290; x_wconf 87' lang='lat' dir='ltr'>in</span> <span class='ocrx_word' id='word_1_63' title='bbox 1450 1223 1729 1290; x_wconf 89' lang='lat' dir='ltr'>latinum</span> <span class='ocrx_word' id='word_1_64' title='bbox 1758 1222 2060 1290; x_wconf 88' lang='lat' dir='ltr'>translata</span> <span class='ocrx_word' id='word_1_65' title='bbox 2086 1223 2454 1304; x_wconf 83' lang='lat' dir='ltr'>referimus,</span> <span class='ocrx_word' id='word_1_66' title='bbox 2489 1226 2582 1293; x_wconf 87' lang='lat' dir='ltr'>sic</span> 
     </span>
     <span class='ocr_line' id='line_1_9' title="bbox 303 1327 2584 1421; baseline 0.003 -28"><span class='ocrx_word' id='word_1_67' title='bbox 303 1329 744 1418; x_wconf 80' lang='lat' dir='ltr'>prosequitur:</span> <span class='ocrx_word' id='word_1_68' title='bbox 788 1355 822 1393; x_wconf 86' lang='lat'>«</span> <span class='ocrx_word' id='word_1_69' title='bbox 851 1327 1073 1397; x_wconf 88' lang='lat' dir='ltr'>Clerus</span> <span class='ocrx_word' id='word_1_70' title='bbox 1119 1329 1228 1397; x_wconf 91' lang='lat' dir='ltr'>ille</span> <span class='ocrx_word' id='word_1_71' title='bbox 1277 1330 1487 1397; x_wconf 89' lang='lat' dir='ltr'>tribus</span> <span class='ocrx_word' id='word_1_72' title='bbox 1526 1328 1856 1420; x_wconf 85' lang='lat' dir='ltr'>prioribus</span> <span class='ocrx_word' id='word_1_73' title='bbox 1883 1328 2134 1397; x_wconf 84' lang='lat' dir='ltr'>saeculis</span> <span class='ocrx_word' id='word_1_74' title='bbox 2164 1329 2294 1397; x_wconf 83' lang='lat' dir='ltr'>fere</span> <span class='ocrx_word' id='word_1_75' title='bbox 2338 1331 2584 1421; x_wconf 87' lang='lat' dir='ltr'>ubique</span> 
     </span>
     <span class='ocr_line' id='line_1_10' title="bbox 308 1435 2580 1526; baseline 0.003 -28"><span class='ocrx_word' id='word_1_76' title='bbox 308 1464 338 1498; x_wconf 83' lang='lat'>«</span> <span class='ocrx_word' id='word_1_77' title='bbox 375 1435 700 1503; x_wconf 83' lang='lat' dir='ltr'>constabat</span> <span class='ocrx_word' id='word_1_78' title='bbox 740 1436 1085 1503; x_wconf 83' lang='lat' dir='ltr'>duodecim</span> <span class='ocrx_word' id='word_1_79' title='bbox 1113 1436 1551 1504; x_wconf 88' lang='lat' dir='ltr'>sacerdotibus</span> <span class='ocrx_word' id='word_1_80' title='bbox 1599 1435 1879 1526; x_wconf 88' lang='lat' dir='ltr'>(collegii</span> <span class='ocrx_word' id='word_1_81' title='bbox 1928 1435 2260 1524; x_wconf 89' lang='lat' dir='ltr'>apostolici</span> <span class='ocrx_word' id='word_1_82' title='bbox 2301 1437 2580 1505; x_wconf 75' lang='lat' dir='ltr'>formam</span> 
     </span>
     <span class='ocr_line' id='line_1_11' title="bbox 313 1540 2586 1633; baseline 0.004 -31"><span class='ocrx_word' id='word_1_83' title='bbox 313 1567 340 1603; x_wconf 62' lang='lat' dir='ltr'><em>a</em></span> <span class='ocrx_word' id='word_1_84' title='bbox 367 1542 840 1621; x_wconf 81' lang='lat' dir='ltr'>exhibentibuS,</span> <span class='ocrx_word' id='word_1_85' title='bbox 885 1543 1025 1633; x_wconf 91' lang='lat' dir='ltr'>ipso</span> <span class='ocrx_word' id='word_1_86' title='bbox 1074 1564 1226 1610; x_wconf 88' lang='lat' dir='ltr'>vero</span> <span class='ocrx_word' id='word_1_87' title='bbox 1276 1541 1596 1633; x_wconf 88' lang='lat' dir='ltr'>Episcopo</span> <span class='ocrx_word' id='word_1_88' title='bbox 1642 1540 1881 1610; x_wconf 86' lang='lat' dir='ltr'>Christi</span> <span class='ocrx_word' id='word_1_89' title='bbox 1938 1540 2202 1609; x_wconf 88' lang='lat' dir='ltr'>Domini</span> <span class='ocrx_word' id='word_1_90' title='bbox 2246 1563 2586 1632; x_wconf 85' lang='lat' dir='ltr'>personam</span> 
     </span>
     <span class='ocr_line' id='line_1_12' title="bbox 312 1648 2590 1739; baseline 0.004 -28"><span class='ocrx_word' id='word_1_91' title='bbox 312 1675 341 1711; x_wconf 87' lang='lat'>«</span> <span class='ocrx_word' id='word_1_92' title='bbox 374 1648 734 1736; x_wconf 82' lang='lat' dir='ltr'>referente),</span> <span class='ocrx_word' id='word_1_93' title='bbox 761 1655 824 1715; x_wconf 90' lang='lat' dir='ltr'>et</span> <span class='ocrx_word' id='word_1_94' title='bbox 848 1654 1094 1739; x_wconf 88' lang='lat' dir='ltr'>septem</span> <span class='ocrx_word' id='word_1_95' title='bbox 1121 1648 1437 1732; x_wconf 84' lang='lat' dir='ltr'>diaconis,</span> <span class='ocrx_word' id='word_1_96' title='bbox 1472 1649 1554 1716; x_wconf 91' lang='lat' dir='ltr'>ad</span> <span class='ocrx_word' id='word_1_97' title='bbox 1583 1648 1788 1716; x_wconf 89' lang='lat' dir='ltr'>instar</span> <span class='ocrx_word' id='word_1_98' title='bbox 1814 1670 2041 1716; x_wconf 82' lang='lat' dir='ltr'>eorum</span> <span class='ocrx_word' id='word_1_99' title='bbox 2075 1650 2192 1736; x_wconf 90' lang='lat' dir='ltr'>qui</span> <span class='ocrx_word' id='word_1_100' title='bbox 2220 1648 2288 1716; x_wconf 92' lang='lat' dir='ltr'>in</span> <span class='ocrx_word' id='word_1_101' title='bbox 2316 1650 2590 1719; x_wconf 89' lang='lat' dir='ltr'>Actibus</span> 
     </span>
     <span class='ocr_line' id='line_1_13' title="bbox 312 1755 2586 1845; baseline 0.003 -27"><span class='ocrx_word' id='word_1_102' title='bbox 312 1755 822 1845; x_wconf 84' lang='lat' dir='ltr'>«Apostolorum</span> <span class='ocrx_word' id='word_1_103' title='bbox 882 1762 1506 1823; x_wconf 84' lang='lat' dir='ltr'>commemorantur.</span> <span class='ocrx_word' id='word_1_104' title='bbox 1539 1755 1968 1823; x_wconf 90' lang='lat' dir='ltr'>Addebantur</span> <span class='ocrx_word' id='word_1_105' title='bbox 2020 1775 2138 1845; x_wconf 90' lang='lat' dir='ltr'>pro</span> <span class='ocrx_word' id='word_1_106' title='bbox 2191 1756 2366 1822; x_wconf 86' lang='lat' dir='ltr'>varia</span> <span class='ocrx_word' id='word_1_107' title='bbox 2414 1756 2586 1825; x_wconf 87' lang='lat' dir='ltr'>loco·</span> 
     </span>
     <span class='ocr_line' id='line_1_14' title="bbox 307 1861 2590 1950; baseline 0.003 -27"><span class='ocrx_word' id='word_1_108' title='bbox 307 1889 337 1924; x_wconf 81' lang='lat'>«</span> <span class='ocrx_word' id='word_1_109' title='bbox 366 1884 515 1929; x_wconf 91' lang='lat' dir='ltr'>rum</span> <span class='ocrx_word' id='word_1_110' title='bbox 544 1862 916 1929; x_wconf 83' lang='lat' dir='ltr'>necessitate</span> <span class='ocrx_word' id='word_1_111' title='bbox 962 1862 1249 1930; x_wconf 89' lang='lat' dir='ltr'>ministri</span> <span class='ocrx_word' id='word_1_112' title='bbox 1277 1862 1640 1948; x_wconf 85' lang='lat' dir='ltr'>inferiores,</span> <span class='ocrx_word' id='word_1_113' title='bbox 1674 1863 1877 1950; x_wconf 90' lang='lat' dir='ltr'>quiet</span> <span class='ocrx_word' id='word_1_114' title='bbox 1904 1862 2190 1928; x_wconf 89' lang='lat' dir='ltr'>minores</span> <span class='ocrx_word' id='word_1_115' title='bbox 2228 1861 2447 1928; x_wconf 90' lang='lat' dir='ltr'>clerici</span> <span class='ocrx_word' id='word_1_116' title='bbox 2480 1884 2590 1931; x_wconf 79' lang='lat' dir='ltr'>vo-</span> 
     </span>
     <span class='ocr_line' id='line_1_15' title="bbox 311 1965 2587 2057; baseline 0.002 -27"><span class='ocrx_word' id='word_1_117' title='bbox 311 1992 339 2027; x_wconf 93' lang='lat'>«</span> <span class='ocrx_word' id='word_1_118' title='bbox 369 1967 706 2053; x_wconf 89' lang='lat' dir='ltr'>cabantur,</span> <span class='ocrx_word' id='word_1_119' title='bbox 727 1989 761 2033; x_wconf 89' lang='lat' dir='ltr'>e</span> <span class='ocrx_word' id='word_1_120' title='bbox 783 1967 1024 2055; x_wconf 89' lang='lat' dir='ltr'>quibus</span> <span class='ocrx_word' id='word_1_121' title='bbox 1044 1972 1532 2035; x_wconf 87' lang='lat' dir='ltr'>assumerentur</span> <span class='ocrx_word' id='word_1_122' title='bbox 1548 1968 1906 2057; x_wconf 76' lang='lat' dir='ltr'>presbyteri</span> <span class='ocrx_word' id='word_1_123' title='bbox 1929 1973 1991 2034; x_wconf 90' lang='lat' dir='ltr'>et</span> <span class='ocrx_word' id='word_1_124' title='bbox 2013 1967 2293 2037; x_wconf 88' lang='lat' dir='ltr'>diaconi.</span> <span class='ocrx_word' id='word_1_125' title='bbox 2318 1965 2418 2033; x_wconf 88' lang='lat' dir='ltr'>llli</span> <span class='ocrx_word' id='word_1_126' title='bbox 2433 1987 2587 2054; x_wconf 88' lang='lat' dir='ltr'>ergo</span> 
     </span>
     <span class='ocr_line' id='line_1_16' title="bbox 310 2071 2589 2164; baseline 0.002 -31"><span class='ocrx_word' id='word_1_127' title='bbox 310 2098 339 2134; x_wconf 84' lang='lat'>&lt;‹</span> <span class='ocrx_word' id='word_1_128' title='bbox 374 2071 725 2140; x_wconf 87' lang='lat' dir='ltr'>duodecim</span> <span class='ocrx_word' id='word_1_129' title='bbox 764 2073 1123 2163; x_wconf 89' lang='lat' dir='ltr'>presbyteri</span> <span class='ocrx_word' id='word_1_130' title='bbox 1160 2081 1222 2141; x_wconf 88' lang='lat' dir='ltr'>et</span> <span class='ocrx_word' id='word_1_131' title='bbox 1259 2078 1501 2164; x_wconf 90' lang='lat' dir='ltr'>septem</span> <span class='ocrx_word' id='word_1_132' title='bbox 1549 2074 1808 2141; x_wconf 88' lang='lat' dir='ltr'>diaconi</span> <span class='ocrx_word' id='word_1_133' title='bbox 1849 2086 2159 2141; x_wconf 81' lang='lat' dir='ltr'>senatum</span> <span class='ocrx_word' id='word_1_134' title='bbox 2190 2072 2490 2139; x_wconf 84' lang='lat' dir='ltr'>Ecclesiae</span> <span class='ocrx_word' id='word_1_135' title='bbox 2525 2077 2589 2138; x_wconf 93' lang='lat' dir='ltr'>et</span> 
     </span>
     <span class='ocr_line' id='line_1_17' title="bbox 307 2179 2593 2269; baseline 0.001 -29"><span class='ocrx_word' id='word_1_136' title='bbox 307 2205 337 2241; x_wconf 68' lang='grc' dir='ltr'>ι(</span> <span class='ocrx_word' id='word_1_137' title='bbox 366 2179 718 2246; x_wconf 80' lang='lat' dir='ltr'>consilium</span> <span class='ocrx_word' id='word_1_138' title='bbox 728 2179 1031 2269; x_wconf 88' lang='lat' dir='ltr'>Episcopi</span> <span class='ocrx_word' id='word_1_139' title='bbox 1046 2181 1162 2248; x_wconf 91' lang='lat' dir='ltr'>soli</span> <span class='ocrx_word' id='word_1_140' title='bbox 1179 2180 1678 2249; x_wconf 89' lang='lat' dir='ltr'>constituebant.</span> <span class='ocrx_word' id='word_1_141' title='bbox 1700 2179 1936 2247; x_wconf 82' lang='lat' dir='ltr'>Praeter</span> <span class='ocrx_word' id='word_1_142' title='bbox 1952 2180 2132 2262; x_wconf 79' lang='lat' dir='ltr'>istos,</span> <span class='ocrx_word' id='word_1_143' title='bbox 2145 2200 2279 2245; x_wconf 86' lang='lat' dir='ltr'>non</span> <span class='ocrx_word' id='word_1_144' title='bbox 2295 2179 2593 2244; x_wconf 85' lang='lat' dir='ltr'>extabant</span> 
     </span>
     <span class='ocr_line' id='line_1_18' title="bbox 297 2281 2585 2374; baseline 0.001 -28"><span class='ocrx_word' id='word_1_145' title='bbox 297 2310 332 2347; x_wconf 89' lang='lat'>«</span> <span class='ocrx_word' id='word_1_146' title='bbox 366 2284 606 2374; x_wconf 89' lang='lat' dir='ltr'>primis</span> <span class='ocrx_word' id='word_1_147' title='bbox 644 2285 917 2352; x_wconf 91' lang='lat' dir='ltr'>omnino</span> <span class='ocrx_word' id='word_1_148' title='bbox 943 2285 1252 2353; x_wconf 70' lang='lat' dir='ltr'>Ecclesiae</span> <span class='ocrx_word' id='word_1_149' title='bbox 1278 2287 1558 2352; x_wconf 83' lang='lat' dir='ltr'>exordiis</span> <span class='ocrx_word' id='word_1_150' title='bbox 1612 2284 1724 2348; x_wconf 86' lang='lat' dir='ltr'>alii</span> <span class='ocrx_word' id='word_1_151' title='bbox 1776 2282 2132 2371; x_wconf 75' lang='lat' dir='ltr'>presbyteri</span> <span class='ocrx_word' id='word_1_152' title='bbox 2169 2287 2278 2349; x_wconf 91' lang='lat' dir='ltr'>aut</span> <span class='ocrx_word' id='word_1_153' title='bbox 2313 2281 2585 2350; x_wconf 89' lang='lat' dir='ltr'>diaconi.</span> 
     </span>
     <span class='ocr_line' id='line_1_19' title="bbox 296 2389 2582 2480; baseline 0.002 -27"><span class='ocrx_word' id='word_1_154' title='bbox 296 2418 331 2454; x_wconf 93' lang='lat'>«</span> <span class='ocrx_word' id='word_1_155' title='bbox 371 2389 818 2456; x_wconf 81' lang='lat' dir='ltr'>Adbaerebant</span> <span class='ocrx_word' id='word_1_156' title='bbox 864 2411 1115 2478; x_wconf 88' lang='lat' dir='ltr'>semper</span> <span class='ocrx_word' id='word_1_157' title='bbox 1161 2389 1495 2480; x_wconf 82' lang='lat' dir='ltr'>EpiscopO,</span> <span class='ocrx_word' id='word_1_158' title='bbox 1529 2411 1567 2455; x_wconf 87' lang='lat' dir='ltr'>a</span> <span class='ocrx_word' id='word_1_159' title='bbox 1597 2410 1727 2477; x_wconf 88' lang='lat' dir='ltr'>quo</span> <span class='ocrx_word' id='word_1_160' title='bbox 1765 2394 1825 2455; x_wconf 87' lang='lat' dir='ltr'>et</span> <span class='ocrx_word' id='word_1_161' title='bbox 1871 2389 2144 2456; x_wconf 86' lang='lat' dir='ltr'>omnino</span> <span class='ocrx_word' id='word_1_162' title='bbox 2195 2389 2582 2479; x_wconf 89' lang='lat' dir='ltr'>pendebant.</span> 
     </span>
     <span class='ocr_line' id='line_1_20' title="bbox 294 2493 2590 2590; baseline 0.002 -29"><span class='ocrx_word' id='word_1_163' title='bbox 294 2527 331 2562; x_wconf 83' lang='lat'>«</span> <span class='ocrx_word' id='word_1_164' title='bbox 374 2497 617 2584; x_wconf 83' lang='lat' dir='ltr'>Ingens</span> <span class='ocrx_word' id='word_1_165' title='bbox 661 2496 930 2585; x_wconf 86' lang='lat' dir='ltr'>ipsamet</span> <span class='ocrx_word' id='word_1_166' title='bbox 956 2493 1395 2564; x_wconf 87' lang='lat' dir='ltr'>Alexandrina</span> <span class='ocrx_word' id='word_1_167' title='bbox 1449 2497 1672 2565; x_wconf 89' lang='lat' dir='ltr'>civitas</span> <span class='ocrx_word' id='word_1_168' title='bbox 1721 2497 1983 2564; x_wconf 90' lang='lat' dir='ltr'>nonnisi</span> <span class='ocrx_word' id='word_1_169' title='bbox 2029 2496 2376 2565; x_wconf 89' lang='lat' dir='ltr'>duodecim</span> <span class='ocrx_word' id='word_1_170' title='bbox 2416 2521 2590 2590; x_wconf 93' lang='lat' dir='ltr'>pres-</span> 
     </span>
     <span class='ocr_line' id='line_1_21' title="bbox 299 2602 2593 2694; baseline 0.002 -26"><span class='ocrx_word' id='word_1_171' title='bbox 299 2633 335 2669; x_wconf 89' lang='lat'>«</span> <span class='ocrx_word' id='word_1_172' title='bbox 367 2605 628 2693; x_wconf 81' lang='lat' dir='ltr'>byteros</span> <span class='ocrx_word' id='word_1_173' title='bbox 653 2607 715 2668; x_wconf 91' lang='lat' dir='ltr'>et</span> <span class='ocrx_word' id='word_1_174' title='bbox 765 2607 1008 2692; x_wconf 88' lang='lat' dir='ltr'>septem</span> <span class='ocrx_word' id='word_1_175' title='bbox 1058 2602 1360 2672; x_wconf 90' lang='lat' dir='ltr'>diaconos</span> <span class='ocrx_word' id='word_1_176' title='bbox 1394 2606 1672 2694; x_wconf 91' lang='lat' dir='ltr'>majores</span> <span class='ocrx_word' id='word_1_177' title='bbox 1711 2603 2008 2671; x_wconf 83' lang='lat' dir='ltr'>habebat.</span> <span class='ocrx_word' id='word_1_178' title='bbox 2045 2603 2139 2671; x_wconf 85' lang='lat' dir='ltr'>Ex</span> <span class='ocrx_word' id='word_1_179' title='bbox 2167 2604 2289 2672; x_wconf 90' lang='lat' dir='ltr'>isto</span> <span class='ocrx_word' id='word_1_180' title='bbox 2313 2626 2593 2673; x_wconf 88' lang='lat' dir='ltr'>numero</span> 
     </span>
     <span class='ocr_line' id='line_1_22' title="bbox 302 2708 2610 2799; baseline 0.002 -26"><span class='ocrx_word' id='word_1_181' title='bbox 302 2710 729 2799; x_wconf 87' lang='lat' dir='ltr'>«eligebatur</span> <span class='ocrx_word' id='word_1_182' title='bbox 759 2708 1128 2777; x_wconf 89' lang='lat' dir='ltr'>Patriarcha</span> <span class='ocrx_word' id='word_1_183' title='bbox 1141 2736 1159 2796; x_wconf 83' lang='lat'><em>3</em></span> <span class='ocrx_word' id='word_1_184' title='bbox 1205 2733 1336 2799; x_wconf 90' lang='lat' dir='ltr'>qua</span> <span class='ocrx_word' id='word_1_185' title='bbox 1365 2711 1530 2778; x_wconf 88' lang='lat' dir='ltr'>facta</span> <span class='ocrx_word' id='word_1_186' title='bbox 1559 2711 1868 2777; x_wconf 90' lang='lat' dir='ltr'>electione</span> <span class='ocrx_word' id='word_1_187' title='bbox 1913 2732 2120 2778; x_wconf 87' lang='lat' dir='ltr'>novus</span> <span class='ocrx_word' id='word_1_188' title='bbox 2165 2711 2610 2778; x_wconf 75' lang='lat' dir='ltr'>ordinabatur·</span> 
     </span>
     <span class='ocr_line' id='line_1_23' title="bbox 304 2816 2598 2907; baseline 0 -26"><span class='ocrx_word' id='word_1_189' title='bbox 304 2847 340 2881; x_wconf 67' lang='grc' dir='ltr'>ι(</span> <span class='ocrx_word' id='word_1_190' title='bbox 373 2817 707 2907; x_wconf 76' lang='lat' dir='ltr'>presbyter</span> <span class='ocrx_word' id='word_1_191' title='bbox 731 2823 846 2883; x_wconf 89' lang='lat' dir='ltr'>aut</span> <span class='ocrx_word' id='word_1_192' title='bbox 893 2817 1226 2885; x_wconf 89' lang='lat' dir='ltr'>diaconus.</span> <span class='ocrx_word' id='word_1_193' title='bbox 1262 2817 1503 2886; x_wconf 87' lang='lat' dir='ltr'>Canon·</span> <span class='ocrx_word' id='word_1_194' title='bbox 1532 2817 1619 2885; x_wconf 76' lang='lat'>62</span> <span class='ocrx_word' id='word_1_195' title='bbox 1665 2816 2293 2885; x_wconf 82' lang='lat' dir='ltr'>Nicaeno-Arabicus</span> <span class='ocrx_word' id='word_1_196' title='bbox 2329 2817 2491 2900; x_wconf 85' lang='lat' dir='ltr'>vult,</span> <span class='ocrx_word' id='word_1_197' title='bbox 2525 2829 2598 2882; x_wconf 79' lang='lat' dir='ltr'>uc</span> 
     </span>
     <span class='ocr_line' id='line_1_24' title="bbox 310 2921 2598 3013; baseline 0.002 -27"><span class='ocrx_word' id='word_1_198' title='bbox 310 2951 346 2986; x_wconf 63' lang='grc' dir='ltr'>ι(</span> <span class='ocrx_word' id='word_1_199' title='bbox 372 2946 509 2990; x_wconf 79' lang='lat' dir='ltr'>non</span> <span class='ocrx_word' id='word_1_200' title='bbox 549 2923 688 2989; x_wconf 80' lang='lat' dir='ltr'>sint</span> <span class='ocrx_word' id='word_1_201' title='bbox 720 2923 932 3013; x_wconf 80' lang='lat' dir='ltr'>pauci</span> <span class='ocrx_word' id='word_1_202' title='bbox 955 2924 1329 3013; x_wconf 79' lang='lat' dir='ltr'>presbyteri</span> <span class='ocrx_word' id='word_1_203' title='bbox 1374 2924 1448 2990; x_wconf 84' lang='lat' dir='ltr'>in</span> <span class='ocrx_word' id='word_1_204' title='bbox 1490 2923 1817 3007; x_wconf 81' lang='lat' dir='ltr'>Ecclesia,</span> <span class='ocrx_word' id='word_1_205' title='bbox 1850 2944 1934 2987; x_wconf 80' lang='lat' dir='ltr'>ne</span> <span class='ocrx_word' id='word_1_206' title='bbox 1978 2921 2248 3009; x_wconf 82' lang='lat' dir='ltr'>deficiat</span> <span class='ocrx_word' id='word_1_207' title='bbox 2293 2921 2510 2989; x_wconf 79' lang='lat' dir='ltr'>oratio</span> <span class='ocrx_word' id='word_1_208' title='bbox 2534 2937 2598 2990; x_wconf 80' lang='lat' dir='ltr'>et</span> 
     </span>
     <span class='ocr_line' id='line_1_25' title="bbox 312 3027 2598 3113; baseline 0.002 -20"><span class='ocrx_word' id='word_1_209' title='bbox 312 3029 835 3097; x_wconf 78' lang='lat' dir='ltr'>«ministerium</span> <span class='ocrx_word' id='word_1_210' title='bbox 885 3032 1201 3097; x_wconf 69' lang='lat' dir='ltr'>Ecclesiae</span> <span class='ocrx_word' id='word_1_211' title='bbox 1221 3052 1249 3113; x_wconf 87' lang='lat'>,·</span> <span class='ocrx_word' id='word_1_212' title='bbox 1298 3037 1362 3096; x_wconf 89' lang='lat' dir='ltr'>at</span> <span class='ocrx_word' id='word_1_213' title='bbox 1403 3051 1542 3096; x_wconf 89' lang='lat' dir='ltr'>non</span> <span class='ocrx_word' id='word_1_214' title='bbox 1582 3030 1723 3094; x_wconf 84' lang='lat' dir='ltr'>vult</span> <span class='ocrx_word' id='word_1_215' title='bbox 1778 3047 1911 3093; x_wconf 88' lang='lat' dir='ltr'>esse</span> <span class='ocrx_word' id='word_1_216' title='bbox 1953 3027 2153 3094; x_wconf 87' lang='lat' dir='ltr'>nimis</span> <span class='ocrx_word' id='word_1_217' title='bbox 2214 3028 2475 3107; x_wconf 78' lang='lat' dir='ltr'>multoS‚</span> <span class='ocrx_word' id='word_1_218' title='bbox 2516 3053 2598 3097; x_wconf 81' lang='lat' dir='ltr'>ne</span> 
     </span>
     <span class='ocr_line' id='line_1_26' title="bbox 316 3132 2597 3227; baseline 0.001 -28"><span class='ocrx_word' id='word_1_219' title='bbox 316 3165 349 3199; x_wconf 84' lang='lat'>«</span> <span class='ocrx_word' id='word_1_220' title='bbox 377 3149 682 3227; x_wconf 79' lang='lat' dir='ltr'>sumptus</span> <span class='ocrx_word' id='word_1_221' title='bbox 718 3135 1030 3203; x_wconf 68' lang='lat' dir='ltr'>Ecclesiae</span> <span class='ocrx_word' id='word_1_222' title='bbox 1055 3145 1409 3224; x_wconf 76' lang='lat' dir='ltr'>auqeatur.</span> <span class='ocrx_word' id='word_1_223' title='bbox 1443 3132 1650 3201; x_wconf 89' lang='lat' dir='ltr'>Erant</span> <span class='ocrx_word' id='word_1_224' title='bbox 1670 3138 1890 3201; x_wconf 90' lang='lat' dir='ltr'>autem</span> <span class='ocrx_word' id='word_1_225' title='bbox 1911 3132 2255 3202; x_wconf 88' lang='lat' dir='ltr'>duodecim</span> <span class='ocrx_word' id='word_1_226' title='bbox 2277 3155 2430 3201; x_wconf 88' lang='lat' dir='ltr'>cum</span> <span class='ocrx_word' id='word_1_227' title='bbox 2460 3157 2597 3225; x_wconf 88' lang='lat' dir='ltr'>sep-</span> 
     </span>
     <span class='ocr_line' id='line_1_27' title="bbox 312 3241 2324 3332; baseline 0.002 -28"><span class='ocrx_word' id='word_1_228' title='bbox 312 3272 347 3306; x_wconf 85' lang='lat'>«</span> <span class='ocrx_word' id='word_1_229' title='bbox 376 3251 507 3311; x_wconf 87' lang='lat' dir='ltr'>tem</span> <span class='ocrx_word' id='word_1_230' title='bbox 534 3243 847 3326; x_wconf 79' lang='lat' dir='ltr'>diaconiS,</span> <span class='ocrx_word' id='word_1_231' title='bbox 888 3251 963 3310; x_wconf 91' lang='lat' dir='ltr'>ut</span> <span class='ocrx_word' id='word_1_232' title='bbox 999 3247 1308 3332; x_wconf 87' lang='lat' dir='ltr'>perpetuo</span> <span class='ocrx_word' id='word_1_233' title='bbox 1343 3248 1712 3309; x_wconf 92' lang='lat' dir='ltr'>memorant</span> <span class='ocrx_word' id='word_1_234' title='bbox 1746 3241 1997 3329; x_wconf 89' lang='lat' dir='ltr'>antiqui</span> <span class='ocrx_word' id='word_1_235' title='bbox 2025 3262 2324 3308; x_wconf 87' lang='lat' dir='ltr'>canones.</span> 
     </span>
    </p>

    <p class='ocr_par' dir='ltr' id='par_1_3' title="bbox 305 3338 2599 3755">
     <span class='ocr_line' id='line_1_28' title="bbox 403 3338 2599 3437; baseline 0 -26"><span class='ocrx_word' id='word_1_236' title='bbox 403 3374 437 3411; x_wconf 85' lang='lat'>«</span> <span class='ocrx_word' id='word_1_237' title='bbox 465 3348 860 3437; x_wconf 84' lang='lat' dir='ltr'>Excipienda</span> <span class='ocrx_word' id='word_1_238' title='bbox 913 3353 1169 3415; x_wconf 88' lang='lat' dir='ltr'>tantum</span> <span class='ocrx_word' id='word_1_239' title='bbox 1232 3338 1427 3416; x_wconf 84' lang='lat' dir='ltr'>Sedes</span> <span class='ocrx_word' id='word_1_240' title='bbox 1506 3345 1899 3437; x_wconf 89' lang='lat' dir='ltr'>Apostolica,</span> <span class='ocrx_word' id='word_1_241' title='bbox 1953 3367 2126 3435; x_wconf 80' lang='lat' dir='ltr'>quae,</span> <span class='ocrx_word' id='word_1_242' title='bbox 2186 3346 2274 3413; x_wconf 85' lang='lat' dir='ltr'>ita</span> <span class='ocrx_word' id='word_1_243' title='bbox 2309 3347 2599 3433; x_wconf 84' lang='lat' dir='ltr'>exigente</span> 
     </span>
     <span class='ocr_line' id='line_1_29' title="bbox 308 3451 2596 3545; baseline 0.001 -29"><span class='ocrx_word' id='word_1_244' title='bbox 308 3480 346 3516; x_wconf 90' lang='lat'>«</span> <span class='ocrx_word' id='word_1_245' title='bbox 382 3454 862 3545; x_wconf 89' lang='lat' dir='ltr'>multiplicitate</span> <span class='ocrx_word' id='word_1_246' title='bbox 882 3455 1323 3544; x_wconf 88' lang='lat' dir='ltr'>negotiorum,</span> <span class='ocrx_word' id='word_1_247' title='bbox 1337 3461 1399 3521; x_wconf 93' lang='lat' dir='ltr'>et</span> <span class='ocrx_word' id='word_1_248' title='bbox 1423 3454 1505 3522; x_wconf 90' lang='lat' dir='ltr'>ad</span> <span class='ocrx_word' id='word_1_249' title='bbox 1524 3455 1869 3544; x_wconf 90' lang='lat' dir='ltr'>majorem,</span> <span class='ocrx_word' id='word_1_250' title='bbox 1890 3454 2006 3541; x_wconf 92' lang='lat' dir='ltr'>qui</span> <span class='ocrx_word' id='word_1_251' title='bbox 2030 3453 2224 3520; x_wconf 90' lang='lat' dir='ltr'>talem</span> <span class='ocrx_word' id='word_1_252' title='bbox 2244 3451 2596 3519; x_wconf 90' lang='lat' dir='ltr'>Ecclesiam</span> 
     </span>
     <span class='ocr_line' id='line_1_30' title="bbox 307 3557 2599 3650; baseline 0 -29"><span class='ocrx_word' id='word_1_253' title='bbox 307 3587 344 3622; x_wconf 90' lang='lat'>«</span> <span class='ocrx_word' id='word_1_254' title='bbox 384 3560 674 3645; x_wconf 90' lang='lat' dir='ltr'>decebat,</span> <span class='ocrx_word' id='word_1_255' title='bbox 691 3559 1424 3650; x_wconf 89' lang='lat' dir='ltr'>splendorem,duplum</span> <span class='ocrx_word' id='word_1_256' title='bbox 1454 3559 1732 3627; x_wconf 89' lang='lat' dir='ltr'>habebat</span> <span class='ocrx_word' id='word_1_257' title='bbox 1754 3559 2287 3649; x_wconf 74' lang='lat' dir='ltr'>presbyterorum</span> <span class='ocrx_word' id='word_1_258' title='bbox 2308 3557 2599 3624; x_wconf 88' lang='lat' dir='ltr'>cardina·</span> 
     </span>
     <span class='ocr_line' id='line_1_31' title="bbox 305 3662 2593 3755; baseline -0 -29"><span class='ocrx_word' id='word_1_259' title='bbox 305 3695 341 3728; x_wconf 89' lang='lat'>«</span> <span class='ocrx_word' id='word_1_260' title='bbox 380 3666 555 3733; x_wconf 90' lang='lat' dir='ltr'>lium</span> <span class='ocrx_word' id='word_1_261' title='bbox 593 3688 974 3748; x_wconf 87' lang='lat' dir='ltr'>numerum,</span> <span class='ocrx_word' id='word_1_262' title='bbox 1005 3667 1070 3732; x_wconf 93' lang='lat' dir='ltr'>id</span> <span class='ocrx_word' id='word_1_263' title='bbox 1104 3672 1200 3733; x_wconf 92' lang='lat' dir='ltr'>est</span> <span class='ocrx_word' id='word_1_264' title='bbox 1245 3668 1481 3753; x_wconf 83' lang='lat' dir='ltr'>viginti</span> <span class='ocrx_word' id='word_1_265' title='bbox 1515 3672 1796 3755; x_wconf 87' lang='lat' dir='ltr'>quatuor</span> <span class='ocrx_word' id='word_1_266' title='bbox 1824 3689 1980 3733; x_wconf 88' lang='lat' dir='ltr'>cum</span> <span class='ocrx_word' id='word_1_267' title='bbox 2016 3662 2593 3750; x_wconf 76' lang='lat' dir='ltr'>archipresbytero.</span> 
     </span>
    </p>

    <p class='ocr_par' dir='ltr' id='par_1_4' title="bbox 296 3766 2607 4606">
     <span class='ocr_line' id='line_1_32' title="bbox 400 3766 2600 3862; baseline 0 -26"><span class='ocrx_word' id='word_1_268' title='bbox 400 3799 440 3837; x_wconf 88' lang='lat'>«</span> <span class='ocrx_word' id='word_1_269' title='bbox 481 3772 550 3842; x_wconf 87' lang='lat' dir='ltr'>Si</span> <span class='ocrx_word' id='word_1_270' title='bbox 579 3774 843 3862; x_wconf 90' lang='lat' dir='ltr'>quando</span> <span class='ocrx_word' id='word_1_271' title='bbox 872 3792 1128 3840; x_wconf 87' lang='lat' dir='ltr'>necesse</span> <span class='ocrx_word' id='word_1_272' title='bbox 1157 3771 1320 3837; x_wconf 84' lang='lat' dir='ltr'>foret</span> <span class='ocrx_word' id='word_1_273' title='bbox 1349 3773 1645 3859; x_wconf 87' lang='lat' dir='ltr'>impendi</span> <span class='ocrx_word' id='word_1_274' title='bbox 1673 3792 1933 3836; x_wconf 87' lang='lat' dir='ltr'>sacrum</span> <span class='ocrx_word' id='word_1_275' title='bbox 1961 3766 2402 3834; x_wconf 88' lang='lat' dir='ltr'>ministerium</span> <span class='ocrx_word' id='word_1_276' title='bbox 2430 3771 2600 3836; x_wconf 87' lang='lat' dir='ltr'>extra</span> 
     </span>
     <span class='ocr_line' id='line_1_33' title="bbox 304 3872 2600 3974; baseline 0.001 -32"><span class='ocrx_word' id='word_1_277' title='bbox 304 3905 342 3940; x_wconf 90' lang='lat'>«</span> <span class='ocrx_word' id='word_1_278' title='bbox 373 3878 707 3947; x_wconf 87' lang='lat' dir='ltr'>civitatem</span> <span class='ocrx_word' id='word_1_279' title='bbox 771 3878 1226 3970; x_wconf 87' lang='lat' dir='ltr'>episcopalem,</span> <span class='ocrx_word' id='word_1_280' title='bbox 1288 3875 1668 3944; x_wconf 86' lang='lat' dir='ltr'>mittebatur</span> <span class='ocrx_word' id='word_1_281' title='bbox 1718 3896 1893 3941; x_wconf 91' lang='lat' dir='ltr'>unus</span> <span class='ocrx_word' id='word_1_282' title='bbox 1944 3894 1995 3974; x_wconf 23' lang='lat' dir='ltr'>e·</span> <span class='ocrx_word' id='word_1_283' title='bbox 2041 3872 2423 3964; x_wconf 76' lang='lat' dir='ltr'>presbyteris</span> <span class='ocrx_word' id='word_1_284' title='bbox 2498 3875 2600 3945; x_wconf 85' lang='lat' dir='ltr'>vel</span> 
     </span>
     <span class='ocr_line' id='line_1_34' title="bbox 308 3979 2601 4074; baseline 0 -22"><span class='ocrx_word' id='word_1_285' title='bbox 308 4011 345 4045; x_wconf 92' lang='lat'>«</span> <span class='ocrx_word' id='word_1_286' title='bbox 383 3984 710 4064; x_wconf 81' lang='lat' dir='ltr'>diaconiS,</span> <span class='ocrx_word' id='word_1_287' title='bbox 739 3986 881 4073; x_wconf 88' lang='lat' dir='ltr'>qui,</span> <span class='ocrx_word' id='word_1_288' title='bbox 911 3985 1156 4074; x_wconf 88' lang='lat' dir='ltr'>expleto</span> <span class='ocrx_word' id='word_1_289' title='bbox 1202 3984 1589 4071; x_wconf 86' lang='lat' dir='ltr'>ministerio,</span> <span class='ocrx_word' id='word_1_290' title='bbox 1610 3983 1727 4061; x_wconf 45' lang='lat' dir='ltr'>‚vel</span> <span class='ocrx_word' id='word_1_291' title='bbox 1758 3982 1980 4050; x_wconf 92' lang='lat' dir='ltr'>habita</span> <span class='ocrx_word' id='word_1_292' title='bbox 2009 3979 2088 4048; x_wconf 92' lang='lat' dir='ltr'>ad</span> <span class='ocrx_word' id='word_1_293' title='bbox 2140 3983 2601 4053; x_wconf 88' lang='lat' dir='ltr'>convertendos</span> 
     </span>
     <span class='ocr_line' id='line_1_35' title="bbox 306 4079 2602 4182; baseline 0.004 -31"><span class='ocrx_word' id='word_1_294' title='bbox 306 4116 345 4152; x_wconf 94' lang='lat'>«</span> <span class='ocrx_word' id='word_1_295' title='bbox 376 4089 656 4179; x_wconf 85' lang='lat' dir='ltr'>gentiles</span> <span class='ocrx_word' id='word_1_296' title='bbox 685 4091 825 4157; x_wconf 88' lang='lat' dir='ltr'>ruri</span> <span class='ocrx_word' id='word_1_297' title='bbox 854 4091 1152 4178; x_wconf 88' lang='lat' dir='ltr'>degentes</span> <span class='ocrx_word' id='word_1_298' title='bbox 1179 4089 1514 4173; x_wconf 85' lang='lat' dir='ltr'>concione,</span> <span class='ocrx_word' id='word_1_299' title='bbox 1536 4079 1798 4157; x_wconf 82' lang='lat' dir='ltr'>redibat</span> <span class='ocrx_word' id='word_1_300' title='bbox 1825 4087 1903 4156; x_wconf 91' lang='lat' dir='ltr'>ad</span> <span class='ocrx_word' id='word_1_301' title='bbox 1940 4086 2336 4180; x_wconf 88' lang='lat' dir='ltr'>Episcopum</span> <span class='ocrx_word' id='word_1_302' title='bbox 2364 4116 2380 4171; x_wconf 92' lang='lat'>;</span> <span class='ocrx_word' id='word_1_303' title='bbox 2412 4097 2602 4182; x_wconf 89' lang='lat' dir='ltr'>atque</span> 
     </span>
     <span class='ocr_line' id='line_1_36' title="bbox 302 4194 2602 4289; baseline 0.004 -30"><span class='ocrx_word' id='word_1_304' title='bbox 302 4223 343 4258; x_wconf 90' lang='lat'>«</span> <span class='ocrx_word' id='word_1_305' title='bbox 376 4197 440 4263; x_wconf 90' lang='lat' dir='ltr'>is</span> <span class='ocrx_word' id='word_1_306' title='bbox 464 4197 661 4265; x_wconf 92' lang='lat' dir='ltr'>modo</span> <span class='ocrx_word' id='word_1_307' title='bbox 684 4219 927 4274; x_wconf 74' lang='lat' dir='ltr'>unum,</span> <span class='ocrx_word' id='word_1_308' title='bbox 957 4195 1149 4265; x_wconf 90' lang='lat' dir='ltr'>modo</span> <span class='ocrx_word' id='word_1_309' title='bbox 1187 4196 1465 4265; x_wconf 90' lang='lat' dir='ltr'>alterum</span> <span class='ocrx_word' id='word_1_310' title='bbox 1498 4195 1581 4263; x_wconf 91' lang='lat' dir='ltr'>ad</span> <span class='ocrx_word' id='word_1_311' title='bbox 1614 4194 1995 4285; x_wconf 88' lang='lat' dir='ltr'>hujusmodi</span> <span class='ocrx_word' id='word_1_312' title='bbox 2019 4197 2463 4267; x_wconf 86' lang='lat' dir='ltr'>ministerium</span> <span class='ocrx_word' id='word_1_313' title='bbox 2484 4222 2602 4289; x_wconf 90' lang='lat' dir='ltr'>pro</span> 
     </span>
     <span class='ocr_line' id='line_1_37' title="bbox 301 4301 2605 4393; baseline 0 -27"><span class='ocrx_word' id='word_1_314' title='bbox 301 4328 344 4365; x_wconf 69' lang='grc' dir='ltr'>ι(</span> <span class='ocrx_word' id='word_1_315' title='bbox 372 4301 652 4370; x_wconf 87' lang='lat' dir='ltr'>arbitrio</span> <span class='ocrx_word' id='word_1_316' title='bbox 678 4303 1046 4393; x_wconf 90' lang='lat' dir='ltr'>deputabat.</span> <span class='ocrx_word' id='word_1_317' title='bbox 1088 4302 1319 4371; x_wconf 91' lang='lat' dir='ltr'>Nullus</span> <span class='ocrx_word' id='word_1_318' title='bbox 1348 4309 1568 4371; x_wconf 90' lang='lat' dir='ltr'>autem</span> <span class='ocrx_word' id='word_1_319' title='bbox 1591 4302 1730 4369; x_wconf 89' lang='lat' dir='ltr'>ruri</span> <span class='ocrx_word' id='word_1_320' title='bbox 1754 4305 2051 4393; x_wconf 86' lang='lat' dir='ltr'>degebat3</span> <span class='ocrx_word' id='word_1_321' title='bbox 2077 4304 2188 4371; x_wconf 90' lang='lat' dir='ltr'>sed</span> <span class='ocrx_word' id='word_1_322' title='bbox 2216 4305 2434 4380; x_wconf 83' lang='lat' dir='ltr'>fideles</span> <span class='ocrx_word' id='word_1_323' title='bbox 2462 4303 2605 4369; x_wconf 89' lang='lat' dir='ltr'>ruri</span> 
     </span>
     <span class='ocr_line' id='line_1_38' title="bbox 298 4403 2604 4500; baseline -0 -24"><span class='ocrx_word' id='word_1_324' title='bbox 298 4432 344 4471; x_wconf 89' lang='lat'>«</span> <span class='ocrx_word' id='word_1_325' title='bbox 379 4416 897 4497; x_wconf 82' lang='lat' dir='ltr'>commoranteS,</span> <span class='ocrx_word' id='word_1_326' title='bbox 928 4410 1040 4500; x_wconf 88' lang='lat' dir='ltr'>qui</span> <span class='ocrx_word' id='word_1_327' title='bbox 1067 4410 1258 4500; x_wconf 90' lang='lat' dir='ltr'>pauci</span> <span class='ocrx_word' id='word_1_328' title='bbox 1281 4416 1438 4477; x_wconf 91' lang='lat' dir='ltr'>tunc</span> <span class='ocrx_word' id='word_1_329' title='bbox 1472 4411 1779 4499; x_wconf 84' lang='lat' dir='ltr'>temporis</span> <span class='ocrx_word' id='word_1_330' title='bbox 1807 4415 2015 4493; x_wconf 89' lang='lat' dir='ltr'>erant,</span> <span class='ocrx_word' id='word_1_331' title='bbox 2048 4410 2126 4475; x_wconf 90' lang='lat' dir='ltr'>ad</span> <span class='ocrx_word' id='word_1_332' title='bbox 2153 4415 2391 4477; x_wconf 85' lang='lat' dir='ltr'>coetum</span> <span class='ocrx_word' id='word_1_333' title='bbox 2435 4403 2604 4491; x_wconf 84' lang='lat' dir='ltr'>epis-</span> 
     </span>
     <span class='ocr_line' id='line_1_39' title="bbox 296 4514 2607 4606; baseline -0.001 -28"><span class='ocrx_word' id='word_1_334' title='bbox 296 4541 344 4579; x_wconf 81' lang='lat'>«</span> <span class='ocrx_word' id='word_1_335' title='bbox 376 4515 684 4606; x_wconf 90' lang='lat' dir='ltr'>copalem</span> <span class='ocrx_word' id='word_1_336' title='bbox 713 4517 784 4585; x_wconf 91' lang='lat' dir='ltr'>in</span> <span class='ocrx_word' id='word_1_337' title='bbox 839 4516 1161 4584; x_wconf 84' lang='lat' dir='ltr'>civitatem</span> <span class='ocrx_word' id='word_1_338' title='bbox 1216 4515 1705 4584; x_wconf 88' lang='lat' dir='ltr'>conveniebant.</span> <span class='ocrx_word' id='word_1_339' title='bbox 1759 4514 1975 4605; x_wconf 82' lang='lat' dir='ltr'>Atque</span> <span class='ocrx_word' id='word_1_340' title='bbox 2005 4515 2095 4580; x_wconf 86' lang='lat' dir='ltr'>ita</span> <span class='ocrx_word' id='word_1_341' title='bbox 2118 4520 2210 4581; x_wconf 83' lang='lat' dir='ltr'>est</span> <span class='ocrx_word' id='word_1_342' title='bbox 2240 4514 2607 4593; x_wconf 80' lang='lat' dir='ltr'>frequenta·</span> 
     </span>
    </p>
   </div>
  </div>
 </body>
</html>
