2930 4982
402 374 529 432 592
1369 381 1715 429 rnAc’rAws

399 504 607 591 larem
639 502 961 591 eligendo,
991 507 1122 570 tota
1148 502 1628 570 administratio
1650 502 1793 571 talis
1827 503 2051 571 vicarii
2080 502 2450 593 capitularis
2479 503 2684 571 nulli-

405 609 551 678 tatis
576 608 732 676 vitio
768 608 1120 677 laboraret.
1169 608 1357 678 Tunc
1390 615 1609 677 autem
1657 610 1931 699 quilibet
1970 609 2050 678 de
2095 610 2292 695 clero,
2331 610 2687 699 praesertim

404 738 629 787 curam
664 715 1041 784 animarum
1069 716 1404 799 habentes,
1434 716 1741 783 deberent
1764 716 2085 806 populum
2121 716 2554 783 christianum
2579 716 2690 782 ad-

406 844 691 891 monere.
735 822 839 890 Ad
863 822 1038 911 quod
1065 823 1116 890 si
1147 822 1302 890 utile
1330 828 1735 912 reputaretur
1771 824 1843 890 in
1879 828 2118 891 coetum
2156 824 2532 909 convenire,
2561 843 2691 889 non

404 931 662 997 videtur
691 929 974 997 dubium
1014 928 1180 1018 quin
1222 937 1563 997 versentur
1601 930 1669 996 in
1697 950 1771 996 eo
1798 951 1954 997 casu
1986 927 2436 1018 exceptionali3
2466 929 2535 994 in
2566 950 2691 1017 quo

407 1037 658 1104 clerum
685 1057 826 1130 sese·
856 1057 1251 1125 congregare
1278 1057 1461 1125 posse
1501 1036 1745 1124 absque
1770 1034 2074 1125 Episcopi
2111 1032 2373 1108 licentia
2412 1032 2691 1099 dicimus

409 1147 589 1232 parte
628 1141 694 1224 4,
725 1163 866 1231 cap.
911 1141 980 1227 7,
1008 1141 1049 1230 ἓ
1080 1139 1146 1208 3.
1185 1139 1703 1231 Quamprimum
1734 1146 1951 1207 autem
1994 1139 2215 1206 relatio
2250 1137 2333 1204 ad
2365 1136 2692 1225 Apostoli-

412 1265 557 1311 cam
584 1242 813 1312 Sedem
842 1242 1238 1333 expedienda
1265 1249 1449 1311 esset.

1501 1525 1623 1604 §3

487 1699 740 1745 QUOMODO
770 1698 1071 1738 CAPITULUH
1111 1698 1175 1736 ET
1212 1697 1458 1738 valuUs
1487 1698 1830 1738 CAPITULARIS
1856 1696 2183 1736 TENEANTUR
2212 1697 2356 1736 Novo
2386 1695 2615 1734 Emscopo

957 1792 1228 1831 RATIONEM
1254 1793 1499 1832 REDDERE
1528 1793 1641 1832 SUAE
1663 1793 2170 1833 ADMINISTRATIONIS

519 2004 554 2043 «
598 1977 813 2045 Potest
857 2001 1185 2048 successor
1224 1979 1579 2071 Episcopus
1625 1981 1943 2048 rationem
1970 1980 2221 2068 exigere
2247 2001 2286 2046 a
2322 1978 2608 2068 capitulo
2650 1984 2710 2044 et

430 2110 468 2151 α
510 2086 655 2173 ejus
681 2084 943 2152 vicario.
986 2083 1066 2152 Et
1094 2086 1148 2153 si
1187 2084 1551 2176 Episcopus
1593 2086 1914 2153 vicarium
1942 2085 2137 2152 illum
2183 2083 2584 2175 culpabilem
2610 2082 2711 2148 in-

432 2214 465 2253 «
511 2189 782 2272 venerit,
816 2194 1020 2279 potest
1057 2192 1363 2258 eumdem
1406 2193 1683 2282 punire;
1726 2194 1912 2281 juxta
1953 2190 2454 2257 declarationem
2500 2186 2710 2256 Sacrae

433 2320 468 2359 «
509 2292 1042 2385 Congregationis
1086 2295 1347 2365 concilii
1388 2319 1536 2387 quae
1577 2298 1667 2364 sic
1693 2298 1935 2390 habet:
1977 2294 2404 2383 Congregatio
2447 2289 2710 2360 concilii

436 2425 471 2463 α
514 2401 763 2471 censuit
812 2399 1210 2491 Episcopum
1259 2424 1442 2493 posse
1497 2404 1815 2470 rationem
1874 2398 2452 2470 administrationis
2515 2396 2711 2464 officii

434 2531 467 2567 «
516 2508 676 2594 gesti
713 2507 1016 2574 avicario
1055 2508 1352 2598 capituli,
1385 2512 1531 2575 sede
1569 2515 1835 2578 vacante
1889 2509 2261 2586 constituto,
2300 2507 2574 2593 exigere,
2618 2510 2714 2570 at·-

438 2633 470 2669 «
515 2630 642 2695 que
677 2609 957 2699 alicujus
983 2611 1201 2678 delicti
1228 2634 1418 2679 reum
1450 2620 1858 2704 compertum
1891 2614 2147 2705 punire,
2181 2612 2547 2681 auctoritate
2579 2608 2708 2675 sibi

438 2737 473 2773 «
521 2711 760 2780 tributa
805 2737 842 2781 a
873 2714 1126 2782 decreto
1166 2719 1426 2784 concilii
1459 2717 1542 2808 (c.
1592 2719 1700 2805 16,
1749 2740 1900 2786 sess.
1960 2721 2096 2809 24),
2157 2721 2340 2807 idque
2379 2713 2632 2781 etiamsi
2663 2734 2705 2780 a

439 2845 473 2883 «
512 2820 791 2908 capitulo
827 2821 1046 2890 suisset
1082 2823 1438 2891 absolutus,
1480 2849 1514 2889 »
1566 2824 1658 2892 lta
1689 2823 2055 2893 Leurenius
2106 2824 2335 2917 (Tract.
2388 2825 2479 2888 De
2517 2819 2707 2911 capi-

439 2951 474 2989 «
522 2927 690 3007 tul0,
720 2925 866 2994 sede
903 2951 1080 3016 vac„
1111 2937 1336 3018 quaest.
1373 2929 1558 3021 620),
1595 2953 1749 2999 cum
1788 2933 2128 2999 communi
2164 2933 2507 3000 doctorum
2553 2948 2708 2995 sen-

429 3032 649 3097 tentia.
686 3031 819 3101 Nec
862 3035 1078 3102 ullum
1114 3038 1192 3103 de
1236 3038 1358 3104 hac
1403 3060 1475 3105 re
1528 3039 1902 3128 ambigendi
1941 3040 2163 3107 locum
2197 3038 2463 3127 reliquit
2509 3041 2708 3103 textus

429 3135 894 3207 Tridentinus:
933 3141 1308 3232 Episcopus
1352 3166 1504 3210 vero
1548 3143 1643 3211 ad
1672 3144 1972 3212 eamdem
2000 3143 2337 3212 ecclesiam
2364 3151 2706 3210 vacantem

426 3257 796 3333 promotus,
840 3269 923 3315 ea:
957 3246 1037 3315 iis
1063 3270 1209 3338 quoe
1247 3248 1341 3316 ad
1372 3273 1525 3317 eum
1566 3263 1896 3342 spectant,
1940 3251 2021 3318 ab
2068 3249 2313 3318 eisdem
2352 3267 2704 3327 oeconomo,

431 3347 700 3430 vicario,
741 3363 808 3416 et
842 3350 1001 3418 aliis
1041 3353 1565 3444 quibuscumque
1616 3357 2020 3447 officialibus
2051 3370 2113 3423 et
2152 3351 2713 3423 administratori·

412 3451 574 3529 -bus,
606 3452 743 3540 qui,
788 3454 934 3519 sede
965 3469 1268 3538 vacante,
1305 3461 1583 3546 fuerunt
1615 3463 1994 3552 ancipitum
2024 3463 2130 3530 vel
2160 3463 2245 3530 ab
2292 3462 2453 3528 aliis
2482 3461 2558 3526 in
2583 3459 2712 3547 ejus

436 3558 658 3637 locum
688 3559 1048 3644 constituti,
1085 3561 1350 3630 etiamsi
1370 3565 1629 3650 fuerint
1667 3589 1747 3639 ex
1776 3567 1999 3636 eodem
2027 3567 2351 3658 capitulo,
2386 3566 2713 3633 rationem

436 3665 660 3755 exiqat
692 3665 1079 3756 officiorum,
1104 3668 1624 3759 jurisdictionis,
1675 3673 2300 3757 administrationis,
2345 3684 2473 3740 aut
2502 3671 2715 3761 cujus·

437 3794 712 3862 cumque
749 3794 978 3839 eorum
1006 3772 1309 3842 *muneris
1328 3797 1358 3859 ;
1392 3779 1745 3869 possitque
1785 3802 1889 3846 eos
1923 3781 2170 3870 punire
2221 3779 2342 3870 qui
2376 3779 2451 3846 in
2493 3795 2711 3844 eorum

439 3876 654 3963 officio
684 3898 797 3943 seu
827 3875 1407 3948 administratione
1451 3880 1855 3971 deliquerint
1870 3904 1901 3967 ;
1930 3883 2191 3961 etiamsi
2212 3881 2543 3974 praedicti
2570 3878 2717 3969 offi-

414 3979 638 4046 ‚ciales
659 3980 934 4051 redditis
960 3984 1375 4071 rationibus,
1394 4009 1436 4053 a
1458 3988 1754 4078 capitulo
1787 3991 1893 4057 vel
1917 4014 1960 4067 a
1988 3989 2322 4080 deputatis
2357 3988 2445 4056 ab
2467 3985 2712 4066 eodem,

437 4080 923 4156 absolutionem
970 4101 1090 4157 aut
1119 4090 1576 4160 liberationem
1636 4094 2064 4163 obtinuerint.
2101 4095 2293 4188 (SeSS.
2329 4095 2444 4180 24,
2482 4116 2543 4171 c·
2588 4085 2716 4177 16·)

435 4186 811 4254 Formulam
835 4195 917 4260 ad
942 4198 1348 4285 puniendum
1371 4199 1691 4271 vicarium
1720 4203 2142 4292 capitularem
2176 4204 2292 4292 qui
2316 4199 2714 4289 deliquisset,

436 4295 582 4362 vide
612 4293 685 4361 in
713 4299 1088 4383 appendice,
1123 4325 1190 4369 n.
1222 4302 1369 4372 XV.
1414 4329 1449 4370 «
1489 4305 1702 4396 Atque
1729 4328 1805 4374 ex
1847 4308 1947 4375 his
1990 4308 2296 4376 omuibus
2326 4306 2441 4397 (ait
2480 4304 2719 4372 Leure-

446 4423 482 4464 «
529 4400 703 4488 nius,
735 4399 875 4466 loco
909 4401 1048 4490 cit.)
1078 4408 1491 4499 concluditur
1524 4412 1726 4479 teneri
1765 4413 2082 4480 vicarium
2122 4411 2387 4501 capituli
2426 4407 2524 4476 ad
2552 4427 2716 4496 syn-
