2930 4982
1096 344 1177 391 DE
1222 343 1551 391 GAPrrums,
2346 342 2382 397 2
2396 347 2423 396 4
2440 344 2463 397 1

215 468 528 561 populum,
594 465 879 537 mandat
921 478 1156 534 sancta
1209 462 1500 555 synodus
1550 463 1981 555 Episcopis...
2028 478 2107 533 ut
2161 465 2477 541 distincto

211 573 431 668 populo
458 575 532 642 in
557 584 767 642 certas
781 572 1229 664 propriasque
1234 570 1626 663 parochias,
1650 571 2002 663 unicuique
2029 594 2225 641 suum
2242 598 2477 670 perpe-

221 692 380 749 tuum
411 678 956 770 peculiaremque
987 678 1369 770 porcellum
1419 678 1784 769 assiqnent.
1817 678 1904 746 At
1946 680 2370 771 respondetur
2411 684 2477 753 id

220 782 506 863 ‚verificari
534 790 596 855 et
629 786 891 863 servari,
926 785 1187 875 quando
1216 785 1435 876 ipsum
1479 784 1844 875 capitulum
1885 791 1979 854 est
2015 791 2334 876 parochus
2362 789 2476 860 ha-

216 892 347 961 bens
374 898 574 960 certos
603 891 839 959 limites
882 897 946 959 et
970 890 1289 983 populum
1328 892 1761 980 assignatum,
1799 896 1875 959 ut
1903 892 2133 962 docent
2158 894 2477 966 Corradus

214 998 462 1087 (Pr-axis
512 997 748 1088 benef„
788 998 835 1066 l.
885 998 953 1082 2,
999 1019 1057 1066 c.
1101 998 1172 1077 2,
1223 1019 1292 1064 n.
1342 996 1491 1088 51),
1535 996 1888 1066 Gratianus
1930 997 2480 1090 (Disceptationes

211 1107 493 1196 forenses,
521 1127 578 1174 c.
615 1105 773 1192 865,
825 1127 895 1173 n.
933 1104 1073 1195 35),
1116 1103 1427 1173 Gonzales
1463 1105 1861 1195 (Comment.
1917 1102 2012 1171 ad
2034 1106 2308 1194 requlas
2337 1128 2491 1176 can-

214 1213 495 1299 cellar-icc,
533 1213 743 1302 glossa
774 1215 838 1299 7,
872 1236 948 1280 n.
999 1213 1136 1301 71),
1163 1211 1442 1279 Barbosa
1472 1210 1590 1301 (De
1616 1209 1838 1300 officio
1865 1211 2170 1302 parochi,
2218 1221 2379 1304 part.
2419 1215 2481 1299 1,

214 1341 253 1393 c.
292 1321 349 1402 1,
381 1342 447 1388 n.
488 1319 625 1409 44),
669 1318 832 1387 Rota
884 1321 1129 1408 (coram
1171 1317 1394 1401 Puteo,
1449 1316 1644 1385 deciS.
1695 1316 1877 1407 290).
1926 1316 2368 1388 Confirmatur
2410 1342 2488 1391 ex

213 1426 367 1515 praxi
405 1426 628 1494 multis
670 1426 740 1493 in
769 1425 928 1493 locis
972 1431 1115 1514 post
1162 1424 1519 1491 concilium
1551 1422 2013 1492 Tridentinum
2056 1431 2326 1513 servata,
2370 1425 2488 1495 ubi

211 1533 629 1602 annuentibus
658 1531 1016 1623 EpiscopiS‚
1048 1536 1113 1599 et
1163 1553 1343 1599 sacra
1371 1529 1889 1620 Congregatione
1921 1531 2207 1617 concilii,
2231 1553 2305 1599 ac
2336 1532 2491 1623 ipsis

211 1642 379 1708 etiam
400 1640 709 1708 Romanis
727 1638 1171 1718 PontificibuS‚
1194 1638 1476 1729 capitula
1505 1644 1929 1729 perrexerunt
1947 1660 2174 1707 curam
2195 1660 2490 1708 exercere

208 1767 308 1836 per
335 1746 654 1815 vicarium
691 1746 1135 1830 amovibilem,
1178 1750 1241 1814 et
1266 1746 1640 1836 quotannis,
1672 1747 1857 1814 verbi
1884 1747 2113 1836 gratia,
2150 1769 2186 1815 a
2235 1750 2488 1840 capitu-

208 1851 433 1921 laribus
461 1854 863 1943 eligendum.
1423 1874 1426 1883 ‘

284 1960 657 2031 Paorosmo
687 1961 780 2028 2⁸.
801 1964 1030 2027 Potest
1045 1958 1418 2049 Episcopus
1447 1968 1737 2025 statuere
1755 1969 1831 2025 ut
1856 1957 2236 2049 capitulum
2256 1982 2491 2028 curam

205 2087 324 2134 non
348 2077 641 2152 eoeerceat
667 2065 803 2133 nisi
827 2085 952 2154 per
975 2063 1307 2132 vicarium
1330 2073 1760 2154 perpetuum,
1787 2064 2040 2132 seclusa
2073 2064 2496 2134 immemora-

207 2171 317 2240 bili
334 2173 402 2241 in
431 2172 847 2241 contrarium
880 2169 1170 2260 capituli
1189 2168 1618 2260 possessione,
1655 2179 1777 2234 aut
1806 2170 2078 2256 speciali
2104 2172 2487 2260 privilein.

198 2315 282 2329 —
315 2277 646 2364 Sequitur
672 2298 744 2344 ex
784 2275 990 2343 citatis
1017 2275 1390 2341 Tridentini
1439 2274 1683 2341 decreti
1730 2271 1944 2339 verbis
1972 2295 1988 2338 ε
2026 2283 2395 2363 procurent
2421 2284 2500 2340 ut

181 2406 315 2473 per
351 2381 663 2466 vicarios,
711 2380 918 2447 etiam
950 2391 1336 2472 perpetuos,
1392 2401 1556 2447 cura
1591 2388 1992 2447 exerceatur.
2044 2378 2123 2446 Et
2162 2379 2250 2448 ita
2278 2386 2496 2449 tenent

198 2487 599 2558 unanimiter
627 2488 950 2569 doctores;
983 2488 1099 2579 qui
1137 2488 1345 2557 varias
1373 2487 1645 2580 insuper
1672 2488 1873 2556 citant
1897 2486 2095 2557 sacrae
2119 2489 2490 2581 Congrega-

197 2596 383 2664 tionis
409 2596 668 2664 concilii
687 2595 758 2663 in
790 2597 971 2663 hunc
993 2617 1257 2664 sensum
1279 2595 1760 2664 declarationes.
1799 2594 2016 2664 Semel
2040 2602 2254 2665 autem
2278 2603 2490 2667 erecta

201 2703 433 2771 vicaria
452 2708 784 2793 perpetua,
796 2701 1115 2794 Episcopo
1131 2703 1268 2792 jam
1287 2703 1572 2771 liberum
1590 2725 1722 2771 non
1744 2709 1839 2769 est
1858 2703 2037 2770 illam
2054 2705 2488 2793 supprimere,

203 2814 267 2876 ut
288 2810 532 2877 iterum
543 2831 708 2877 *cura
735 2810 1180 2876 committatur
1208 2809 1449 2876 vicario
1479 2831 1597 2899 per
1619 2808 1982 2898 capitulum
2008 2807 2381 2874 revocabili.

280 2915 665 2984 Pnoroffl'no
690 2913 779 2982 3⁸.
811 2952 902 2965 --
923 2913 1219 2980 Etiamsi
1256 2913 1637 3002 capitulum
1665 2912 1749 2978 ab
1779 2911 2306 2979 immemorabili
2331 2924 2495 2980 esset

203 3021 264 3087 in
285 3061 290 3064 Δ
293 3019 708 3112 possessione
732 3015 1127 3085 nominandi
1158 3016 1490 3083 vicarium
1530 3016 1997 3102 amovibilem,
2020 3015 2281 3084 videtur
2306 3041 2495 3110 posse

206 3128 568 3217 Episcopus
607 3124 815 3193 illum
860 3134 1127 3192 mutare
1163 3122 1235 3190 in
1257 3130 1687 3214 perpetuum,
1736 3145 1848 3191 seu
1899 3123 2141 3214 eriqere
2171 3124 2491 3194 vicariam

205 3244 612 3323 perpetuam.
657 3269 747 3284 —
798 3231 1147 3300 Decretum
1185 3231 1365 3299 enim
1415 3229 1875 3298 Tridentinum
1922 3236 2292 3321 potestatem
2339 3233 2490 3302 facit

210 3333 511 3431 Episcopo
539 3338 836 3429 exigendi
877 3344 949 3405 ut
978 3360 1095 3429 per
1126 3336 1447 3405 vicarium
1485 3343 1871 3428 perpetuum
1903 3359 2055 3405 cura
2092 3345 2481 3427 exerceatur,

211 3447 569 3540 privileqiis
613 3458 677 3516 et
706 3445 1226 3535 exemptionibus
1268 3444 1542 3512 minime
1575 3445 2133 3536 suffraqantibus.
2172 3446 2487 3516 Proeterea

216 3546 517 3622 Corradus
564 3552 824 3643 (Praoeis
868 3551 1072 3639 benef.
1114 3551 1163 3617 l.
1217 3550 1286 3635 3,
1330 3573 1399 3618 n.
1444 3551 1507 3640 6)
1542 3552 1761 3618 refert·
1786 3554 2183 3619 declaratum
2227 3553 2425 3618 fuisse
2451 3571 2488 3617 a

218 3674 381 3728 sacra
419 3658 932 3749 Congregatione
961 3655 1223 3722 concilii
1262 3655 1388 3723 hoc
1412 3656 1648 3722 modo:
1688 3660 1816 3722 Per
1844 3658 1964 3722 hoc
1991 3655 2324 3722 decretum
2355 3654 2492 3720 tol-

221 3756 371 3830 litur
425 3760 822 3833 consuetudo
870 3756 1455 3837 immemorabilis,
1491 3768 1573 3822 ut
1607 3757 1676 3822 in
1717 3758 1862 3823 illis
1915 3759 2240 3847 beneficiis
2282 3759 2491 3848 unitis

223 3862 612 3939 deserviatur
628 3893 750 3961 per
782 3866 1171 3958 capellanos
1195 3861 1615 3942 amovibiles‚
1652 3861 1786 3930 nisi
1808 3861 2013 3929 aliter
2034 3865 2365 3957 Episcopo
2393 3868 2490 3937 vi·

222 3969 487 4047 debitur.
517 3978 682 4045 Aliae
723 3974 1104 4066 prodierunt
1132 3971 1422 4062 ejusdem
1451 3969 1983 4060 Congregationis
2009 3970 2484 4062 declarationeS,

221 4083 449 4165 quibus
463 4082 856 4153 consuetudo
870 4081 1265 4148 vicariorum
1280 4076 1730 4146 amovibilium
1750 4078 1944 4147 variis
1967 4079 2035 4146 in
2059 4079 2217 4148 locis
2240 4083 2491 4151 sublata

220 4190 326 4253 est.
354 4190 563 4280 Atque
603 4191 772 4258 inter
800 4188 979 4271 aliaS,
1012 4186 1117 4255 die
1145 4186 1186 4254 5
1221 4184 1604 4275 septembris
1637 4182 1834 4272 1846,
1866 4186 1932 4255 id
1958 4186 2259 4256 effectum
2301 4196 2395 4257 est
2419 4190 2491 4253 in

222 4286 470 4364 dioecesi
513 4293 857 4365 Narniensi
884 4320 902 4381 3
934 4297 998 4360 et
1041 4291 1143 4359 die
1197 4290 1436 4381 5junii
1472 4287 1667 4372 1847,
1714 4290 1946 4359 similis
1977 4295 2213 4383 prodiit
2256 4288 2493 4359 decisio

225 4411 338 4479 pro
363 4401 617 4473 dioeeesi
640 4399 1016 4471 Novariensi
1047 4396 1219 4488 (vide
1247 4397 1316 4463 in
1354 4394 1687 4463 Thesauro
1723 4398 2204 4465 resolutionum
2230 4403 2492 4461 causam

2144 4513 2211 4558 16
