2930 4982
1158 366 1239 413 DE
1285 366 1615 414 cunnus.
2408 365 2487 423 Η
2505 367 2522 421 Ι

1331 611 1447 689 §4

250 768 312 808 DE
372 767 732 808 comusSIONE
784 769 1175 812 DEPUTATORUM
1223 773 1322 812 PRO
1387 772 1675 812 REDDENDA
1738 770 1967 812 RATIONE
2026 774 2529 819 anmmsmavoms

1257 865 1540 904 SEMINARH

326 1012 590 1082 Certum
620 1018 715 1082 est
732 1013 1181 1081 Tridentinam
1214 1015 1536 1103 synodum
1560 1014 1744 1105 loqui
1773 1015 1853 1083 de
1874 1020 2157 1105 quatuor
2184 1016 2521 1107 deputatis,

242 1142 275 1187 a
303 1121 526 1210 prima
552 1124 617 1187 et
639 1120 921 1187 secunda
946 1120 1399 1189 commissione
1419 1122 1500 1189 de
1529 1121 1771 1211 quibus
1792 1122 2075 1210 egimus,
2109 1123 2385 1190 omnino
2404 1124 2530 1193 dis-

237 1227 454 1296 tinctis
477 1251 496 1311 ;
526 1232 588 1295 et
603 1227 979 1295 eorumdem
1000 1227 1270 1295 istorum
1286 1234 1565 1318 quatuor
1581 1227 1992 1319 praesentiam
2014 1230 2344 1317 requirere
2367 1228 2528 1298 dum

237 1339 441 1403 rector
470 1333 805 1401 semina-rii
846 1334 1163 1401 rationem
1212 1334 1533 1426 Episcopo
1559 1334 1769 1401 reddit
1804 1333 2375 1403 administrationis
2403 1356 2528 1403 an-

235 1463 399 1509 nuae.
429 1440 538 1509 En
563 1441 801 1509 decreti
820 1440 1017 1507 verba
1041 1464 1058 1508 ι
1083 1440 1395 1508 Rationes
1409 1452 1634 1507 autem
1652 1437 2003 1507 redituum·
2020 1439 2220 1529 hujus
2240 1441 2527 1510 semina·

231 1545 317 1614 rii
331 1546 709 1638 Episcopus
737 1545 944 1613 annis
963 1546 1249 1636 sinqulis
1280 1545 1590 1637 accipiat,
1606 1545 2050 1637 praesentibus
2073 1543 2324 1612 duobus
2342 1569 2386 1613 a
2418 1569 2526 1614 ca·

224 1650 438 1740 pitulo
471 1663 537 1718 et
567 1649 847 1718 totidem
898 1675 943 1718 a
991 1651 1159 1718 clero
1205 1650 1500 1718 civitatis
1542 1650 1906 1741 deputatis.
1960 1649 2263 1740 Deputati
2293 1651 2391 1740 pri
2402 1672 2525 1720 mae

229 1757 709 1825 commissionis
759 1742 1094 1847 eliguntur
1120 1780 1157 1824 a
1196 1758 1332 1826 solo
1364 1757 1705 1847 Episcopo,
1753 1762 1816 1824 et
1859 1757 2083 1823 nultus
2125 1777 2163 1824 a
2209 1756 2516 1847 capitulo,

227 1861 449 1930 nullus
481 1883 518 1928 a
560 1861 729 1930 clero
766 1886 782 1931 ε
814 1885 889 1930 ex
933 1869 1212 1953 quatuor
1241 1869 1460 1930 autem
1503 1864 1822 1953 deputatis
1871 1862 2174 1930 secundae
2211 1863 2521 1932 commis-

226 1967 447 2052 sioniS,
498 1967 626 2035 duo
677 1969 1014 2058 eliguntur
1044 1969 1127 2035 ab
1178 1968 1526 2058 Episcopo,
1561 1990 1736 2035 unus
1779 1989 1817 2034 a
1862 1969 2145 2057 capitulo
2173 1974 2236 2034 et
2279 1991 2453 2037 unus
2480 1993 2520 2038 a

223 2072 395 2141 clero
425 2097 443 2142 ε
477 2074 546 2140 in
596 2075 801 2142 citatis
827 2097 982 2143 vero
1026 2075 1263 2143 decreti
1303 2074 1519 2142 verbis
1541 2074 1760 2162 agitur
1802 2074 1879 2141 de
1903 2080 2182 2163 quatuor
2203 2072 2522 2162 deputatis

221 2200 510 2265 quorum
541 2182 760 2248 nullus
810 2182 893 2249 ab
926 2181 1271 2273 Episcopo,
1311 2181 1419 2255 sed
1473 2180 1602 2248 duo
1626 2202 1665 2247 a
1708 2180 1992 2269 capitulo
2033 2184 2096 2247 et
2124 2180 2255 2248 duo
2280 2202 2318 2247 a
2345 2180 2518 2248 clero

222 2281 581 2371 eliguntur.
613 2285 936 2374 Loquitur
986 2309 1141 2374 ergo
1181 2287 1276 2354 ibi
1309 2291 1544 2354 ‘sancta
1599 2284 1885 2373 synodus
1925 2285 2004 2352 de
2030 2289 2310 2374 quatuor
2335 2285 2520 2353 novis

219 2385 545 2478 deputatis
588 2412 626 2457 a
654 2392 1167 2481 praecedentibus
1197 2393 1276 2460 de
1319 2393 1560 2482 quibus
1585 2392 1802 2460 locuta
1829 2397 1963 2458 erat
2002 2391 2314 2459 diversis:
2357 2389 2518 2458 alias

218 2490 574 2561 dicendum
611 2501 772 2563 esset
799 2493 1134 2565 illam‘sibi
1164 2497 1643 2583 contradixisse,
1687 2497 1849 2565 dum
1877 2520 1952 2565 ex
1978 2497 2212 2565 iisdem
2239 2501 2519 2585 quatuor

218 2602 537 2691 deputatis
556 2605 752 2673 simul
781 2612 1081 2675 statueret
1102 2609 1236 2676 duo
1260 2608 1412 2697 eligi
1433 2613 1495 2675 et
1523 2631 1652 2676 non
1674 2609 1824 2697 eligi
1850 2608 1933 2676 ab
1955 2606 2296 2699 Episcopo.
2328 2605 2515 2675 Unde

223 2708 469 2776 mirum
493 2717 586 2779 est
607 2714 922 2801 quosdam
945 2714 1305 2784 canonistas
1335 2720 1614 2804 quatuor
1648 2715 1803 2783 istos
1825 2714 2089 2782 ultimos
2117 2715 2456 2803 deputatos
2474 2733 2513 2780 a

223 2813 548 2901 prioribus
573 2817 647 2883 in
678 2819 929 2887 decreto
970 2821 1282 2911 expressis
1310 2844 1444 2888 non
1491 2821 1875 2888 distinxisse.
1916 2820 2094 2886 Dum
2125 2840 2282 2906 ergo
2308 2823 2515 2885 rector

220 2917 553 2986 seminarii
574 2921 889 3013 Episcopo
920 2925 1237 2993 rationem
1262 2927 1475 2994 reddit
1496 2926 2078 2992 administrationis
2101 2945 2362 3002 annuae,
2394 2923 2513 2990 du-

216 3022 409 3114 plicis
437 3027 691 3113 generis
728 3027 1012 3119 deputati
1041 3032 1259 3098 adesse
1309 3031 1566 3097 debent.
1620 3029 1871 3120 Nempe
1918 3029 1980 3095 1⁰
2009 3033 2284 3118 quatuor
2312 3028 2512 3119 depu-

218 3131 327 3197 tati
357 3153 476 3218 pro
503 3138 632 3200 tota
666 3135 1026 3223 generatim
1068 3117 1624 3204 administratione
1665 3135 2028 3226 temporali,
2072 3156 2354 3223 quorum
2379 3134 2510 3204 duo

214 3233 297 3303 ab
318 3234 663 3328 Episcopo,
690 3261 865 3307 unus
892 3261 929 3306 a
959 3240 1272 3331 capitulo,
1298 3242 1460 3308 alter
1481 3264 1520 3308 a
1543 3240 1715 3309 clero
1740 3241 1920 3308 electi
1953 3242 2105 3308 sint.
2138 3238 2306 3307 Cum
2328 3239 2506 3309 enim

214 3345 509 3411 teneatur
537 3344 888 3436 Episcopus
925 3346 1008 3414 ab
1037 3348 1176 3416 istis
1213 3348 1563 3415 consilium
1594 3349 1925 3437 requirere
1957 3347 2027 3414 in
2053 3347 2354 3415 omnibus
2382 3369 2503 3436 ge-

216 3447 487 3515 neratim
518 3472 662 3538 quae
685 3451 1259 3521 administrationis
1290 3455 1662 3544 temporalis
1690 3459 1867 3534 sunt,
1904 3459 2155 3522 tenetur
2177 3454 2503 3546 praecipue

212 3550 279 3618 in
308 3555 692 3641 gravissimo
720 3558 975 3646 negotio
1003 3559 1509 3647 regulandorum
1533 3559 1883 3648 quotannis
1904 3566 2389 3649 computorum.
2414 3558 2503 3625 At

210 3656 284 3724 2⁰·
300 3661 525 3729 adesse
548 3663 742 3730 etiam
778 3665 967 3731 ethis
992 3665 1267 3753 adjungi
1292 3664 1529 3733 debent
1550 3672 1829 3754 quatuor
1858 3666 1970 3733 alii
1990 3688 2279 3755 quorum
2309 3664 2440 3729 duo
2464 3684 2501 3729 a

212 3768 499 3857 capitulo
524 3774 588 3837 et
613 3768 745 3837 duo
778 3791 816 3837 a
851 3770 1024 3838 clero
1052 3770 1236 3838 electi
1274 3771 1536 3855 fuerint,
1589 3794 1742 3839 cum
1778 3771 1847 3838 id
1875 3794 2167 3863 expresse
2197 3771 2501 3837 decernat

211 3874 496 3962 synodus
523 3875 926 3946 Tridentina.
959 3877 1149 3947 Unde
1189 3877 1618 3968 Congregatio
1658 3880 1867 3947 totalis
1911 3901 2128 3947 coram
2155 3898 2285 3964 qua
2308 3873 2499 3964 Epis-

210 4001 368 4072 copo
396 3982 576 4049 reddi
601 3983 789 4051 debet
812 3985 970 4053 ratio
992 3971 1568 4053 administrationis
1592 4007 1826 4054 annuae
1854 3989 2102 4052 constat
2124 3987 2269 4049 octo
2293 3981 2498 4073 depu-

209 4088 379 4173 tatis,
404 4094 467 4157 et
486 4090 799 4158 conflatur
815 4112 889 4158 ex
913 4091 1379 4160 coadunatione
1398 4094 1582 4182 quasi
1600 4093 1883 4160 duarum
1908 4089 2450 4159 commissionum
2477 4113 2494 4157 ι

213 4194 348 4283 ejus
391 4216 627 4286 nempe
677 4220 871 4286 quam
905 4196 1512 4265 administrationis
1554 4195 1939 4285 temporalis
1975 4197 2376 4277 vocavimus,
2435 4198 2500 4259 et

213 4300 388 4370 illius
413 4324 613 4392 quam
635 4325 1095 4394 nuncupamus
1113 4300 1461 4372 reddendoe
1483 4301 1794 4383 rationis>
1825 4295 1890 4368 id
1916 4308 2033 4391 est,
2060 4307 2334 4391 quatuor
2360 4297 2500 4363 illo-

213 4427 363 4477 rum
380 4409 835 4500 adjunctorum
862 4411 941 4479 de
968 4411 1212 4502 quibus
1230 4409 1469 4477 ultimo
1496 4409 1640 4476 loco
1667 4409 1956 4500 loquitur
1985 4410 2316 4477 decretum
2345 4397 2494 4466 Tri-
