2930 4982
1122 404 1201 449 »Β
1246 402 1572 450 cunnus,
2415 405 2485 461 51

209 521 581 591 Concilium
605 519 1080 606 Laodicenum,
1117 542 1362 588 canone
1395 522 1478 589 15
1509 545 1525 588 ε
1560 525 1712 592 Non
1759 523 1916 592 aliis
1947 524 2146 593 licere
2187 527 2375 597 intra
2403 554 2497 600 ec·

208 630 483 696 clesiam
514 651 743 696 canere
770 651 973 719 quam
1001 628 1333 695 canonicis
1362 628 1765 715 cantoribus,
1812 630 1930 720 qui
1972 632 2320 701 ambonem
2349 659 2500 705 con·

209 733 529 801 scendunt
560 746 623 801 et
655 733 733 801 de
780 735 1182 802 membranis
1211 736 1465 825 lequnt.
1502 774 1593 787 —-
1615 735 1980 805 Concilium
2011 739 2388 810 Turonense
2416 743 2496 830 ll,

213 862 383 907 anno
425 832 583 924 570,
616 862 860 908 canone
887 841 976 908 20
1009 866 1024 909 z
1072 842 1620 931 Quotiescumque
1665 840 2245 934 archi-presbyter,
2284 871 2396 916 seu
2431 851 2500 918 in

209 945 350 1013 vico
392 946 747 1031 manserit,
777 969 890 1014 seu
916 946 1010 1015 ad
1039 946 1284 1014 villam
1321 970 1514 1014 suam
1565 946 2043 1027 ambulaverit,
2085 973 2251 1019 unus
2298 953 2503 1023 lector

211 1053 683 1120 canonicorum
713 1077 1068 1122 suorum...
1120 1054 1215 1122 Ex
1258 1056 1387 1122 illis
1417 1055 1865 1121 monumentis
1893 1061 2075 1146 putat
2117 1055 2393 1127 Sarnelli
2437 1084 2502 1128 se

210 1181 393 1248 posse
421 1159 807 1228 concludere
825 1160 1284 1228 canonicorum
1302 1182 1542 1227 nomen
1564 1161 1723 1228 olim
1740 1161 2005 1228 attribui
2028 1163 2290 1230 solitum
2311 1164 2506 1234 fuisse

212 1264 290 1330 iis
309 1265 630 1332 omnibus
658 1264 909 1332 clericis
943 1266 1058 1354 qui
1111 1265 1415 1355 descripti
1460 1271 1642 1333 erant
1670 1267 1737 1332 in
1775 1289 2021 1333 canone
2072 1289 2185 1335 seu
2217 1270 2504 1360 catalogo

209 1370 393 1437 illius
426 1372 735 1458 ecclesiae,
763 1374 832 1439 in
863 1375 1054 1462 cujus
1082 1374 1422 1441 servitium
1447 1373 1704 1440 fuerant
1726 1372 2033 1440 ordinali.

298 1475 704 1545 Sententiam
730 1479 912 1546 illam
942 1486 1088 1546 ante
1116 1478 1489 1547 Sarnellum
1521 1485 2041 1569 propugnaverat
2059 1479 2500 1552 Cabassutius.

211 1582 550 1652 Disserens
572 1587 747 1652 enim
776 1587 843 1653 in
877 1607 1073 1677 supra
1098 1589 1365 1654 citatum
1398 1608 1715 1653 canonem
1749 1586 1830 1653 15
1858 1585 2134 1653 Concilii
2158 1587 2508 1656 Laodiceni

212 1691 334 1757 sub
362 1691 645 1760 Damaso
670 1715 861 1783 papa,
893 1695 985 1761 sic
1016 1694 1246 1761 babet:
1280 1694 1570 1761 Observa
1601 1693 1708 1759 lzic
1753 1693 1957 1760 etiam
1988 1716 2205 1761 vocem
2238 1695 2510 1762 canoni-

212 1818 443 1864 corum
462 1798 672 1887 fuisse
688 1798 851 1866 olim
873 1821 1126 1888 quoque
1153 1799 1532 1867 cantoribus
1553 1800 1998 1867 ecclesiasticis
2017 1800 2505 1870 attributam...

210 1903 352 1970 Isto
393 1906 619 1995 itaque
659 1904 1022 1972 Laodiceno
1055 1928 1301 1972 canone
1331 1929 1553 1973 vocem
1605 1906 2076 1973 canonicorum
2122 1907 2194 1971 in
2231 1907 2512 1973 ecclesiis

212 2012 538 2100 affectam
564 2012 816 2078 clericis
841 2012 1245 2097 cantoribus,
1275 2011 1546 2077 observa
1575 2033 1704 2077 esse
1725 2012 2102 2079 vetustioris
2130 2034 2288 2078 usus
2313 2035 2513 2102 quam

215 2118 597 2205 opinantur
638 2118 755 2184 illi
788 2118 904 2206 qui
930 2118 1066 2206 ejus
1107 2118 1429 2208 oriqinem
1483 2114 1577 2183 ad
1613 2119 1959 2184 canonicos
1987 2117 2325 2205 requlares
2348 2121 2514 2207 refe-

216 2235 408 2309 runt,
445 2246 519 2289 eo
550 2222 728 2310 quod
766 2246 979 2289 canon
1005 2225 1309 2311 requlam
1340 2221 1529 2310 apud
1554 2224 1815 2287 Groecos
1846 2221 2199 2307 siqnificet.
2237 2224 2329 2286 At
2354 2227 2520 2288 Lao-

210 2327 441 2395 diceni
464 2327 730 2391 concilii
756 2327 1160 2412 temporibus
1189 2325 1486 2391 nondum
1510 2324 1850 2390 institutio
1880 2335 2231 2391 emerserat
2254 2327 2521 2392 canoni-

209 2454 460 2500 corum
494 2429 819 2498 dictorum
848 2430 1290 2520 reqularium,
1323 2430 1444 2499 hoc
1471 2453 1683 2515 sensu,
1724 2430 1906 2521 quod
1928 2429 2023 2498 ad
2042 2431 2418 2521 reliqiosam
2458 2447 2526 2502 et

220 2538 582 2607 asceticam
600 2537 1073 2628 professionem
1103 2537 1355 2606 addicti
1381 2552 1596 2622 erant,
1625 2561 1774 2628 quoe
1798 2561 1902 2607 eos
1922 2562 1965 2605 a
1989 2540 2161 2607 clero
2189 2552 2267 2606 ut
2281 2555 2525 2608 vocant

223 2645 549 2714 saeculari
591 2656 963 2712 secerneret.
998 2631 1356 2712 Enimvero
1401 2658 1560 2713 ante
1605 2645 1983 2713 istiusmodi
2032 2646 2522 2715 institutionem

229 2751 600 2842 reqularem
621 2752 789 2818 votis
800 2750 1220 2837 adstrictam,
1244 2753 1545 2820 canonici
1551 2751 2155 2821 denominabantur
2178 2777 2220 2820 a
2248 2778 2516 2838 canone,

241 2869 569 2945 quatenus
589 2880 714 2947 pro
750 2858 1113 2925 matricula
1137 2881 1249 2925 seu
1274 2858 1587 2948 cataloqo
1612 2870 1984 2948 usurpatur
2007 2859 2080 2924 in
2113 2858 2402 2938 ecclesia,
2448 2873 2525 2925 ut

242 2965 424 3031 tertii
462 2964 816 3053 quartique
854 2964 1078 3030 soeculi
1120 2964 1535 3045 testimoniis,
1582 2963 1916 3052 plerisque
1959 2964 2089 3027 leuc
2132 2959 2529 3030 adducendis

244 3055 650 3162 compertum
675 3070 823 3159 fiet,
860 3070 929 3134 in
977 3068 1212 3158 quibus
1257 3068 1476 3134 clerici
1502 3067 1580 3133 de
1616 3067 1933 3156 ‘sportulis
1981 3079 2044 3134 et
2086 3067 2528 3136 oblationibus

246 3177 655 3244 ecclesiarum
677 3175 1185 3267 participantes,
1226 3173 1446 3240 clerici
1471 3196 1548 3239 nn
1578 3195 1814 3241 canona
1843 3184 1964 3240 aut
1994 3173 2294 3240 canonici
2330 3197 2526 3241 voca-

259 3281 522 3351 bantur.
557 3283 838 3371 (Notitia
864 3280 1339 3362 Conciliorum,
1370 3302 1518 3370 pag.
1557 3279 1709 3362 153,
1738 3279 1889 3347 edit.
1928 3279 2263 3367 Lugduni,
2298 3280 2519 3374 1680).

322 3390 670 3457 Existimat
695 3392 960 3478 insuper
984 3386 1259 3455 Sarnelli
1289 3387 1682 3453 vocabulum
1711 3387 2174 3454 canonicorum
2206 3409 2337 3454 non
2364 3389 2526 3457 desi-

256 3515 473 3581 gnasse
499 3494 805 3584 primitus
831 3494 1185 3560 sacerdotes
1210 3497 1273 3559 et
1299 3492 1601 3559 diaconos
1628 3492 2027 3582 quifproprie
2051 3491 2526 3559 constituebant

246 3601 728 3692 presbyterium
779 3621 892 3666 seu
927 3600 1274 3666 consilium
1301 3597 1645 3689 Episcopi,
1685 3598 1795 3664 sed
1839 3598 1993 3664 alios
2045 3597 2309 3664 clericos
2364 3598 2524 3665 inse-

255 3709 480 3793 riores3
509 3712 573 3773 et
604 3706 892 3773 officium
930 3707 1231 3771 cantandi
1272 3706 1448 3772 hisce
1483 3701 1899 3771 inferioribus
1931 3701 2123 3768 fuisse
2155 3703 2519 3791 proprium.

259 3808 620 3880 Sacerdotes
662 3816 878 3879 autem
932 3815 993 3877 et
1026 3811 1327 3877 diaconos
1358 3810 1733 3900 presbyterii
1763 3806 2006 3875 nedum
2038 3807 2257 3873 divino
2307 3812 2525 3878 cantui

262 3915 734 4008 deputarentur,
769 3915 1123 4007 prohibitos
1158 3916 1350 3998 fuisse
1376 3938 1457 3983 ne
1487 3918 1598 3984 tali
1644 3915 1857 3985 officio
1897 3919 2221 3994 vacarent,
2252 3937 2405 3983 cum
2443 3919 2523 3986 ad

265 4024 478 4093 altIOra
526 4024 757 4092 intenti
795 4046 928 4091 esse
957 4024 1283 4091 deberent.
1333 4022 1519 4104 Quod
1550 4026 1774 4113 probat
1819 4025 1943 4091 hoc
1984 4023 2188 4089 sancti
2233 4022 2525 4115 Gregorii

266 4126 472 4221 Magni
518 4132 770 4198 decreto
798 4156 812 4198 ε
864 4134 947 4198 In
967 4143 1198 4198 sancta
1227 4134 1532 4197 Romana
1563 4131 1827 4197 ecclesia
1858 4128 2109 4197 dudum
2135 4134 2524 4203 consuetudo

268 4247 346 4300 est
396 4235 600 4303 valde
647 4236 1162 4327 reprehensibilis
1219 4248 1478 4322 exorta,
1537 4248 1616 4301 ut
1656 4233 1926 4324 quidam
1968 4234 2061 4302 ad
2086 4236 2260 4302 sacri
2284 4238 2528 4305 altaris

273 4343 695 4411 ministerium
722 4351 1015 4410 cantores
1038 4344 1396 4432 eliqantur‚
1432 4355 1496 4408 et
1526 4342 1595 4409 in
1622 4339 2004 4409 diaconatus
2034 4339 2261 4408 ordine
2286 4342 2528 4409 consti-

275 4450 389 4516 tuti
405 4449 854 4518 modulationi
865 4450 1038 4517 vocis
1060 4448 1442 4535 inserviant,
1465 4471 1624 4538 quos
1632 4449 1724 4517 ad
1720 4448 2221 4541 proedicationis
2239 4447 2532 4535 officium
