2930 4982
334 339 460 397 352
953 408 964 416 φ
1297 342 1642 390 mim-nus

419 462 748 544 Secundo,
789 483 918 530 non
949 461 1309 551 requiritur
1350 481 1703 529 consensus
1739 456 2008 550 capituli
2051 457 2120 525 in
2151 457 2476 548 praedictis
2500 481 2617 528 ne-

330 570 520 660 gotiis
547 567 806 658 quando
833 573 988 635 sunt
1007 567 1288 649 minora,
1318 572 1587 634 autnon
1611 568 1835 634 creant
1857 562 2138 631 notabile
2160 563 2621 654 praejudicium

331 675 613 767 capitulo
657 674 760 742 vel
806 672 1312 757 successoribuS‚
1371 671 1701 763 supposito
1749 676 1970 739 tamen
2016 691 2148 737 non
2189 672 2407 759 vigere
2456 693 2623 741 con-

330 784 595 851 trariam
634 779 1169 849 consuetudinem
1214 779 1323 872 (ita
1365 780 1754 862 LeureniuS,
1799 778 1942 847 loco
1988 778 2212 861 citato;
2255 815 2348 829 —
2389 777 2617 869 Engls,

331 892 400 958 in
429 889 696 958 titulum
729 890 824 954 De
846 886 953 954 lzz's
987 888 1360 977 quaesitam,
1408 887 1516 970 10,
1552 886 1724 953 tertii
1753 884 1905 952 libri
1939 883 2396 967 Decretalium‚
2430 906 2500 951 n.
2531 886 2617 969 53

328 1034 420 1047 —
447 993 802 1072 Wiestner,
831 992 900 1058 in
934 992 1236 1060 eumdem
1264 991 1394 1074 tit„
1433 1013 1507 1058 n.
1550 990 1689 1081 26).
1731 988 2064 1057 Diximus:
2099 989 2450 1081 supposito
2485 1014 2621 1061 non

329 1100 545 1191 viqere
598 1097 1005 1167 contrariam
1066 1095 1612 1167 consuetudinem
1640 1119 1664 1163 .·
1729 1121 1765 1161 «
1817 1094 2388 1175 Quemadmodum
2442 1099 2617 1168 enim

340 1232 373 1269 «
420 1206 533 1293 (ait
567 1203 951 1290 LeureniUS,
991 1203 1134 1272 loco
1177 1205 1393 1290 citato)
1437 1201 1675 1270 alicubi
1719 1200 1935 1289 vigere
1979 1205 2183 1291 potest
2223 1204 2620 1272 consuetudo

337 1340 371 1376 «
418 1311 708 1399 legitime
749 1311 1123 1400 praescripta
1148 1310 1287 1400 juri
1323 1308 1664 1377 communi
1698 1307 2036 1390 contraria,
2068 1313 2143 1374 ut
2171 1308 2369 1376 etiam
2400 1308 2467 1375 in
2510 1331 2621 1378 ne-

336 1444 371 1481 «
420 1418 613 1506 gotiis
644 1417 863 1484 arduis
884 1414 1195 1483 Praelatus
1224 1416 1573 1506 procedere
1594 1415 1793 1506 possit
1815 1412 1956 1481 sine
1983 1433 2302 1481 consensu
2326 1414 2620 1504 capituli,

337 1550 370 1589 α
418 1525 507 1592 ita
535 1526 730 1592 etiam
758 1546 793 1590 e
824 1528 1047 1591 contra
1089 1524 1308 1612 vigere
1336 1529 1544 1613 potest
1570 1521 1989 1600 consuetudo,
2036 1519 2347 1587 ut'etiam
2382 1520 2454 1587 in
2491 1521 2624 1588 mi-

337 1657 370 1693 «
417 1630 593 1697 noris
617 1631 771 1720 praej
782 1629 974 1697 udicii
998 1631 1271 1719 negotiis
1298 1630 1409 1697 hic
1440 1649 1795 1696 consensus
1819 1627 1902 1694 sit
1933 1625 2361 1700 necessarius.-
2378 1623 2628 1716 Estque

338 1761 370 1798 «
418 1735 561 1803 talis
591 1737 1012 1821 consuetudo,
1063 1742 1196 1803 tam
1239 1740 1413 1803 stans
1457 1757 1576 1827 pro
1619 1736 1913 1804 libertate
1954 1731 2238 1820 Praelati,
2280 1754 2476 1822 quam
2502 1755 2627 1823 pro

334 1867 367 1904 «
417 1840 786 1909 necessitate
829 1862 1183 1909 consensus
1228 1840 1422 1909 etiam
1471 1843 1543 1908 in
1589 1840 1987 1927 minoribuS,
2028 1839 2385 1928 diligenter
2420 1844 2627 1908 atten-

337 1973 370 2012 ε(
419 1947 654 2031 denda,
688 1949 1046 2038 praesertim
1094 1947 1213 2015 ubi
1254 1969 1329 2015 ex
1378 1947 1750 2016 rationabili
1794 1967 1986 2014 causa
2033 1946 2426 2015 introducta.
2459 1970 2493 2010 »
2528 1945 2629 2015 Ita

327 2056 520 2123 etiam
554 2053 994 2138 Reiffenstuel,
1038 2055 1108 2121 in
1138 2055 1239 2121 tit.
1278 2053 1385 2141 10,
1420 2054 1591 2121 tertii
1620 2053 1774 2121 libri
1806 2053 2091 2138 Decret„
2125 2075 2193 2119 n.
2236 2051 2352 2139 25.

427 2161 674 2244 Tertia,
707 2162 778 2228 in
808 2162 916 2247 iis,
955 2183 1101 2251 quae
1121 2163 1272 2251 jure
1300 2160 1733 2229 devolutionis
1762 2160 1897 2248 agit
1930 2158 2315 2250 EpiscopuS,
2361 2179 2632 2227 consen-

327 2289 473 2335 sum
500 2267 762 2358 capituli
792 2267 1119 2357 requirere
1142 2288 1274 2343 non
1297 2271 1578 2334 tenetur.
1608 2265 1918 2335 Vidimus
1944 2266 2213 2333 enimin
2234 2265 2628 2356 praecedenti

329 2375 559 2464 capite,
605 2397 687 2441 ne
727 2375 1075 2442 consilium
1117 2374 1381 2463 quidem
1423 2379 1584 2442 tunc
1620 2374 1905 2463 requiri;
1953 2395 2105 2462 ergo
2141 2395 2179 2441 a
2214 2373 2468 2442 fortiori
2508 2394 2629 2443 nec

325 2480 682 2566 requiritur
697 2503 1068 2549 consensus.
1091 2478 1281 2560 Quod
1301 2487 1517 2549 tamen
1533 2480 2032 2572 intelligendum
2050 2503 2202 2549 cum
2224 2479 2631 2549 restrictione

325 2581 418 2649 ibi
443 2582 751 2671 apposita.

419 2689 699 2769 Quarto,
765 2710 801 2750 «
851 2688 918 2753 in
967 2688 1043 2755 iis
1095 2689 1166 2753 in
1215 2689 1458 2777 quibus
1505 2691 1794 2780 procedit
1840 2690 2196 2782 Episcopus
2244 2689 2619 2757 auctoritate

332 2817 369 2858 α
414 2792 725 2882 delegata,
757 2814 890 2860 non
916 2799 1062 2883 eget
1085 2815 1404 2862 consensu
1424 2796 1720 2886 capituli.
1756 2796 2096 2886 Siquidem
2119 2796 2467 2887 Episcopus
2481 2817 2620 2885 qua

335 2925 370 2964 «
416 2898 745 2989 delegatus
771 2898 954 2968 Sedis
989 2900 1378 2991 Apostolicae
1404 2902 1662 2971 nullam
1699 2925 1853 2971 cum
1895 2904 2175 2995 capitulo
2205 2902 2397 2970 habet
2427 2923 2621 2970 com-

335 3031 370 3070 «
416 3008 955 3076 municationem.
1034 3006 1394 3097 Distinguit
1470 3015 1684 3077 tamen
1762 3009 1887 3078 hoc
1971 3012 2190 3100 ipsum
2269 3008 2619 3098 Fagnanus

334 3136 369 3175 «
419 3110 515 3201 (in
553 3133 697 3202 cap.
741 3110 854 3179 Ad
878 3112 1318 3204 audientiam,
1351 3118 1447 3182 De
1471 3116 1691 3184 eccles,
1727 3115 1944 3206 cedis„
1979 3138 2047 3183 n.
2092 3114 2202 3206 54)
2230 3139 2246 3196 ;
2282 3122 2361 3183 ut
2389 3137 2619 3207 proce-

330 3213 370 3279 ἀ
414 3217 522 3284 dat
567 3217 728 3285 dum
771 3217 1125 3310 Episcopus
1165 3222 1300 3309 agit
1338 3222 1599 3311 speciali
1636 3223 1788 3312 jure
1815 3221 2125 3312 specialis
2169 3222 2616 3312 delegationiS,

334 3345 370 3384 «
410 3342 522 3388 seu
545 3324 610 3389 vi
642 3329 703 3389 et
730 3328 1034 3413 potestate
1070 3325 1490 3415 delegationis
1517 3324 1643 3395 sibi
1670 3328 1779 3396 hic
1812 3337 1874 3395 et
1911 3349 2090 3396 nunc
2120 3329 2487 3419 specialiter
2511 3329 2618 3397 de-

300 3452 366 3508 ,α
411 3426 638 3514 legata.
675 3427 896 3514 Secus,
927 3431 982 3497 si
1004 3433 1305 3521 procedat
1323 3435 1475 3522 jure
1501 3434 1830 3502 ordinario
1857 3435 2304 3523 delegationiS,
2340 3436 2470 3503 hoc
2499 3441 2610 3516 est,

332 3560 367 3600 «
412 3537 713 3623 potestate
750 3534 874 3603 sibi
914 3542 1275 3605 constanter
1301 3560 1422 3629 pro
1460 3540 1649 3607 certis
1679 3541 1890 3608 causis
1929 3541 2215 3629 delegata
2246 3561 2281 3607 a
2310 3540 2490 3630 Papa
2518 3539 2613 3607 vel

333 3665 365 3703 «
404 3637 622 3728 vigore
646 3641 907 3708 concilii
925 3641 1313 3730 Tridentini,
1342 3669 1377 3708 »
1414 3644 1825 3735 (Leurenius,
1853 3648 2223 3736 loco-supra
2249 3646 2496 3735 citato.)

418 3746 691 3828 Quium,
734 3748 1000 3815 omissio
1052 3768 1403 3818 consensus
1446 3753 1742 3842 capituli,
1794 3754 2057 3843 quando
2107 3752 2219 3820 ille
2266 3769 2612 3820 consensus

324 3851 403 3917 de
433 3855 585 3940 jure
626 3854 1003 3943 requiritur,
1037 3860 1255 3922 actum
1294 3856 1600 3948 Episcopi
1632 3859 2000 3928 invalidum
2025 3857 2243 3927 reddit
2283 3864 2346 3923 et
2372 3854 2612 3922 nullius

323 3954 609 4024 effectus,
661 3958 992 4048 Excipitur
1032 3966 1250 4027 tamen
1280 3983 1464 4029 casus
1507 3963 1578 4029 in
1619 3984 1749 4051 quo
1780 3963 2138 4055 Episcopus
2166 3959 2512 4051 impediret
2533 3976 2610 4023 ne

323 4057 574 4127 bonum
597 4064 857 4153 aliquod
877 4066 1343 4155 acquireretur.
1372 4067 1778 4158 Repudiatio,
1798 4069 1980 4138 verbi
2006 4068 2235 4159 gratia,
2257 4062 2612 4135 donationis

321 4162 564 4231 oblatae,
577 4168 883 4252 ecclesiae,
912 4171 1073 4240 sacta
1090 4194 1126 4240 a
1153 4173 1418 4242 Praelato
1441 4173 1581 4243 sine
1604 4196 1922 4260 consensu
1948 4175 2240 4265 capituli,
2265 4174 2479 4242 valida
2497 4173 2606 4251 est,

320 4275 394 4338 ut
433 4274 1123 4470 tenenzgqmmuniter
1153 4282 1518 4350 canonistae.
1557 4280 1747 4373 (Vide
1785 4282 2191 4352 Leurenium
2218 4281 2365 4350 loco
2404 4281 2601 4357 citato,

322 4385 546 4467 quaest.
723 4431 738 4447 .
1902 4383 1911 4386 “
