2930 4982
1231 308 1310 355 m:
1355 308 1680 356 culmus.
2480 305 2602 360 3⁴7

321 424 535 497 evinci:
570 457 660 482 -v-
687 423 1087 515 Hujusmodi
1135 446 1324 495 casus
1374 426 1647 517 aliquos,
1682 435 1869 520 prout
1895 451 1933 498 a
1964 425 2263 499 Feri-ario
2286 432 2458 522 (loco
2488 451 2606 501 su-

318 554 430 622 pra
453 528 673 621 citato)
702 535 1143 620 exponuntur,
1185 532 1680 602 transcribimus
1708 553 1724 596 z

324 643 446 704 {aste
484 635 559 706 In
588 635 1108 727 processionibus
1146 637 1595 724 decernendis,
1636 638 2020 729 dirigendis,
2049 647 2239 730 atque
2269 641 2599 710 deducen-

320 743 495 811 ‹adis
525 743 873 811 consilium
899 743 1170 834 capituli
1199 748 1295 811 est
1323 744 1824 833 requirendum,
1856 766 1986 812 non
2011 751 2226 814 autem
2254 761 2605 817 consensus

297 849 773 938 «exigendus.
855 846 1072 938 (Sacra
1136 849 1569 940 congregatio
1641 851 1929 918 rituum·
1968 852 2051 918 in·
2104 851 2477 937 Elborensi‚-
2516 852 2603 922 28

320 980 372 1021 α·
397 956 622 1023 martii
648 953 868 1037 16283
903 959 966 1021 et
1001 955 1070 1022 in
1098 955 1436 1041 Comensi,-
1457 958 1494 1022 7
1522 957 1830 1026 februarii
1870 957 2042 1026 1632
2082 980 2099 1024 :
2129 958 2244 1025 ubi
2268 960 2607 1029 declaravit

317 1087 356 1128 «
399 1062 485 1130 ad
530 1060 930 1151 Episcopum
975 1061 1320 1151 pertinere,
1366 1084 1531 1131 cum
1551 1062 1823 1153 capituli
1854 1068 2068 1132 tamen
2100 1064 2401 1148 consili0,
2448 1065 2609 1132 indi-

320 1195 357 1234 «
395 1190 548 1237 cere
567 1167 866 1258 publicas
892 1168 1352 1257 processioneS,
1369 1175 1433 1237 et
1459 1167 1874 1258 praescribere
1892 1170 2219 1259 quomodo
2247 1176 2308 1237 et
2331 1191 2465 1260 quo
2485 1170 2613 1238 sint

320 1298 359 1340 ,α
408 1271 813 1361 dirigendae.)
840 1270 1025 1352 Quod
1063 1293 1180 1364 per
1204 1274 1523 1342 vicarium
1550 1275 1941 1364 generalem,
1972 1275 2233 1344 absente
2264 1274 2610 1367 Episcopo,

315 1405 355 1446 <‹
399 1376 872 1467 requirendum
901 1400 1163 1468 quoque
1193 1400 1327 1448 esse
1361 1380 1442 1447 ab
1484 1382 1709 1448 eodem
1762 1380 2074 1472 capitulo,
2107 1381 2362 1449 censuit
2385 1381 2610 1449 eadem

313 1509 353 1552 <a
399 1482 1087 1573 Sacra'Congregatio.
1123 1483 1222 1573 (In
1249 1485 1626 1575 Vigiliensi,
1661 1485 1748 1554 28
1773 1485 2157 1576 septembris
2193 1484 2413 1574 1630.)

408 1617 456 1658 «—
492 1590 859 1660 Consilium
901 1592 1164 1685 capituli
1207 1595 1543 1683 requirere
1592 1599 1847 1662 tenetur
1886 1591 2248 1686 Episcopus
2281 1612 2433 1659 casu
2482 1612 2647 1682 quo,

320 1724 355 1765 α
399 1698 824 1766 canonicatus
865 1705 927 1764 et
959 1699 1281 1788 portiones
1308 1722 1536 1768 omnes
1580 1721 1713 1768 suae
1737 1697 2026 1768 ecclesiae
2068 1696 2451 1766 cathedralis
2488 1698 2611 1767 ali-

321 1832 353 1872 «
397 1828 599 1896 quem
644 1805 939 1874 ordinem
994 1807 1469 1897 presbyteratus
1518 1808 1619 1875 vel
1660 1808 2038 1876 diaconatus
2080 1827 2410 1873 annexum
2476 1826 2609 1873 non

322 1938 357 1978 α
398 1913 690 1998 habent3
730 1917 802 1979 ut
842 1912 1088 1980 scilicet
1125 1934 1297 1980 cum
1347 1913 1638 2002 praedicti
1674 1914 1777 1980 sui
1808 1911 2076 2002 capituli
2125 1912 2400 1979 consilio
2447 1911 2611 1978 desi-

323 2045 359 2085 «
401 2040 600 2108 gnare
625 2025 689 2085 et
713 2019 1099 2087 distribuere
1138 2019 1367 2104 valeat,
1404 2019 1650 2108 quibus
1681 2020 1957 2107 quisque
1992 2016 2150 2085 ordo
2183 2018 2251 2083 in
2282 2021 2611 2107 posterum

324 2149 361 2189 «
409 2123 640 2191 debeat
670 2146 805 2192 esse
832 2147 1143 2193 annexae.

421 2251 457 2291 α
496 2226 849 2317 Episcopus
890 2235 1240 2317 antequam
1266 2229 1513 2296 indicat
1538 2233 1602 2294 et
1637 2225 1927 2317 publicet
1958 2224 2282 2312 synodum
2313 2226 2616 2293 dioecesa-

327 2355 363 2396 «
413 2352 598 2409 nam,
626 2335 957 2422 requirere
980 2335 1170 2402 debet
1193 2334 1420 2402 saltem
1456 2333 1805 2402 consilium
1830 2329 2099 2421 capituli
2113 2329 2297 2419 juxta
2323 2330 2617 2418 regulam

323 2461 364 2503 ,α
398 2438 627 2529 capitis
662 2440 957 2522 Quanta,
984 2441 1079 2508 De
1109 2438 1190 2507 iis
1212 2462 1358 2531 quoe
1387 2439 1571 2530 fiunt
1598 2462 1644 2507 a
1675 2437 1992 2506 Proelatis
2018 2437 2156 2505 sine
2183 2458 2495 2505 consensu
2515 2457 2621 2504 ca-

321 2569 366 2610 «
398 2545 644 2636 pituli.
681 2545 864 2629 Rota,
892 2546 962 2613 in
995 2546 1441 2616 Barbastrensi
1464 2569 1685 2614 coram
1714 2545 2105 2637 Pamphilio,
2150 2544 2188 2609 7
2213 2544 2610 2635 Junii1585.

319 2649 767 2742 ·‹*‹‡.Episcopus
795 2653 970 2719 enim
995 2653 1282 2743 prudens
1310 2660 1655 2744 antequam
1676 2653 1935 2721 decreta
1958 2651 2187 2739 synodi
2218 2649 2615 2740 promulget,

321 2781 370 2820 4<
410 2756 598 2824 debet
627 2760 807 2846 prius
845 2759 914 2826 in
955 2761 1218 2849 privatis
1247 2759 1700 2848 congressibus
1727 2756 1957 2824 assviris-
1987 2754 2305 2835 doctrina,
2336 2753 2621 2841 pruden-

327 2886 388 2924 ν(ι7
423 2862 514 2926 tia
539 2866 602 2927 et
619 2864 846 2949 pietate
880 2865 1360 2953 praestantibuS,
1399 2872 1463 2931 et
1484 2863 1723 2930 deinde
1748 2883 1820 2927 ex
1842 2858 2239 2947 obligatione
2256 2858 2315 2923 -a
2343 2856 2625 2946 capitulo

340 2992 375 3030 α
431 2966 852 3055 collegialiter
873 2969 1229 3036 coadunato
1249 2969 1608 3036 consilium
1646 2968 2005 3056 exquirere,
2041 2965 2198 3031 licet
2217 2964 2392 3031 solus
2412 2968 2622 3053 potes-

336 3098 372 3138 «
419 3076 620 3139 tatem
661 3070 1089 3162 legislativam
1125 3073 1443 3141 statuendi
1486 3074 1757 3155 habeat,
1786 3078 1847 3139 et
1875 3070 2221 3139 consilium
2268 3071 2454 3159 sequi
2489 3092 2617 3137 non

340 3185 729 3248 «teneatur.
767 3178 987 3271 (Sacra
1037 3181 1470 3270 Congregatio
1518 3180 1803 3259 concilii,
1847 3180 1915 3247 in
1966 3176 2332 3268 Hispalensi
2368 3173 2457 3243 26
2502 3196 2620 3244 no-

331 3311 374 3352 «
416 3286 702 3354 vembris
741 3284 1076 3376 1689.)Et
1099 3287 1217 3370 sic,
1251 3287 1436 3376 quod·
1456 3286 1821 3376 Episcopus
1854 3285 1920 3351 in
1955 3281 2355 3352 decernendo
2383 3287 2443 3349 et
2484 3288 2623 3349 sta-

342 3418 377 3458 <c
418 3395 660 3462 tuendo
701 3415 774 3461 ea
805 3415 952 3483 quae
1002 3393 1323 3462 sibi-bene
1370 3395 1508 3461 visa
1557 3393 1900 3461 fuerintin
1934 3388 2190 3479 -syn'odo
2231 3388 2614 3469 dioecesana,

342 3527 375 3568 «
420 3506 712 3569 teneatur
742 3500 1072 3590 requirere
1119 3501 1472 3570 consilium
1513 3501 1808 3590 capituli,
1843 3520 1978 3567 non
2007 3504 2222 3566 autem
2252 3496 2415 3564 illud
2438 3493 2624 3580 sequi

344 3634 377 3674 α
416 3611 485 3677 in
521 3607 781 3677 casibus
820 3607 892 3674 in
938 3608 1088 3696 jure
1112 3606 1451 3697 expressis,
1480 3606 1763 3672 decrevit
1786 3605 2012 3672 eadem
2037 3600 2489 3691 Congregatio.
2525 3595 2623 3685 (ln

339 3741 377 3782 α
419 3715 590 3785 dicta
615 3713 1009 3804 Hispalensi,
1046 3712 1127 3780 15
1153 3711 1446 3801 januarii
1476 3710 1704 3800 1695.)
1736 3710 2090 3800 Requisitio
2118 3716 2341 3776 tamen
2372 3702 2626 3769 consilii

341 3852 380 3894 «
418 3824 688 3916 capituli
731 3821 896 3889 facta
920 3841 1037 3911 per
1056 3819 1349 3887 edictum
1388 3817 1628 3886 sufficit
1648 3817 1729 3885 ad
1758 3818 2203 3885 sustinendam
2229 3807 2625 3878 validitatem

348 3958 381 3999 «
423 3931 677 4023 synodi,
722 3934 915 4021 prout
957 3927 1212 3996 censuit
1260 3923 1457 3996 Sacra
1501 3924 1925 4016 Gongregatio
1969 3919 2254 3992 concilii.
2299 3915 2397 4008 (ln
2448 3914 2626 3984 Osta—

347 4065 380 4105 «
424 4038 611 4108 nensi
641 4036 723 4105 15
742 4033 1102 4104 decembris
1132 4033 1356 4121 1696.)
1388 4059 1425 4096 η

429 4147 628 4217 Addit
653 4143 962 4229 Ferraris,
990 4140 1156 4210 etita
1173 4140 1377 4207 etiam
1404 4141 1631 4203 tenent
1661 4139 1902 4200 veteres
1934 4131 2314 4210 canonistas,
2342 4142 2631 4195 necessa·-

342 4253 438 4322 rio
459 4249 927 4341 requirendum
955 4269 1092 4315 esse
1120 4243 1390 4334 capituli
1417 4239 1768 4309 consilium
1796 4238 1879 4303 in¹
1884 4237 2153 4326 judiciis
2177 4225 2628 4337 criminalibus

341 4367 408 4430 et
429 4354 1081 4429 condemnationibus
1103 4351 1491 4420 clericorum
1526 4351 1588 4414 et
1625 4343 2053 4430 sacerdotum,
2099 4343 2257 4411 etin
2286 4327 2628 4402 beneficia-
