2930 4982
385 357 408 410 1
426 356 460 410 9
472 354 505 407 8
1349 357 1691 405 TRACTATUS

1457 589 1572 668 §2

379 751 674 793 SENTENTIA
700 752 883 791 TAMEN
910 752 1210 791 ADMITTENS
1229 751 1599 791 COLLATIONEM
1623 752 1962 791 SlnnLTANEE
1988 752 2112 790 ESSE
2135 752 2468 804 FACIENDAH,
2492 755 2665 793 MULTO

473 845 792 885 COMMUNIOR
815 844 1020 883 SEMPER
1049 844 1194 898 FUIT,
1213 845 1278 882 ET
1300 845 1521 884 MELIORI
1540 845 1706 883 ETIAM
1727 844 1857 883 omn
1885 843 2249 884 FUNDAMENTO
2268 846 2571 886 NITEBATL'R

470 1027 514 1073 1.
548 1003 736 1085 Quod
763 1003 956 1093 pauci
991 1003 1344 1072 admodum
1373 1004 1615 1071 fuerint
1642 1008 1935 1071 auctores
1960 1002 2317 1071 tribuentes
2350 1002 2669 1094 Episcopo

383 1110 882 1204 praebendarum
934 1109 1339 1179 collationem
1378 1111 1634 1179 excluso
1686 1110 2049 1178 interventu
2089 1109 2381 1200 capituli,
2426 1115 2671 1178 constat

379 1241 459 1290 ex
510 1218 879 1286 recensione
922 1238 960 1284 a
993 1216 1303 1305 Fagnano
1344 1218 1536 1304 facta,
1570 1216 1650 1284 de
1697 1237 1827 1306 qua
1873 1216 2067 1284 modo
2092 1215 2408 1299 diximus3
2444 1215 2518 1282 in
2547 1236 2673 1305 qua

381 1310 679 1390 videmus
728 1322 889 1389 duos
945 1326 1200 1389 tantum
1256 1320 1626 1389 celebrioris
1685 1320 1995 1406 nominis,
2060 1343 2296 1412 nempe
2353 1320 2673 1390 Joannem

383 1427 717 1497 Andream
749 1432 810 1493 et
833 1425 1262 1511 Hostiensem‚
1299 1449 1418 1517 pro
1446 1428 1558 1494 illa
1588 1427 1897 1518 opinione
1931 1427 2195 1497 stetisse.
2220 1427 2396 1496 Dum
2415 1433 2675 1497 econtra

377 1533 518 1622 jam
567 1553 685 1599 suo
730 1536 1019 1622 tempore
1060 1533 1259 1600 abbas
1302 1531 1802 1601 panormitanus
1844 1533 2236 1601 contrariam
2286 1532 2674 1601 sententiam

388 1659 521 1707 esse
550 1660 963 1707 communem
990 1640 1340 1708 testabatur
1367 1640 1462 1729 (in
1508 1662 1649 1730 cap.
1704 1640 1875 1708 Cum
1916 1639 2188 1708 ecclesia
2241 1639 2671 1724 Vulterrana,

389 1743 481 1813 De
509 1743 842 1828 electione,
875 1769 946 1815 n.
976 1745 1065 1834 8).

473 1849 541 1917 2.
571 1849 663 1918 Ita
681 1851 875 1919 etiam
904 1852 1107 1919 solido
1130 1853 1267 1941 jam
1302 1858 1447 1921 tum
1476 1851 1801 1920 nitebatur
1830 1851 2249 1920 fundamento
2275 1850 2570 1921 doctrina
2600 1855 2677 1920 de

378 1958 530 2046 Jure
566 1956 965 2027 simultaneae
1003 1959 1385 2043 collationis,
1434 1966 1509 2026 ut
1549 1959 1804 2027 etiamsi
1855 1978 2038 2028 novae
2077 1958 2486 2028 auctoritates
2541 1980 2678 2027 non

386 2061 819 2144 accessissent,
842 2063 1055 2133 adhuc
1083 2065 1217 2132 sola
1234 2064 1560 2154 sequenda
1585 2071 1767 2133 esset.
1802 2063 2058 2134 Verum
2084 2071 2177 2134 est
2200 2064 2380 2134 illam
2401 2065 2473 2132 in
2499 2065 2680 2134 texti·

388 2163 514 2233 bus
535 2165 710 2255 juris
732 2168 1002 2236 omnino
1033 2171 1346 2260 expressis
1372 2170 1671 2237 terminis
1699 2192 1835 2238 non
1862 2170 2160 2261 reperiri,
2207 2175 2281 2238 ut
2322 2175 2502 2238 notat
2539 2192 2680 2238 car·

391 2268 627 2340 dinalis
654 2273 732 2341 de
756 2273 954 2344 Luca.
989 2276 1249 2345 Adsunt
1271 2282 1485 2345 tamen
1507 2283 1714 2346 textus
1737 2299 1880 2345 eam
1900 2278 2051 2346 satis
2082 2277 2250 2344 clare
2276 2277 2631 2345 innuentes
2657 2302 2672 2344 :

386 2397 603 2446 unum
627 2384 740 2446 aut
760 2380 1039 2449 alterum
1063 2383 1491 2473 subjiciamus
1520 2408 1537 2452 ε

479 2480 572 2551 lta
618 2481 1031 2557 Innocentius
1092 2487 1178 2557 111
1241 2489 1752 2581 Archiepiscopo
1803 2488 2204 2574 Florentino,
2269 2511 2435 2558 anno
2497 2488 2682 2558 1206

398 2589 479 2676 (e.
540 2588 705 2655 Cum
732 2591 1006 2660 ecclesia
1061 2593 1347 2661 Vulterr.
1382 2593 1478 2662 De
1507 2594 1841 2685 electione)
1869 2617 1886 2661 t
1918 2595 2083 2663 Cum
2109 2594 2373 2663 ecclesia
2413 2593 2687 2661 Vulter·

388 2714 564 2760 rana
590 2691 808 2762 debito
836 2699 1306 2767 canonicorum
1335 2700 1643 2791 obsequio
1671 2701 1871 2790 lonqo
1889 2700 2126 2791 fuisset
2150 2713 2440 2790 tempore
2467 2696 2684 2765 desti-

393 2809 568 2887 tuta,
611 2799 1043 2871 Vulterranus
1068 2804 1440 2896 Episcopus
1460 2807 1809 2874 canonicos
1832 2805 2153 2897 quosdam
2172 2804 2371 2896 eleqit
2398 2816 2460 2872 et
2485 2803 2685 2871 insti-

331 2914 336 2919 ’
393 2904 527 2971 tuit
583 2905 657 2973 in
707 2906 960 2996 eadem,
1016 2931 1177 2999 quos
1227 2911 1528 2979 canonici
1568 2912 1854 3002 recipere
1898 2911 2283 2996 noluerunt,
2323 2920 2686 2978 asserentes

393 3010 572 3099 quod
595 3013 755 3081 talis
779 3016 1006 3084 electio
1018 3017 1247 3106 fuerat
1265 3018 1339 3085 in
1353 3042 1580 3087 eorum
1597 3016 2069 3110 praejudicium
2094 3028 2454 3084 attentata.
2480 3017 2684 3084 Man·

390 3113 629 3184 damus
656 3132 981 3209 quatenus
1020 3146 1216 3214 super
1249 3125 1473 3215 primo
1524 3125 1809 3192 articulo
1845 3124 2195 3215 petitionis
2224 3121 2548 3213 Episcopi
2586 3121 2684 3210 (in

391 3243 525 3309 qua
548 3225 927 3312 postulavit
978 3250 1020 3293 a
1063 3238 1150 3314 te,
1182 3240 1262 3296 ut
1307 3232 1656 3298 canonicos
1700 3229 1782 3297 ab
1827 3229 2079 3320 injuria
2125 3250 2328 3319 quam
2376 3227 2438 3294 ei
2482 3249 2686 3317 super

391 3322 701 3393 electione
739 3330 1201 3398 canonicorum
1268 3333 1795 3402 Vulterranensis
1847 3333 2131 3401 ecclesiae
2179 3333 2479 3421 inferunt
2515 3352 2686 3421 pro·

392 3427 689 3521 hiberes),
725 3431 933 3501 dictos
961 3438 1304 3507 canonicos
1336 3440 1675 3509 absolvere
1711 3465 1844 3509 non
1875 3453 2248 3532 postponas
2287 3461 2310 3504 .·
2341 3437 2503 3527 quia
2545 3460 2686 3506 non

391 3533 655 3604 videtur
679 3538 1003 3628 injuriam
1016 3543 1238 3631 facere
1260 3545 1378 3635 qui
1386 3546 1601 3613 utitur
1606 3547 1767 3638 jure
1782 3570 1924 3627 suo,
1955 3569 2105 3613 cum
2111 3567 2240 3637 per
2264 3555 2452 3613 testes
2484 3544 2689 3634 lonqe

390 3641 629 3712 melius
677 3642 762 3710 sit
795 3645 1165 3736 probatum
1209 3647 1389 3739 quod
1436 3653 1740 3719 canonici
1791 3650 2162 3743 supradicti
2215 3650 2336 3717 hoc
2373 3650 2538 3739 jure
2584 3650 2694 3718 usi

385 3750 636 3838 fuerint
688 3764 1046 3843 antequam
1089 3756 1460 3849 Episcopus
1496 3772 1902 3827 memoratus
1973 3761 2059 3827 In
2101 3755 2380 3826 secundo
2425 3777 2691 3846 quoque

394 3858 681 3925 articulo
712 3860 860 3949 (quo
881 3860 1054 3930 idem
1075 3863 1346 3953 petebat
1373 3866 1743 3957 Episcopus
1780 3879 1855 3933 ut
1896 3865 2059 3933 dicti
2079 3863 2382 3934 canonici
2403 3862 2694 3953 Episco-

388 3981 555 4049 pum
619 3964 837 4053 ipsum
873 3968 1033 4058 jure
1080 3970 1415 4039 electionis
1463 3974 1571 4040 uti
1619 3974 1821 4041 libere
1854 3972 2277 4066 paterentur)
2334 3970 2694 4039 absolvere

391 4064 656 4135 studeas
679 4076 1026 4145 canonicos
1052 4099 1224 4168 soepe
1245 4076 1452 4146 dictos
1464 4100 1497 4164 ,·
1519 4081 1817 4149 maxime
1843 4080 1905 4148 si
1922 4081 2014 4149 sit
2039 4079 2379 4149 notorium
2404 4075 2593 4168 quod
2613 4077 2694 4144 in

403 4171 685 4241 Thuscia
733 4183 1065 4265 qeneralis
1137 4185 1532 4254 consuetudo
1575 4199 1870 4255 servetur
1924 4198 1999 4255 ut
2043 4187 2114 4255 in
2175 4181 2693 4253 cathedralibus

389 4276 672 4346 ecclesiis
695 4281 916 4349 solum
937 4289 1311 4376 capitulum
1334 4292 1705 4383 irrequisito
1729 4292 2060 4384 Episcopo
2090 4289 2381 4381 eliyendi
2402 4289 2689 4356 canoni-

390 4403 496 4451 cos
517 4382 758 4455 habeat
770 4387 1194 4478 facultatem.
