2930 4982
400 334 522 389 208
1366 340 1708 386 ‘maternus

405 489 439 528 «
469 463 915 531 introductum
943 465 1058 540 est,
1101 481 1257 527 cum
1298 465 1492 526 turno
1527 480 1642 549 per
1678 478 1928 527 menses
1973 456 2077 525 vel
2111 457 2576 528 hebdomadas.
2612 460 2688 529 In

407 599 441 637 «
469 573 590 639 isto
632 591 780 638 vero
822 590 1000 652 casu,
1036 590 1187 635 cum
1214 569 1324 656 jus
1353 566 1727 634 conferendi
1762 565 1865 633 vel
1901 566 2329 656 praesentandi
2362 567 2444 634 sit
2475 566 2556 635 de
2584 569 2689 637 sui

409 704 443 742 «
472 682 700 744 natura
730 675 1169 752 individuum,
1218 672 1634 740 habitualiter
1670 677 2041 762 competens
2069 672 2380 740 omnibus
2417 674 2489 741 in
2528 674 2690 742 soli-

407 810 442 848 «
469 784 655 861 dum,
706 781 910 849 diviso
951 779 1162 846 solum
1222 778 1635 862 exercitio...‚
1694 776 1989 866 sequitur
2034 777 2212 866 quod
2266 780 2526 867 quando
2578 801 2691 869 per

409 915 442 952 «
473 910 684 956 unum
751 886 822 952 fit
867 884 1145 970 collatio,
1197 890 1355 951 tunc
1405 906 1520 974 per
1557 904 1783 950 omnes
1828 883 1969 949 fieri
2011 883 2290 964 dicitur3
2336 906 2692 976 eorumque

410 991 912 1060 «mandatarius
971 1012 1083 1058 seu
1127 990 1409 1057 vicarius
1460 989 1700 1055 dicitur
1768 987 1878 1054 ille
1926 988 2044 1077 qui
2104 993 2263 1057 tunc
2314 976 2687 1060 exercitium

410 1126 443 1162 «
472 1098 683 1165 habet.
717 1122 751 1162 »
786 1096 908 1187 (De
935 1096 1284 1186 beneficii3‚
1314 1095 1646 1163 discursus
1670 1095 1733 1178 1,
1765 1116 1836 1161 n.
1872 1092 1961 1162 30
1992 1098 2054 1163 et
2081 1093 2243 1185 seq.)

1488 1351 1604 1428 §7

1134 1508 1399 1548 EFFECTUS
1434 1508 1584 1547 JURIS
1622 1508 1975 1547 SIMULTANEAE

501 1697 534 1734 «
563 1669 745 1738 Varii
790 1674 941 1736 sunt
976 1668 1238 1736 effectus
1286 1668 1442 1735 dicti
1481 1667 1651 1755 juris
1680 1668 1965 1736 solidalis
1989 1689 2186 1760 penes
2214 1667 2608 1759 Episcopum
2633 1672 2690 1736 et

415 1804 447 1843 «
475 1777 838 1868 capitulum
873 1800 888 1843 ε
2536 1799 2545 1802 ’

502 1908 537 1947 «
565 1883 860 1966 PrimuS,
889 1879 1061 1970 quod
1092 1880 1145 1947 si
1176 1879 1335 1947 alter
1359 1902 1436 1948 ex
1464 1881 1556 1948 eis
1586 1880 1939 1969 neglexerit
1984 1883 2155 1950 intra
2202 1881 2496 1970 legitima
2526 1886 2686 1948 tem-

414 2013 449 2051 «
477 2010 633 2079 pora
661 1987 977 2077 explicare
1017 2008 1212 2053 suum
1238 1991 1459 2053 actum
1495 1985 1880 2068 collationis,
1912 1986 2014 2054 vel
2034 1987 2221 2054 illum
2248 1986 2531 2053 invalide
2555 2007 2689 2077 per·
2788 2026 2791 2029 ι

414 2119 446 2157 «
483 2094 729 2172 fecerit,
778 2092 847 2159 in
902 2092 1101 2159 altero
1147 2095 1354 2159 totum
1402 2094 1513 2181 jus
1565 2093 2028 2177 consolidetur3
2086 2092 2393 2181 illiusque
2444 2092 2688 2160 collatio

410 2226 446 2265 «
474 2201 662 2267 firma
698 2205 759 2266 et
790 2198 1014 2265 efficax
1057 2203 1420 2281 remaneat3
1453 2198 1663 2266 taliter
1716 2204 1790 2266 ut
1836 2221 2048 2289 neque
2089 2220 2203 2290 per
2242 2199 2686 2267 succedentem

412 2333 446 2370 «
475 2305 909 2398 provisionem
931 2304 1370 2392 Apostolicam
1386 2305 1736 2373 habentem
1769 2305 2128 2374 clausulam
2155 2303 2513 2372 dummodo
2536 2317 2689 2373 tem-

409 2436 446 2474 «
471 2433 633 2501 pore
656 2409 835 2476 datae
850 2410 1320 2501 praesentium,
1346 2415 1498 2498 etc.,
1525 2412 1636 2501 jus
1663 2411 1908 2502 provisi
1953 2410 2282 2478 sublatum
2333 2416 2686 2479 censeatur.

413 2543 447 2581 «
474 2516 642 2598 Quia
670 2539 904 2605 nempe
932 2516 1211 2606 provisio
1237 2539 1370 2585 non
1392 2518 1755 2585 devolvitur
1774 2518 1853 2586 ad
1879 2517 2183 2586 Sanctam
2212 2516 2432 2585 Sedem
2459 2518 2592 2584 nisi
2627 2519 2694 2584 in

413 2651 448 2689 «
478 2646 631 2692 casu
660 2645 791 2712 quo
817 2622 1175 2713 Episcopus
1195 2629 1255 2690 et
1280 2625 1641 2714 capitulum
1669 2630 1955 2716 ternpore
1972 2625 2267 2715 legitimo
2286 2623 2693 2691 collationem

413 2759 447 2816 ς(
477 2731 748 2798 fecerint
763 2734 823 2795 et
838 2750 967 2794 non
988 2729 1550 2815 concordaverint3
1571 2737 1634 2797 et
1653 2736 2118 2820 consequenter
2147 2729 2424 2821 provisio
2447 2728 2691 2797 Sanctae

414 2865 446 2903 «
474 2836 656 2906 Sedis
687 2837 868 2903 hunc
897 2856 1121 2902 casum
1146 2856 1403 2924 semper
1438 2836 1766 2925 supponit.

502 2969 535 3006 «
569 2939 909 3008 Secundus
955 2939 1217 3007 effectus
1263 2947 1381 3025 est,
1420 2941 1595 3030 quod
1643 2941 1893 3031 quoties
1942 2940 2299 3032 Episcopus
2348 2939 2627 3008 obtinuit
2654 2959 2691 3004 a

414 3075 446 3114 «
477 3047 707 3117 Sancta
730 3048 889 3116 Sede
912 3047 1281 3137 Apostolica
1310 3049 1684 3116 facultatem
1721 3049 2092 3117 conferendi
2130 3049 2468 3131 beneficia,
2501 3047 2689 3113 etiam

413 3157 544 3225 «in
577 3154 911 3223 mensibus
960 3154 1293 3229 reservatis
1332 3152 1449 3245 (1),
1497 3156 1880 3244 hujusmodi
1924 3154 2260 3223 indultum
2302 3155 2691 3241 suffragatur

415 3287 448 3325 «
480 3264 671 3328 etiam
689 3260 968 3350 capitulo
984 3266 1279 3349 respectu
1299 3260 1769 3328 beneficiorum
1788 3261 2195 3329 simultaneae
2210 3260 2568 3329 collationis
2582 3284 2622 3338 3·
2636 3309 2650 3322 .
2666 3309 2683 3324 .

412 3392 447 3431 «
478 3372 540 3433 et
569 3367 641 3433 in
659 3366 783 3434 hoc
808 3388 957 3433 casu
982 3367 1341 3456 capitulum
1359 3368 1540 3434 venit
1557 3368 1983 3458 appellatione
2009 3367 2338 3459 Episcopi,
2364 3373 2435 3435 ut
2455 3366 2688 3458 pluries

413 3501 447 3540 «
477 3471 807 3562 respondit
830 3470 1072 3539 Rota...
1106 3470 1258 3540 Haec
1288 3477 1507 3540 tamen
1532 3474 1753 3563 opinio
1780 3496 1912 3541 non
1943 3480 2037 3542 est
2064 3475 2387 3563 sequenda
2413 3480 2553 3565 post
2574 3491 2688 3538 no·

412 3607 447 3644 «
477 3578 811 3647 vissimarn
830 3578 1355 3645 constitutionem
1369 3578 1622 3646 Urbani
1637 3578 1755 3648 Vll
1773 3581 1853 3647 de
1867 3581 1970 3648 die
1991 3580 2073 3648 10
2089 3581 2473 3671 septembris
2496 3577 2688 3662 1626,

410 3709 445 3748 «
475 3685 546 3751 in
588 3706 716 3775 qua
754 3683 1098 3750 declaravit
1121 3683 1373 3749 indulta
1403 3685 1706 3774 praedicta
1734 3707 1867 3752 non
1901 3684 2243 3775 suffragari
2273 3684 2556 3776 capitulo
2581 3683 2693 3749 ha-

412 3818 444 3854 «
474 3791 654 3859 benti
679 3790 1158 3859 simultaneam.
1195 3787 1275 3856 Et
1307 3789 1589 3859 firmavit
1615 3790 1796 3861 Rota.
1812 3842 1857 3860 ..

504 3921 538 3959 «
566 3896 819 3962 Tertius
840 3895 1100 3962 effectus
1124 3905 1242 3982 est,
1269 3896 1472 3985 quod,
1500 3898 1645 3966 sede
1666 3898 2012 3990 episcopali
2032 3904 2323 3986 vacante,
2351 3903 2560 3965 totum
2580 3895 2693 3984 jus

413 4023 449 4061 «
476 4000 847 4067 conferendi
860 4002 1237 4092 hujusmodi
1260 4002 1638 4091 praebendas
1657 4006 2095 4073 consolidatur
2111 4007 2179 4072 in
2197 4004 2503 4095 capitulo,
2519 3998 2693 4091 quod

410 4130 446 4169 «
475 4110 630 4172 tunc
647 4105 796 4190 jure
820 4108 1081 4198 proprio
1102 4113 1412 4198 tanquam
1437 4109 1675 4202 unicus
1696 4116 1757 4177 et
1781 4111 1952 4179 solus
1976 4111 2241 4180 collator
2259 4111 2511 4178 easdem
2531 4127 2699 4197 prae-

413 4237 446 4277 «
477 4210 718 4277 bendas
746 4212 1015 4279 confert.
1051 4240 1083 4278 »
1130 4214 1249 4303 (lbi
1279 4216 1495 4305 plures
1525 4218 1935 4291 auctoritates
1977 4219 2129 4287 citat
2157 4209 2698 4300 Scarfantonius.)

468 4394 527 4455 (ι)
566 4392 755 4456 Nempe
794 4389 910 4440 Sedi
941 4390 1246 4453 Apostolicae.
