2930 4982
1147 304 1226 350 nn
1270 303 1594 353 cunnus.
2395 301 2512 359 341

254 452 284 492 «
308 423 725 494 ecclesiastica
761 423 1136 515 disciplina,
1188 425 1563 493 successivis
1603 426 2003 519 temporibus
2037 428 2255 498 forsan
2288 452 2521 521 parum

251 557 280 597 «
300 529 680 599 conveniens
722 551 841 623 pro
892 535 1068 598 recta
1106 534 1170 597 et
1213 530 1482 619 pacifica
1522 531 1939 601 ecclesiarum
1964 534 2522 609 administratione

248 664 279 705 «
301 638 426 706 visa
443 637 638 706 fuerit
655 637 1038 727 hujusmodi
1063 636 1455 705 simultanea
1470 638 1866 728 Jurisd10tio.
1896 641 1996 727 Et,
2023 640 2108 709 ob
2127 642 2220 725 id,
2255 664 2519 714 summa

245 770 276 811 «
300 766 515 812 rerum
562 744 992 833 gerendarum
1040 744 1387 811 auctoritas
1434 744 1505 811 in
1554 744 1907 837 Episcopos
1947 748 2249 817 translata
2270 749 2415 838 tuit,
2445 757 2519 820 ut

242 851 487 917 «etiam
537 849 919 939 nuperrime
974 848 1265 917 definivit
1305 868 1570 918 sacrum
1616 851 1980 920 concilium
2030 851 2515 936 Tridentinum,

245 954 575 1023 «sessione
635 954 723 1022 25
749 1005 768 1037 ,
824 953 1031 1040 capite
1077 951 1120 1018 6
1167 955 1263 1020 De
1322 954 1797 1042 reformatione
1810 974 1840 1039 ;
1889 960 1957 1023 et
2001 955 2164 1024 dixit
2211 956 2368 1026 Rota
2427 961 2519 1051 (in

242 1060 677 1153 «Hispalensi
712 1059 756 1126 2
792 1057 948 1147 ⁸iulii
992 1057 1194 1136 1700,
1244 1064 1308 1126 et
1348 1059 1420 1126 in
1461 1054 1867 1129 Astor'icensi
1881 1059 1923 1128 2
1941 1062 2119 1152 ¹junii
2147 1062 2395 1155 1704):
2434 1065 2524 1134 lta

239 1191 266 1229 «
288 1171 362 1234 ut
430 1164 946 1256 (praescindendo
997 1186 1034 1231 a
1099 1163 1493 1253 quibusdam
1544 1165 1952 1255 gravioribus
2000 1168 2278 1257 negotiis
2301 1220 2321 1257 ,
2375 1193 2524 1261 quae

236 1273 490 1340 «etiam
529 1293 712 1339 nunc
732 1276 984 1338 tenetur
1017 1269 1372 1361 Episcopus
1396 1294 1551 1340 cum
1576 1272 1846 1341 consilio
1871 1279 1932 1341 et
1954 1276 2153 1342 etiam
2183 1298 2340 1344 cum
2367 1298 2523 1346 con-

234 1402 262 1442 «
284 1399 477 1446 sensu
525 1375 792 1466 capituli
833 1375 1157 1465 expedire,
1190 1398 1325 1443 non
1358 1378 1439 1444 ad
1486 1378 1940 1466 integrandam
1972 1378 2277 1471 Episcopi
2306 1403 2523 1472 perso·

235 1509 263 1547 «
287 1504 465 1567 narn,
498 1482 615 1550 sed
638 1486 902 1573 propter
924 1481 1236 1550 interesse
1260 1482 1435 1571 quod
1465 1482 1829 1572 capitulum
1856 1483 2096 1551 habere
2122 1483 2525 1574 dignoscitur

236 1613 265 1654 «
284 1590 450 1657 circa
494 1587 1134 1678 statum‘Ecclesiae),
1191 1588 1264 1656 in
1318 1589 1565 1657 caeteris
1592 1588 1935 1680 Episcopi,
1969 1590 2284 1680 privative
2310 1593 2523 1681 quoad

237 1695 652 1788 «capitulum
713 1695 1180 1764 cathedralium
1207 1746 1226 1782 ,
1291 1696 1564 1762 mistum
1627 1701 1690 1763 et
1741 1718 2000 1763 merum
2051 1697 2404 1789 imperium
2454 1699 2521 1765 in

236 1804 579 1871 «subditos
621 1802 825 1870 libere
867 1808 1219 1883 exerceant,
1280 1803 1638 1891 omniaque
1689 1803 2024 1872 definiant.
2084 1829 2119 1869 »
2188 1804 2521 1896 (Scarfan·

229 1908 457 1991 tonius,
492 1912 590 1975 De
608 1907 965 1994 canonicis,
994 1913 1039 1974 t.
1077 1906 1130 1985 Ι,
1163 1930 1231 1997 p.
1270 1908 1378 1994 10,
1411 1907 1566 1975 edit.
1600 1907 1824 1987 Luoae,
1858 1909 2087 1996 1723.)

306 2014 739 2084 Monumenta
783 2012 1215 2089 ecclesiastica
1251 2012 1668 2103 expendenti,
1712 2018 1774 2080 et
1810 2015 2235 2083 institutionis
2276 2014 2357 2084 de
2397 2037 2527 2106 qua

223 2117 486 2207 agimus
524 2141 641 2209 per
687 2118 867 2185 varia
913 2118 1148 2186 saecula
1183 2140 1483 2207 gressum
1524 2122 1764 2186 attento
1807 2118 1997 2185 oculo
2043 2120 2422 2204 advertenti,
2459 2121 2523 2189 id

225 2225 555 2313 praecipue
594 2225 749 2291 licet
793 2224 1093 2313 colligere
1122 2223 1203 2291 de
1228 2225 1672 2313 capitulorum
1699 2229 2005 2312 potestate
2033 2230 2096 2290 et
2122 2227 2477 2292 eminentia
2507 2251 2524 2294 ι

228 2350 370 2397 eam
402 2329 488 2396 ab
518 2330 730 2417 initio,
761 2329 826 2397 id
853 2335 972 2416 est,
1002 2352 1040 2397 a
1065 2329 1472 2419 temporibus
1491 2329 1904 2420 Apostolicis,
1928 2329 2120 2398 fuisse
2142 2332 2523 2412 maximam,

141 2512 145 2522 ,
229 2459 344 2507 nec
413 2459 533 2529 per
603 2437 798 2528 plura
843 2436 1078 2506 saecula
1126 2436 1462 2521 defecisse3
1518 2443 1733 2528 postea
1785 2459 1936 2507 vero
1981 2436 2314 2526 Ecclesiae,
2379 2460 2525 2529 quae

229 2567 478 2637 semper
525 2543 943 2635 disciplinam
988 2567 1107 2634 pro
1142 2550 1512 2635 temporum
1541 2550 1603 2613 et
1631 2544 2272 2613 circumstantiarum
2303 2566 2522 2616 neces·

227 2650 404 2718 sitate
424 2650 747 2740 sapienter
770 2655 1174 2740 attemperat,
1201 2651 1421 2719 visum
1434 2673 1568 2720 esse
1590 2651 2073 2732 coarctandam,
2102 2672 2233 2740 quo
2263 2651 2521 2720 facilius

227 2753 530 2835 PastoriS,
557 2757 648 2829 ‚id
690 2761 806 2840 est,
852 2756 1183 2847 Episcopi,
1235 2759 1400 2825 actio
1453 2758 1905 2848 explicaretur.
1954 2758 2272 2824 Notabilis
2305 2764 2525 2824 autem

223 2859 613 2949 hujusmodi
648 2862 982 2927 coarctatio
1008 2868 1169 2928 tunc
1208 2863 1422 2929 evenit
1450 2864 1716 2950 quando
1741 2864 1825 2930 ab
1854 2861 2330 2929 archidiaconis
2375 2861 2525 2930 sub·

221 2965 351 3032 lata
402 2968 500 3030 est
539 2963 910 3052 jurisdictio
939 2963 1265 3031 ordinaria
1296 2971 1360 3032 et
1384 2967 1465 3032 ad
1496 2966 1771 3034 vicarios
1809 2966 2139 3055 generales
2176 2967 2257 3035 ad
2287 2974 2522 3037 nutum

226 3067 617 3138 revocabiles
646 3068 985 3147 translata3
1019 3068 1192 3157 quod
1223 3069 1538 3159 paulatim
1564 3070 1758 3139 variis
1787 3072 2220 3140 conciliorum
2259 3074 2527 3143 decretis

232 3176 574 3245 inductum
627 3179 744 3243 est.
798 3173 1135 3266 Praecipue
1178 3197 1331 3245 vero
1371 3183 1779 3246 sacrosancta
1827 3179 2112 3268 synodus
2143 3179 2520 3249 Tridentina
2556 3196 2562 3202 ’

233 3283 391 3350 intra
446 3281 750 3350 arctiores
786 3280 1029 3348 limites
1072 3282 1355 3371 capitula
1386 3283 1744 3371 conclusit3
1777 3290 1839 3352 et
1865 3307 1940 3353 ex
1969 3284 2080 3353 illo
2108 3286 2303 3353 etiam
2343 3291 2518 3354 tem·

234 3409 376 3476 pore
407 3389 478 3456 in
502 3387 659 3454 actis
684 3385 1113 3455 Summorum
1146 3384 1544 3456 Pontificum
1572 3394 1635 3455 et
1661 3387 2249 3480 Congregationum
2283 3389 2516 3459 Roma·

237 3513 462 3560 narum
493 3492 1033 3559 declarationibus
1053 3493 1295 3562 adverti
1316 3499 1524 3583 potest
1548 3517 1936 3585 permanens
1964 3497 2188 3565 eadem
2214 3497 2518 3565 Ecclesiae

237 3598 553 3666 tendentia
602 3604 677 3664 ut
725 3597 1151 3685 collegiorum
1197 3598 1465 3666 illorum
1511 3607 1881 3690 potestatem
1925 3602 2137 3693 potius
2166 3603 2520 3670 imminuat

235 3724 423 3790 quam
487 3704 729 3771 dilatet.
802 3701 1007 3791 Cujus
1060 3701 1530 3771 moderaminis
1589 3708 1968 3797 sapientiam
2020 3706 2408 3799 experientia
2456 3708 2519 3770 et

239 3806 386 3877 sacta
416 3811 558 3900 ipsa
595 3808 744 3877 satis
769 3808 1237 3876 demonstrant.
1270 3807 1566 3899 Capitula
1597 3812 1862 3900 scilicet,
1894 3837 2009 3904 pro
2030 3811 2516 3881 institutionum

238 3911 669 3984 humanarum
710 3915 1055 4004 fragilitate
1091 3920 1154 3982 et
1196 3916 1468 4006 proclivi
1516 3917 1596 3986 ad
1639 3919 1917 3989 deterius
1959 3926 2216 3997 natura,
2246 3939 2320 3985 eo
2350 3939 2514 4008 pau-

239 4017 407 4090 latim
454 4025 681 4090 multis
732 4023 801 4089 in
846 4023 1006 4091 locis
1053 4022 1462 4111 devenerant,
1507 4034 1605 4115 ut,
1660 4031 1819 4097 dum
1873 4027 2100 4117 capitis
2143 4026 2245 4093 sui
2277 4046 2515 4116 nempe

239 4120 529 4219 Episcopi
578 4129 896 4196 actionem
938 4132 1167 4219 juvare
1210 4137 1272 4198 et
1299 4131 1627 4220 complere
1667 4138 1982 4220 tanquam
2010 4132 2423 4220 obsequentia
2450 4134 2513 4197 et

241 4233 412 4302 utilia
457 4237 757 4304 membra
798 4237 1128 4320 deberent,
1180 4237 1492 4305 intricatis
1530 4258 1674 4304 eam
1708 4259 1742 4304 e
1767 4243 1989 4306 contra
2011 4238 2511 4306 difficultatibus

241 4336 580 4415 irretirent,
629 4343 1107 4414 Obscurabatur
1158 4345 1399 4411 interea
1451 4345 1622 4433 apud
1673 4365 1805 4412 non
1861 4367 2066 4435 pauca
2130 4332 2509 4430 hujusmodi
