2930 4982
1154 327 1233 373 ns
1277 327 1610 377 cernuus.
2447 323 2527 382 85

255 467 289 508 ι(
329 462 459 509 suae
510 442 798 532 antiquae
853 447 1252 515 auctoritatis
1308 448 1573 539 vestigia
1628 450 2044 534 retinuerint,
2098 452 2534 527 nibilominus

255 575 286 615 «
328 550 656 617 contendit
695 550 888 619 hodie
916 553 1134 621 adhuc
1171 552 1252 621 de
1277 553 1438 644 jure
1472 557 1806 625 communi
1832 556 2310 626 archidiaconis
2345 582 2536 630 com-

256 681 286 721 «
324 660 535 745 petere
547 656 661 744 jus
691 656 1168 726 interveniendi
1187 660 1708 730 ordinandorum
1727 669 1915 753 atque
1936 663 2530 755 promovendorum

254 787 284 826 ι(
318 760 394 828 ad
430 760 752 829 beneficia
778 763 1104 831 examini:
1138 764 1321 834 Licet
1350 766 1706 834 concilium
1747 766 2234 855 Tridentinum‚
2263 770 2377 857 ait,
2409 784 2532 840 aut

251 890 281 932 ι(
318 865 566 957 synodi
580 865 824 935 locales
846 867 954 936 vel
969 869 1456 962 Episcoporum
1478 870 1744 940 decreta
1764 873 2029 963 aliquos
2048 873 2364 964 speciales
2377 897 2534 945 erca-

251 997 280 1037 «
319 972 688 1040 minator-es
716 974 1084 1059 nominent,
1121 976 1516 1044 nullatenus
1539 976 1680 1067 ipse
1702 976 2216 1047 archidiaconus
2241 994 2536 1051 censetur

249 1104 279 1144 c<
318 1080 652 1162 exclnsm,
710 1077 825 1147 sed
880 1081 955 1148 lzi
1008 1081 1476 1163 archidiacono
1528 1082 1967 1151 censebuntur
2021 1084 2406 1175 adjuncti...
2468 1086 2537 1157 Si

248 1209 278 1250 «
318 1185 837 1269 archidiaconuS,
862 1191 938 1253 ut
955 1192 1132 1255 tenet
1149 1188 1491 1278 Pignatelli
1512 1187 1828 1280 (Consult.
1861 1188 2010 1272 181,
2038 1195 2192 1258 tom.
2213 1189 2330 1279 IV,
2349 1202 2424 1259 n⁰
2449 1189 2535 1283 1),

244 1316 276 1356 «
319 1296 611 1381 peccaret
664 1293 1019 1362 mortaliter
1073 1317 1192 1386 pro
1243 1295 1538 1384 indignis
1576 1300 1639 1362 et
1687 1296 2006 1386 imperitis
2045 1296 2363 1386 testando,
2409 1299 2534 1367 hoc

245 1422 276 1460 «
323 1397 600 1487 profecto
620 1400 923 1489 nequiret
939 1407 1277 1491 peccatum
1293 1402 1530 1470 evitare
1541 1455 1558 1487 ,
1575 1402 1705 1469 nisi
1720 1402 2233 1470 ordinandorum
2250 1405 2527 1472 examini

184 1508 190 1518 '
247 1530 276 1568 ι(
318 1505 739 1573 interesset...
781 1505 914 1575 Nec
951 1508 1084 1575 dici
1127 1513 1333 1598 potest
1374 1510 1498 1577 hac
1532 1507 1784 1577 ratione
1823 1508 2360 1578 archidiaconum
2393 1512 2532 1579 fieri

240 1636 273 1677 «
314 1611 642 1679 arbitrum
686 1613 1226 1699 ordinandorum,
1280 1636 1434 1682 cum
1478 1613 1604 1704 ipsi
1649 1613 2014 1705 complures
2067 1616 2533 1685 examinatores

239 1743 271 1783 ι(
311 1718 672 1808 adjungere
697 1719 897 1807 possit
922 1719 1303 1812 Episcopus.
1357 1746 1389 1783 υ

316 1823 399 1891 11.
452 1824 805 1891 Sententia
855 1846 1131 1916 neqam.
1185 1865 1276 1878 -
1322 1825 1642 1895 Concludi
1687 1848 1872 1918 posse
1928 1824 2180 1894 videtur
2226 1848 2301 1894 ex
2349 1831 2524 1896 textu

228 1931 483 1998 concilii
520 1929 918 1998 Tridentini.
964 1931 1135 1998 Nam
1169 1933 1226 1998 si
1261 1942 1491 2020 agatur
1529 1932 1608 1999 de
1647 1933 1942 2000 examine
1979 1932 2522 2020 ordinandorum,

228 2030 606 2103 Tridentina
635 2038 921 2125 synodus
942 2043 1141 2105 totam
1168 2060 1309 2105 rem
1332 2039 1589 2105 videtur
1618 2039 2015 2106 commisisse
2040 2037 2383 2129 Episcopo,
2413 2040 2523 2107 cui

222 2144 478 2210 tantum
507 2144 805 2232 injungit
836 2149 909 2212 ut
931 2146 1252 2215 examinet
1278 2145 1674 2213 ordinandos
1702 2144 1961 2213 adscitis
1993 2145 2429 2213 sacerdotibus
2460 2149 2524 2213 et

219 2248 375 2317 viris
420 2249 861 2337 prudentibus
889 2257 952 2316 et
975 2251 1203 2338 peritis
1243 2251 1416 2338 (sess.
1461 2250 1579 2333 23,
1620 2272 1680 2316 o.
1725 2252 1795 2334 7,
1827 2249 1910 2315 de
1951 2251 2138 2335 ref.);
2185 2248 2303 2314 ubi
2341 2247 2521 2315 nulla

211 2354 480 2421 mentio
504 2352 578 2417 fit
610 2351 689 2418 de
726 2353 1203 2420 archidiacono
1235 2353 1406 2441 Ergo
1432 2353 1500 2420 vi
1532 2353 1732 2441 hujus
1766 2352 2028 2433 decreti,
2055 2352 2231 2420 licite
2263 2349 2519 2421 ordines

214 2458 523 2529 conferre
541 2463 745 2548 potest
761 2457 1114 2550 Episcopus
1137 2459 1304 2527 facto
1323 2459 1619 2528 examine
1639 2480 1791 2527 cum
1813 2459 2061 2548 aliquot
2078 2457 2515 2528 sacerdotibus

220 2564 471 2655 peritiS,
502 2585 668 2653 quos
698 2565 833 2655 ip'se
872 2588 989 2656 pro
1015 2566 1286 2633 arbitrio
1315 2566 1600 2654 elegerit,
1635 2586 1709 2640 ac
1729 2565 1999 2654 proinde
2028 2587 2158 2632 non
2184 2571 2406 2634 vocato
2429 2567 2512 2635 ad

224 2693 484 2740 examen
528 2671 1004 2739 archidiacono.
1049 2672 1186 2739 Imo
1230 2671 1563 2740 concludit
1605 2672 1991 2739 Benedictus
2030 2671 2182 2739 xlv
2225 2672 2328 2761 (de
2359 2694 2502 2761 syn.

227 2778 405 2847 dioec.
430 2779 483 2845 l.
510 2778 580 2857 4.
605 2800 662 2845 c.
696 2778 762 2857 7,
787 2788 858 2845 n⁰
880 2778 947 2868 2)
969 2779 1238 2845 minime
1257 2779 1463 2846 teneri
1483 2778 1881 2869 Episcopum
1902 2782 1974 2844 in
1997 2777 2510 2845 ordinandorum

229 2884 509 2952 examine
562 2883 866 2951 adhibere
911 2886 1382 2952 examinatores
1424 2883 1788 2972 synodaleS,
1834 2882 1904 2949 id
1955 2888 2088 2960 est,
2143 2881 2217 2946 in
2267 2881 2513 2968 synodo

232 2989 575 3059 dioecesana
632 2990 899 3072 electos;
960 3012 1115 3056 nam
1155 2990 1264 3056 isti
1320 3010 1453 3055 non
1510 2991 1947 3076 imponuntur
2005 2986 2327 3076 Episcopo
2382 2984 2508 3054 nisi

232 3099 478 3185 quando
537 3097 757 3186 agitur
808 3097 888 3164 de
953 3094 1413 3187 promovendis
1461 3094 1543 3162 ad
1591 3092 1931 3185 parochias
1971 3115 2088 3184 per
2115 3114 2509 3161 concursum

234 3202 625 3271 obtinendas.

306 3308 425 3378 Sed
450 3332 663 3399 neque
689 3311 761 3379 in
779 3310 1073 3378 examine
1099 3307 1693 3400 promovendorum
1722 3306 1803 3374 ad
1832 3305 2171 3398 parochias
2202 3328 2318 3398 per
2339 3329 2506 3377 con-

237 3435 485 3490 cursum
520 3418 634 3506 jus
669 3417 1089 3484 interessendi
1129 3416 1324 3483 habet
1370 3413 1890 3493 archidiaconuS,
1948 3412 2198 3481 etiamsi
2243 3413 2379 3503 ipse
2426 3413 2508 3479 sit

238 3542 386 3590 unus
418 3545 496 3589 ex
532 3521 948 3610 synodalibus
994 3520 1589 3589 examinatoribus:
1637 3541 1795 3588 nam
1833 3519 2189 3587 concilium
2230 3515 2508 3583 Triden-

235 3626 427 3695 tinum
458 3628 635 3718 (sess.
671 3627 784 3703 24,
808 3648 867 3692 c.
905 3627 1014 3704 18,
1045 3626 1125 3693 de
1150 3626 1253 3694 ref
1257 3626 1302 3716 .)
1333 3626 1459 3694 hoc
1490 3630 1748 3693 tantum
1774 3624 2137 3716 praescribit
2163 3622 2507 3708 Episcopo,

236 3736 296 3798 ut
324 3733 627 3801 adhibeat
652 3733 883 3801 saltem
917 3740 1048 3796 tres
1089 3750 1247 3818 quos
1283 3731 1420 3818 ipse
1450 3729 1772 3796 maluerit
1808 3751 1886 3795 ex
1911 3723 2333 3813 synodalibus
2373 3741 2514 3790 exa·

239 3837 685 3923 minatoribus3
739 3860 894 3929 ergo
935 3836 989 3905 si
1033 3842 1162 3902 tres
1207 3833 1536 3915 adhibeat,
1587 3852 1722 3900 non
1768 3833 1990 3896 vocato
2036 3825 2502 3917 archidiacono,

241 3943 340 4012 rite
365 3948 526 4015 fient
553 3968 821 4014 examen
856 3950 935 4012 et.
954 3942 1261 4035 provisio.
1291 3938 1657 4008 Fatendum
1683 3940 1925 4018 tamen,
1957 3938 2159 4002 textus
2191 3933 2332 4002 illos
2366 3932 2508 4003 Tri-

243 4047 475 4119 dentini
508 4076 644 4122 non
673 4052 946 4121 omnino
968 4051 1254 4140 rigorose
1285 4046 1622 4115 excludere
1641 4042 1815 4133 quod
1841 4041 2116 4110 affirmat
2144 4040 2502 4121 CatalanuS,

242 4174 459 4251 nempe
518 4183 637 4251 per
693 4160 1046 4248 assignatos
1102 4180 1140 4224 a
1196 4154 1585 4222 Tridentino
1638 4149 2097 4218 examinatores
2148 4149 2515 4216 nullatenus

241 4266 760 4335 archidiaconum
796 4265 1049 4335 censeri
1090 4262 1449 4345 exclusum,
1485 4256 1602 4328 sed
1624 4258 1741 4328 hos
1777 4256 2019 4329 casseri
2053 4253 2513 4323 archidiacono

242 4368 599 4458 adjunctos.
676 4433 685 4434 ff
