2930 4982
1184 343 1265 389 DE
1307 343 1634 390 cavimus.
2436 341 2462 394 1
2480 341 2556 395 53

358 466 418 529 1.
473 461 961 531 «obtinentem
1001 461 1072 529 in
1117 462 1602 531 cathedralibus
1647 467 1709 530 et
1749 462 2101 551 collegiatis
2146 465 2558 553 dignitatem,

272 596 303 633 α
332 569 484 636 licet
507 589 730 636 vocem
768 569 837 634 in
881 568 1168 657 capitulo
1198 589 1328 635 non
1358 567 1615 649 habeat,
1654 591 1770 637 nec
1810 570 2301 639 distributiones
2344 575 2557 662 quoti-

269 702 301 739 «
331 673 559 741 dianas
600 695 753 741 cum
792 673 1038 742 caeteris
1070 673 1433 765 participet,
1483 676 1858 744 detractioni
1903 678 2103 745 tertiae
2135 679 2332 768 partis
2374 678 2554 748 sruc-

273 788 521 847 «tuum
550 800 685 847 esse
702 780 1084 866 obnoxium,
1120 805 1155 845 >³
1188 781 1524 849 concludit
1547 781 1828 850 Barbosa
1855 804 2005 851 cum
2034 784 2177 852 aliis
2204 784 2555 853 canonistis

262 910 331 955 ex
357 892 537 953 textu
560 886 797 953 decreti
817 885 1182 954 Tridentini
1209 887 1327 977 (De
1346 887 1711 971 canonicis,
1740 909 1798 955 c.
1832 888 1902 975 2,
1935 911 2005 956 n.
2036 889 2168 979 31).
2201 889 2387 959 Unde
2410 890 2554 960 talis

256 993 537 1082 dignitas
560 996 814 1059 tenetur
841 993 909 1060 in
952 1013 1159 1060 massa
1188 1014 1308 1083 pro
1335 992 1914 1062 distributionibus
1953 1015 2264 1085 reponere
2293 997 2543 1065 tertiam

252 1105 503 1189 partem
532 1099 867 1167 fructuum
892 1121 1025 1168 suae
1054 1100 1441 1191 praebendae,
1471 1107 1545 1168 ut
1567 1107 1629 1169 et
1648 1102 1783 1191 ipse
1806 1124 1991 1170 suam
2023 1102 2547 1173 distributionem

252 1206 569 1274 lucrando
596 1207 677 1274 ad
700 1209 1011 1296 majorem
1041 1207 1475 1277 assiduitatem
1506 1210 1845 1277 excitetur.

334 1311 410 1378 2.
438 1311 531 1378 Ex
554 1312 677 1380 hac
708 1311 1088 1380 Tridentina
1117 1313 1260 1404 lege
1293 1314 1467 1382 circa
1493 1315 2006 1400 distributiones,
2054 1318 2349 1405 sequitur
2381 1315 2550 1384 obli-

249 1420 426 1508 gatio
457 1422 889 1489 constituendi
917 1421 1204 1510 aliquem
1236 1422 1350 1511 qui
1376 1422 1664 1510 quotidie
1692 1423 1985 1490 absentes
2015 1428 2209 1490 notet.
2246 1423 2346 1489 Ad
2370 1422 2542 1511 quod

206 1520 209 1523 ’
250 1547 504 1593 munus
552 1526 880 1594 ordinarie
910 1525 1256 1617 deputatur
1282 1548 1319 1593 a
1349 1526 1636 1615 capitulo
1664 1528 2017 1595 canonicus
2041 1527 2159 1616 qui
2174 1537 2548 1616 punctator-

248 1632 468 1699 vocari
494 1631 672 1716 solet,
707 1638 768 1699 et
789 1633 980 1720 cujus
1002 1632 1296 1700 officium
1328 1654 1524 1722 supra
1547 1631 1960 1699 describitur.

336 1739 408 1807 3.
443 1737 705 1806 Certum
745 1739 1012 1828 quidem
1057 1744 1148 1806 est
1197 1738 1684 1807 distributiones
1713 1760 1749 1806 a
1792 1737 2123 1808 canonicis
2170 1738 2543 1808 absentibus

241 1845 517 1912 amissas
538 1865 901 1913 accrescere
930 1845 1378 1935 praesentibus.
1408 1845 1496 1913 At
1535 1867 1690 1913 vero
1713 1845 1783 1913 in
1803 1867 2002 1934 quem
2033 1865 2228 1912 usum
2260 1845 2546 1912 converti

239 1949 520 2018 debeant
549 1951 1041 2019 distributiones
1067 1973 1228 2040 quas
1252 1953 1611 2019 amiserunt
1645 1951 2010 2040 dignitates,
2044 1972 2180 2019 non
2208 1972 2405 2040 parva
2427 1972 2546 2018 oc·-

239 2058 456 2124 currit
478 2057 548 2123 in
570 2059 692 2125 hac
711 2059 1015 2126 solvenda
1039 2059 1393 2146 quaestione
1413 2057 1786 2141 difficultas,
1809 2060 1890 2126 ob
1911 2058 2246 2147 duplicem
2275 2055 2548 2124 Triden-

236 2162 398 2230 tinae
434 2165 666 2251 synodi
704 2166 1132 2246 sanctionem,
1163 2185 1445 2252 quarum
1472 2164 1668 2230 altera
1702 2163 1886 2230 alteri
1912 2162 2236 2229 adversari
2265 2163 2542 2229 videtur.

230 2267 520 2336 Etenim
545 2268 617 2333 in
640 2290 836 2354 supra
861 2269 1051 2334 citato
1079 2268 1287 2354 capite
1330 2289 1399 2332 ιιι
1447 2267 1750 2333 sessionis
1792 2267 1907 2352 22,
1931 2266 2310 2353 hujusmodi
2338 2265 2553 2332 distri·

227 2372 564 2439 butiones
573 2372 893 2460 jubentur
913 2371 1226 2462 applicari
1237 2371 1517 2461 fabrieoe
1539 2371 1838 2455 ecclesiae,
1870 2382 2196 2462 quatenus
2223 2369 2543 2460 indiqeat,

230 2490 368 2546 aut
400 2477 614 2545 alteri
624 2474 627 2478 ⁴
627 2478 748 2568 pio
777 2478 915 2548 loeo
943 2477 1222 2547 arbitrio
1251 2478 1599 2571 Episcopi.
1633 2478 1721 2547 At
1743 2501 1892 2548 vero
1931 2479 1998 2547 in
2031 2478 2309 2548 sessione
2329 2478 2407 2547 21
2446 2501 2550 2548 ca-

235 2588 372 2673 pite
429 2606 523 2668 ιιι,
566 2585 659 2653 sic
696 2586 973 2655 habetur
1006 2611 1021 2655 z
1069 2586 1338 2654 tertiam
1357 2597 1709 2678 partem...
1758 2587 2068 2678 separari
2098 2584 2348 2675 debere,
2391 2607 2452 2658 et
2475 2589 2545 2656 in

239 2690 738 2760 distributiones
773 2692 1199 2783 quotidianas
1226 2694 1540 2778 converti,
1589 2716 1734 2783 quoe
1762 2693 1939 2762 inter
1971 2692 2332 2782 diqnitates
2370 2693 2543 2761 obti-

242 2808 472 2863 nentes
498 2808 562 2863 et
587 2809 852 2866 coeteros
873 2797 1119 2866 divinis
1148 2798 1648 2867 interessentes..
1664 2850 1680 2863 .
1713 2797 2110 2866 dividantur
2124 2820 2148 2877 ,·
2175 2819 2322 2885 quae
2345 2797 2552 2864 verba*

244 2903 413 2969 clare
453 2903 751 2970 indicant
786 2904 1268 2972 distributiones
1310 2905 1390 2971 ab
1436 2904 1814 2971 absentibus
1850 2904 2146 2985 amissas,
2185 2921 2546 2968 accrescere

247 3010 702 3099 praesentibus,
747 3014 810 3076 et
850 3009 1020 3075 inter
1065 3009 1237 3099 ipsos
1280 3030 1415 3075 esse
1455 3007 1861 3073 dividendas.
1909 3003 2219 3072 Vidimus
2259 3004 2537 3096 explica·

248 3117 493 3184 tionem
520 3139 560 3184 a
585 3115 944 3185 Monacello
975 3115 1305 3182 traditam.
1336 3112 1437 3180 Illi
1473 3113 1742 3180 alteram
1770 3111 2237 3202 subjungimus
2281 3135 2297 3180 ε
2341 3137 2375 3177 «
2409 3110 2533 3179 Sed

258 3249 289 3286 «
317 3223 537 3291 omnis
600 3223 1050 3312 repugnantiae
1106 3219 1348 3310 species
1414 3219 1696 3308 tollitur,
1762 3218 1853 3287 ait
1917 3218 2306 3286 Benedictus
2378 3216 2530 3288 XlV

263 3357 293 3393 «
320 3330 555 3420 (lnstit.
588 3329 740 3413 107,
764 3329 807 3419 ξ
832 3330 898 3418 7,
926 3351 994 3396 n.
1028 3326 1167 3416 41),
1192 3327 1247 3395 si
1274 3326 1629 3395 discrimen
1662 3331 1976 3395 statuatur
2004 3326 2176 3394 inter
2194 3326 2537 3416 dignitates

265 3463 297 3500 «
322 3459 468 3526 quae
510 3440 858 3526 proventus
894 3456 1043 3503 suos
1069 3456 1145 3502 ex
1197 3455 1419 3501 mensa
1454 3432 1797 3524 capitulari
1844 3433 2239 3524 percipiunt,
2272 3439 2335 3500 et
2365 3434 2538 3501 inter

266 3571 297 3606 α
321 3544 666 3633 dignitates
706 3565 851 3632 quae
888 3548 1157 3611 secretos
1187 3542 1267 3609 ab
1297 3541 1522 3608 eadem
1555 3562 1779 3609 mensa
1821 3546 2175 3630 proventus
2215 3540 2537 3608 obtinent.

265 3676 296 3713 «
324 3650 544 3741 ltaque
579 3653 765 3741 juxta
815 3647 1168 3734 concilium
1214 3646 1699 3713 distributiones
1737 3647 2103 3738 primarum
2153 3645 2547 3730 dignitatum

267 3785 298 3821 (ι
324 3758 494 3824 inter
516 3762 861 3848 praesentes
887 3751 1252 3823 dividendae
1280 3759 1465 3817 sunt:
1501 3749 1984 3816 distributiones
2013 3753 2230 3814 autem
2258 3746 2538 3814 aliarum

271 3864 716 3954 «dignitatum
743 3860 1017 3953 fabricae
1044 3856 1329 3929 ecclesiae
1361 3854 1499 3923 sive
1538 3853 1746 3922 alteri
1756 3851 1882 3942 pio
1929 3851 2071 3919 loco
2100 3851 2500 3922 conferendae
2519 3907 2534 3923 .

270 3996 302 4035 ι(
325 3970 476 4039 Haec
502 3971 699 4039 habet
730 3968 1079 4058 Fagnanus
1111 3965 1208 4057 (in
1246 3987 1388 4056 cap.
1423 3962 1597 4044 Quia
1625 3959 1966 4044 nonnulli,
2002 3958 2097 4026 De
2125 3959 2376 4028 clericis
2403 3982 2536 4030 non

271 4101 303 4139 «
329 4075 780 4162 residentibuS,
822 4097 890 4143 n.
927 4074 1014 4142 22
1042 4080 1106 4141 et
1131 4073 1320 4162 seq.)‚
1351 4071 1726 4139 auctoritate
1759 4068 1971 4137 Sacrae
2010 4063 2542 4155 Congregationis

274 4202 305 4242 (ι
330 4181 670 4270 adductus,
697 4203 841 4272 quae
861 4203 998 4249 rem
1028 4178 1322 4248 eamdem
1350 4199 1488 4246 non
1529 4176 1728 4244 semel
1759 4175 2072 4244 definivit.
2107 4199 2143 4238 ³>

355 4286 533 4357 Unde
561 4288 1084 4358 concludendum
1113 4287 1368 4354 videtur
1392 4284 1878 4352 'distributiones
1902 4283 1982 4350 ab
2001 4280 2376 4370 absentibus
2401 4285 2544 4342 tum

269 4394 584 4463 canonicis
623 4403 765 4462 tum
794 4395 989 4462 etiam
1013 4391 1442 4480 dignitatibus
1470 4389 1734 4458 amissas
1758 4410 1832 4457 ex
1859 4388 2086 4475 regula
2112 4377 2402 4473 generali
2435 4393 2547 4437 ac-
