2930 4982
384 343 508 400 204
1360 347 1703 393 ‘smarnos

389 498 424 536 «
461 472 575 561 jus
611 469 982 537 conferendi
1022 466 1397 559 praebendas
1434 472 1497 533 et
1529 465 1841 534 beneficia
1884 464 2003 531 sita
2031 463 2099 530 in
2143 462 2411 530 ecclesia
2453 463 2664 531 cathe-

388 604 423 643 «
469 577 660 655 drali,
704 576 807 643 vel
851 576 932 643 ad
970 575 1183 643 solum
1220 578 1459 663 spectet
1506 572 1890 664 capitulum,
1919 570 2022 638 vel
2061 575 2135 637 ut
2176 569 2543 660 plurimum
2592 571 2666 639 ad

389 710 426 749 «
472 684 685 751 solum
717 680 979 749 attineat
1006 680 1429 771 Episcopum.

481 814 513 852 «
559 788 952 869 Quamvis...
1001 791 1327 876 receptum
1370 788 1672 875 appareat
1719 783 1971 873 (viqore
1995 779 2284 872 praefati
2318 790 2535 847 temtus
2562 802 2669 848 seu

391 919 422 958 «
458 894 698 983 qlossoe
739 893 809 957 in
855 902 1059 981 caput
1108 892 1272 957 Cum
1311 889 1582 956 ecelesia
1641 886 2097 976 Vulterrcma),
2126 885 2507 975 hujusmodi
2563 887 2669 975 jus

391 1023 425 1063 «
471 997 874 1066 simultaneae
910 995 1269 1062 collationis
1308 996 1530 1062 locum
1576 994 1813 1061 habere
1860 995 1930 1060 in
1972 993 2110 1060 istis
2151 991 2584 1081 portionibuS‚
2616 998 2670 1059 et

390 1127 423 1165 «
470 1102 769 1191 generice
826 1102 895 1167 in
946 1101 1477 1191 quibuscumque
1524 1097 2423 1183 beneficiisinferioribus...,
2455 1102 2668 1164 tamen

385 1232 421 1273 «
474 1229 607 1275 non
653 1207 939 1274 defecere
993 1209 1296 1275 contrarii
1347 1213 1687 1275 assertores
1737 1205 2065 1274 acerrimi.
2115 1230 2148 1269 »
2211 1203 2418 1295 (Rota,
2458 1224 2669 1271 coram

377 1313 685 1397 Ansald0‚
715 1312 1037 1380 decisione
1065 1313 1231 1395 252;
1266 1319 1422 1380 tom.
1453 1312 1563 1396 111,
1593 1311 1679 1381 23
1700 1312 1876 1403 junii
1910 1309 2140 1396 1702.)

469 1418 563 1485 Ex
605 1418 813 1485 allatis
853 1417 1260 1485 documentis
1306 1418 1456 1486 satis
1503 1423 1676 1508 patet
1714 1438 1945 1484 verum
1994 1437 2128 1484 esse
2172 1415 2345 1503 quod
2394 1413 2671 1481 affirmat

379 1523 726 1591 cardinalis
759 1522 838 1589 de
875 1521 1079 1611 Luca,
1108 1523 1176 1590 in
1208 1522 1362 1591 Rota
1392 1528 1454 1590 et
1482 1524 1662 1590 curia
1699 1522 1992 1590 Romana
2013 1544 2144 1611 pro
2179 1520 2421 1610 requla
2445 1540 2671 1610 recep-

377 1633 520 1695 tum
554 1629 692 1717 jam
734 1627 990 1723 pridem
1034 1650 1193 1712 esse,
1222 1629 1635 1696 collationem
1683 1627 2181 1716 praebendarum
2229 1631 2292 1692 et
2333 1627 2672 1693 canonica-

379 1740 568 1800 tuum
608 1733 990 1801 cathedralis
1028 1735 1435 1817 simultanee,
1477 1738 1755 1823 spectato
1789 1735 1939 1822 jure
1986 1732 2356 1811 communi,
2394 1731 2478 1798 ad
2521 1729 2670 1819 Epi-

379 1861 655 1929 scopum
685 1845 748 1906 et
778 1838 1143 1928 capitulum
1180 1840 1530 1930 pertinere.
1560 1838 1734 1926 Ergo
1764 1838 1935 1927 quod
1965 1844 2101 1905 erat
2125 1838 2322 1905 colim
2365 1837 2673 1904 sententia

379 1932 851 2034 receptissima,
904 1942 1054 2011 licet
1110 1943 1519 2033 aliquatenus
1575 1950 2016 2029 controversa,
2052 1944 2192 2033 jam
2243 1944 2317 2010 in
2367 1941 2674 2031 requlam

379 2057 661 2118 erectum
702 2055 797 2117 est
834 2056 1010 2117 extra
1045 2051 1545 2118 controversiam
1586 2050 1888 2140 positam,
1918 2071 1956 2116 a
1985 2048 2359 2116 doctoribus
2397 2047 2674 2138 probatae

377 2155 689 2224 doctrinae
718 2157 1119 2223 unanimiter
1147 2161 1498 2247 receptam,
1524 2162 1587 2223 et
1609 2157 1694 2223 ab
1719 2154 2028 2223 omnibus
2051 2154 2422 2222 tenendam.
2574 2168 2577 2171 ·

468 2259 815 2330 Conclusio
844 2268 1060 2329 autem
1093 2262 1205 2330 illa
1227 2262 1307 2330 de
1339 2263 1828 2331 canonicatibus
1859 2268 1922 2329 et
1949 2259 2313 2352 praebendis
2343 2259 2676 2327 cathedra-

379 2367 486 2444 lis,
517 2368 713 2433 etiam
751 2367 1113 2434 extenditur
1148 2368 1227 2433 ad
1277 2367 1643 2455 dignitates.
1682 2394 1716 2432 «
1740 2367 1919 2435 ldem
1958 2366 2309 2434 dicendum
2351 2365 2431 2432 de
2462 2365 2678 2452 digni·

345 2547 348 2550 ,
390 2497 424 2536 «
464 2472 732 2559 tatibus,
770 2473 859 2539 ait
906 2472 1271 2540 Leurenius
1316 2472 1589 2564 (Forum
1624 2473 2027 2563 beneficiale,
2055 2495 2207 2563 pars
2245 2471 2324 2550 Il,
2362 2471 2566 2539 sectio
2605 2469 2672 2550 3,

386 2599 421 2639 «
469 2597 526 2642 c.
557 2577 624 2662 2,
656 2583 881 2664 quaest.
914 2577 1098 2666 670);
1129 2586 1451 2666 quantum
1483 2585 1580 2645 est
1603 2579 1683 2645 de
1708 2581 1861 2667 jure
1887 2580 2249 2661 communi,
2278 2582 2563 2667 spectant
2594 2578 2683 2645 ad

386 2705 423 2744 «
472 2681 880 2749 collationem
909 2683 1369 2750 simultaneam
1413 2683 1718 2773 Episcopi
1748 2690 1810 2751 et
1846 2684 2140 2773 capituli.
2188 2682 2467 2773 (Garoia,
2498 2703 2569 2770 p.
2609 2681 2674 2763 5,

386 2810 423 2850 «
470 2808 528 2854 c.
583 2786 626 2852 4
652 2838 670 2870 ,
725 2808 796 2853 n.
856 2787 945 2854 20
998 2825 1088 2839 -
1144 2790 1327 2877 juxta
1391 2789 1783 2856 decisionem
1832 2789 2008 2858 Rotae
2065 2791 2137 2856 in
2202 2787 2681 2855 Tarraconensi

388 2916 422 2956 «
469 2890 510 2956 9
526 2892 705 2981 junii
738 2892 908 2959 1600
936 2916 952 2973 ;
987 2899 1049 2959 et
1072 2893 1389 2961 Abbatem
1416 2893 1976 2978 panormitanum,
2006 2895 2074 2961 in
2102 2916 2163 2962 c.
2203 2894 2377 2960 Cum
2405 2891 2679 2960 ecclesia

393 3019 427 3058 «
484 2994 908 3080 Vulterrana,
931 2996 1027 3065 De
1051 2997 1407 3089 electione).
1444 3023 1481 3063 >³

1454 3243 1573 3320 §4

453 3390 522 3428 Ex
551 3390 771 3429 ORIGINE
799 3393 903 3429 AUT
929 3394 1332 3433 CONSUETUDINE
1362 3397 1552 3435 POTEST
1590 3399 1843 3438 COLLATIO
1874 3400 2281 3439 PRAEBENDARUM
2324 3400 2394 3438 AD
2430 3399 2611 3438 SOLUM

834 3489 1123 3530 EPISCOPUM
1155 3493 1253 3530 VEL
1285 3495 1354 3530 AD
1381 3494 1554 3532 SOLUM
1594 3496 1895 3536 CAPITULUM
1926 3497 2222 3536 PERTINERE

481 3664 514 3702 «
560 3638 880 3709 Potest....
919 3646 1415 3732 praebendarum
1454 3648 1707 3716 collatio
1751 3650 1829 3716 ad
1869 3650 2079 3716 solum
2109 3646 2543 3737 Episcopum,
2577 3645 2687 3712 vel

392 3770 426 3810 «
471 3747 832 3837 capitulum
880 3749 1195 3838 pertinere
1238 3748 1606 3840 (Fagnanus
1649 3752 1720 3819 in
1763 3774 1822 3819 c.
1875 3753 2040 3819 Cum
2083 3750 2356 3818 eeclesia
2416 3750 2690 3818 Vulter-

391 3874 425 3913 «
473 3873 669 3937 rema,
690 3852 782 3920 De
811 3853 1165 3943 electione).
1189 3855 1269 3922 Et
1296 3858 1349 3924 si
1374 3863 1896 3948 constare‘posset
1918 3857 2091 3947 quod
2121 3858 2388 3925 illarum
2412 3856 2690 3938 erecti0‚

392 3979 428 4017 «
475 3976 607 4021 non
652 3979 726 4023 ex
757 3960 929 4029 dicta
971 3963 1312 4029 communi
1352 3985 1563 4031 massa
1593 3965 1905 4054 (loquitur
1935 3964 2046 4031 hic
2083 3962 2580 4031 Scarfantonius
2611 3961 2699 4028 de

391 4083 426 4121 «
473 4080 682 4127 massa
709 4065 1045 4133 communi
1093 4066 1262 4133 inter
1304 4066 1697 4159 Episcopum
1729 4078 1791 4138 et
1819 4067 2226 4161 capitulum),
2255 4068 2365 4135 sed
2395 4088 2474 4133 ex
2518 4089 2701 4157 par-

392 4187 426 4228 «
471 4161 728 4230 ticulari
771 4171 1035 4257 capituli
1078 4170 1298 4241 effecta
1334 4174 1577 4259 fuisset,
1606 4175 1709 4243 vel
1736 4176 1792 4244 si
1830 4176 2074 4243 adesset
2102 4174 2414 4241 diuturna
2446 4177 2513 4237 et
2560 4173 2701 4238 im-

392 4295 427 4333 «
473 4269 909 4338 memorabilis
955 4275 1384 4358 observantia,
1424 4291 1538 4370 per
1578 4304 1777 4370 quam
1825 4286 2156 4372 appareret
2191 4278 2366 4368 quod
2416 4278 2699 4366 capitu-

393 4400 429 4439 «
473 4374 610 4443 lum
642 4377 855 4445 solum
882 4378 1245 4447 collationes
1272 4386 1646 4475 explevisset
1673 4388 1913 4478 absque
1941 4388 2310 4455 interventu
2336 4382 2701 4474 Episcopi,
