2930 4982
395 317 520 374 570
1324 355 1331 364 ·
1365 321 1713 371 nmrxrus

388 453 500 515 tur
543 445 739 514 etiam
784 442 1154 512 reverendae
1203 466 1317 511 seu
1370 445 1764 527 licentiale5‚
1814 449 1969 512 sunt
2018 442 2147 509 illae
2197 465 2343 531 quae
2394 446 2688 535 aliquem

392 554 735 624 absolvunt
761 550 846 619 ab
871 549 1271 640 obligatione
1307 551 1954 642 recipiendi=ordines
1976 570 2014 616 a
2040 550 2318 639 proprio
2337 549 2685 643 Episcopo,

389 660 491 729 vel
516 659 706 727 etiam
731 657 817 724 ab
842 655 1246 745 obligatione.
1264 655 1683 748 subjectionis
1705 655 1864 745 erga
1888 651 2231 746 proprium
2258 649 2684 749 Episcopum.

391 764 599 835 Potest
627 763 919 833 accidere
942 785 1128 831 casus
1159 764 1227 831 in
1258 787 1392 853 quo
1421 765 1659 853 aliquis
1689 786 1724 831 e
1748 763 2003 830 dioecesi
2043 765 2254 857 cujus¹
2273 764 2453 834 sedes
2480 774 2685 853 vacat,

387 872 666 964 postulet
693 876 947 940 tantum
975 870 1213 939 litteras
1245 871 1730 954 testimoniales,
1760 892 1890 937 non
1923 870 2595 949 autemdimis'soriaS.
2622 873 2689 942 Si

388 1000 623 1069 nempe
664 980 807 1068 jam
853 976 1232 1045 obtinuisset
1279 1000 1317 1044 a
1366 976 1529 1046 Sede
1582 976 1957 1068 Apostolica
2002 976 2371 1044 facultatem
2428 979 2687 1049 ordines

388 1084 753 1175 accipiendi
801 1083 885 1150 ab
928 1089 1194 1152 externo
1249 1079 1986 1175 Episcopo,'indigeret·
2023 1074 2482 1151 nihilominus
2516 1089 2687 1154 testi-

390 1192 616 1259 monio
642 1188 967 1257 Ordinarii
1014 1187 1186 1256 circa
1228 1189 1615 1280 probitatem
1659 1194 1721 1255 et
1760 1207 1995 1271 moreat,
2026 1190 2211 1276 juxta
2235 1190 2512 1257 ‘citatum
2547 1190 2688 1260 Tri·

389 1297 670 1364 dentinae
703 1294 931 1383 synodi
963 1294 1321 1362 decretum.
1356 1295 1690 1376 Quaeritur
1731 1317 1886 1383 ergo
1930 1289 2158 1388 utrum
2192 1285 2480 1364 vicarius
2517 1298 2686 1387 capi·

387 1400 642 1485 tuleris,
667 1402 820 1469 licet
849 1399 945 1492 (ut
975 1401 1148 1469 infra
1176 1401 1448 1492 dicetur)
1479 1419 1610 1469 non
1646 1401 1841 1492 possit
1880 1401 2092 1491 primo
2125 1423 2298 1468 anno
2335 1404 2686 1473 concedere

386 1507 785 1577 dimissorias
807 1561 826 1592 ,
888 1510 1088 1599 possit
1155 1515 1370 1578 tamen
1442 1510 1694 1578 tradere
1770 1508 2155 1599 hujusmodi
2226 1510 2686 1578 testimoniales

389 1615 656 1683 litteras.
1729 1639 1732 1642 ·

477 1716 1027 1810 Respobdendum
1056 1721 1439 1788 affirmative
1470 1727 1688 1788 tenent
1713 1721 2155 1789 communiter
2183 1720 2495 1805 doctores,
2525 1745 2683 1791 con-

386 1831 482 1892 tra
511 1824 811 1893 Garciam
837 1827 950 1913 qui
983 1827 1053 1892 in
1078 1827 1204 1894 hoc
1232 1827 1733 1916 derelinquitur.
1766 1828 1833 1896 Si
1864 1851 2102 1919 nempe
2130 1828 2367 1917 aliquis
2396 1830 2632 1897 habeat
2653 1854 2691 1899 a

387 1924 695 1994 Pontifioe
723 1927 824 1994 vel
848 1949 885 1993 a
906 1925 1153 1994 Nuntio
1191 1928 1563 2019 Apostolico
1599 1930 1971 1997 facultatem
2015 1952 2127 1996 seu
2160 1929 2595 2016 dimissoriaS‚
2621 1937 2691 1998 ut

384 2056 424 2101 a
451 2054 870 2122 quocumque
894 2031 1212 2123 Episcopo
1235 2041 1498 2102 externo
1521 2035 1808 2103 ordinari
1832 2035 2062 2117 valeat,
2091 2040 2297 2125 potest
2324 2038 2687 2125 capitulum

388 2139 490 2206 vel
513 2139 797 2208 vicarius
815 2140 1190 2230 capitularis
1210 2142 1337 2231 ipsi
1353 2143 1506 2209 dare
1523 2142 1769 2210 litteras
1797 2143 2279 2210 testimoniales,
2302 2141 2690 2211 Tridentina

387 2245 569 2313 enim
615 2247 900 2334 synodus
944 2248 1309 2335 praescribit
1352 2255 1609 2316 tantum
1641 2255 1716 2317 ut
1753 2248 2136 2339 hujusmodi
2177 2242 2410 2315 litteras
2441 2250 2700 2317 -dentur

388 2350 471 2418 ab
495 2349 874 2438 Ordinari03
906 2352 1017 2419 sed
1046 2352 1379 2420 Ordinarii
1405 2356 1674 2422 nomine
1707 2356 1888 2421 venit
1917 2353 2279 2445 capitulum
2311 2361 2377 2421 et
2411 2356 2690 2423 vicarius

392 2456 793 2546 capitularis,
822 2457 969 2525 sede
997 2465 1278 2527 vacante.

480 2558 556 2626 11.
601 2564 890 2641 Quaestio
921 2562 1000 2630 de
1029 2565 1272 2632 litteris
1299 2565 1719 2634 dimissoriis.
1751 2605 1842 2618 —-
1871 2565 1977 2636 Sic
2002 2562 2283 2634 decrevit
2304 2565 2684 2636 Tridentina

389 2663 672 2751 synodus
731 2688 747 2730 ε
819 2669 970 2735 Νοη
1027 2668 1226 2734 liceat
1278 2672 1593 2760 capitulis
1648 2672 2113 2752 ecclesiarum,
2175 2672 2314 2740 sede
2364 2685 2671 2757 vacante,

391 2769 587 2860 infra
632 2794 890 2838 annum
935 2796 977 2839 a
1025 2771 1128 2840 die
1171 2776 1567 2858 vacationis,
1606 2776 1969 2868 ordinandi
2008 2778 2347 2846 licentiam
2387 2791 2511 2845 aut
2560 2779 2684 2846 lit·

393 2888 568 2943 teras
619 2876 1038 2946 dimissorias
1085 2902 1200 2947 seu
1251 2880 1635 2949 reverendas
1657 2935 1673 2966 ‚
1727 2895 1806 2949 ut
1851 2885 2071 2974 aliqui
2109 2897 2349 2975 vocant
2396 2885 2418 2974 ζ
2419 2897 2563 2952 tam
2605 2908 2685 2954 ex

377 2983 566 3072 juris
599 2986 975 3053 communis
1018 2986 1483 3079 dispositione,
1524 3012 1730 3078 quam
1768 2989 1980 3056 etiam
2016 2991 2302 3080 cujusvis
2325 2992 2685 3082 privileqii

391 3102 516 3157 aut
574 3090 1079 3163 consuetudinis
1130 3093 1375 3183 viqore)
1435 3095 1670 3174 alicui,
1732 3095 1852 3184 qui
1910 3095 2209 3186 beneficii
2264 3097 2683 3164 ecclesiastici

390 3199 638 3287 recepti
679 3199 812 3266 sive
857 3196 1227 3288 recipiendi
1268 3200 1607 3267 occasione
1651 3212 1953 3269 arctatus
1989 3225 2124 3269 non
2167 3204 2415 3292 fuerit,
2466 3226 2681 3272 conce·

389 3300 539 3368 dere
567 3328 591 3368 .·
619 3305 682 3370 si
708 3327 888 3371 secus
912 3304 1068 3392 fiat,
1107 3305 1491 3394 capitulum
1526 3308 2024 3374 conti-dveniens
2062 3309 2495 3377 ecclesiastico
2528 3310 2683 3377 snb·

373 3405 603 3494 jaceat
649 3407 1000 3474 interdicto
1040 3434 1064 3475 .·
1109 3421 1174 3476 et
1217 3412 1311 3477 sic
1353 3411 1682 3492 ordinati,
1715 3414 1778 3480 si
1815 3414 1888 3480 in
1936 3414 2304 3501 minoribus
2341 3416 2682 3484 ordinibus

391 3512 744 3580 constituti
797 3513 1087 3603 fuerint,
1132 3515 1330 3580 -nullo
1374 3516 1746 3613 privileqio
1803 3520 2120 3601 clericali,
2172 3516 2562 3611 proesertim
2612 3525 2680 3599 in

391 3619 853 3687 criminalibus
875 3618 1269 3721 qaudeant:
1297 3621 1371 3687 in
1390 3623 1765 3712 majoribus
1787 3647 1960 3709 vere,
1990 3626 2076 3693 ab
2100 3629 2485 3696 executione
2503 3628 2680 3696 ordi-

390 3750 559 3794 num
590 3726 685 3795 ad
721 3726 1210 3816 beneplacitum
1231 3728 1456 3816 futuri
1492 3729 1786 3797 Praelati
1819 3731 1964 3798 sint
2005 3731 2330 3829 ipsojure
2356 3735 2678 3825 suspensi.

391 3831 597 3920 (Sess.¹
614 3833 682 3920 7,
710 3855 769 3901 c.
809 3832 913 3899 10.
922 3831 945 3923 )
985 3828 1140 3900 Haec
1168 3834 1505 3933 dispositio
1533 3837 1766 3904 iterum
1800 3838 2075 3906 habetur
2107 3860 2258 3906 cum
2289 3842 2679 3930 'quibusdam

390 3940 884 4039 complementis
929 3938 999 4005 in
1045 3941 1405 4030 capite-10
1426 3940 1727 4035 sessionis
1764 3942 1875 4012 23.
1912 3943 2030 4012 His
2069 3946 2447 4036 praemissiS‚
2481 3952 2683 4040 potest

385 4042 558 4110 circa
588 4045 982 4135 propositam
1006 4036 1475 4135 quaestionem
1447 4071 1561 4138 Jus
1583 4052 1817 4140 exponi
1840 4051 1967 4118 hoc
1994 4052 2209 4119 modo.

466 4146 735 4245 Primo.
785 4148 953 4218 Ante
1003 4155 1358 4223 concilium
1406 4156 1867 4224 Tridentinum
1905 4163 2162 4248 poterat
2203 4180 2279 4226 ex
2310 4161 2465 4249 Jure
2509 4182 2681 4228 com·

389 4242 578 4322 muni
608 4253 972 4342 capitulum
1018 4260 1117 4326 vel
1160 4262 1438 4330 vicarius
1485 4263 1860 4353 capitularis
1896 4250 2247 4332 concedere
2283 4265 2679 4334 dimissorias

387 4379 500 4425 seu
546 4358 909 4427 facultatem
948 4365 1306 4452 recipiendi
1342 4369 1603 4436 ordines
1648 4390 1859 4437 sacros
1900 4369 1984 4436 ab
2029 4375 2289 4439 externo
2330 4367 2670 4461 Episcopo,
