2930 4982
1164 332 1240 377 nr.
1286 330 1614 378 cunnus.
2406 323 2530 385 503

244 475 347 522 res
372 451 644 520 vicarios
663 448 1048 540 capitulares
1066 449 1441 540 deputandi,
1470 449 1612 538 juri
1633 449 1973 519 communi
2012 450 2226 540 quoad
2250 448 2317 518 id
2346 452 2534 520 ‹lero-

241 559 486 650 gando‚
541 557 895 647 legitimam
947 557 1350 625 reddidisset.
1386 555 1574 636 Quod
1623 563 1835 625 autem
1866 556 2059 626 Sacra
2103 556 2536 647 Congregatio

242 663 510 733 concilii
535 663 798 750 aliquod
832 660 1247 751 provincialis
1273 660 1539 729 concilii
1562 660 1897 728 decretum
1922 662 1998 729 de
2017 683 2083 730 se
2111 662 2372 730 nullum
2403 684 2538 731 non

243 770 551 858 corrigat,
586 769 958 855 nullatenus
987 768 1084 835 illi
1109 768 1363 836 decreto
1387 767 1675 835 valorem
1703 767 1979 857 supplet.
2344 860 2347 863 Δ

343 874 647 967 Objz'cieS.
701 913 792 927 —
834 873 975 942 Nisi
1010 874 1210 944 Sacra
1232 874 1664 964 Congregatio
1709 873 2075 961 legitimam
2122 875 2539 945 existimasset
2606 866 2613 876 ’

239 982 626 1053 hodiernam
654 980 878 1049 Galliae
905 982 1155 1071 praxim
1183 981 1402 1073 plures
1429 979 1785 1071 deputandi
1808 977 2085 1047 vicarios
2127 981 2537 1070 capitulareS‚

240 1089 621 1157 correxisset
642 1088 872 1178 procul
895 1088 1094 1155 dubio
1124 1087 1317 1155 verba
1347 1087 1775 1155 conciliorum
1795 1085 2303 1176 provincialium
2337 1107 2544 1177 nuper

236 1194 614 1267 habitorum
640 1245 659 1276 ‚
718 1193 955 1281 quibus
1011 1216 1086 1260 ea
1140 1194 1351 1283 praxis
1398 1191 1691 1281 legitima
1745 1191 2230 1283 pronuntiatur.
2282 1229 2403 1281 —‘
2427 1191 2545 1261 Re-

238 1301 563 1391 spondeo:
585 1300 801 1368 Potuit
823 1321 955 1367 non
983 1300 1304 1390 corrigere
1331 1300 1415 1367 ob
1444 1298 1879 1390 prudentiales
1905 1299 2221 1383 rationes3
2257 1320 2331 1366 eo
2361 1300 2536 1388 quod

240 1412 654 1497 nempetunc
679 1407 975 1474 nondum
1002 1414 1447 1526 opportunum
1474 1405 1937 1472 existimaverit
1959 1404 2373 1523 illegitimam
2395 1427 2544 1496 pro-

240 1513 550 1581 nuntiare
577 1512 817 1579 dictam
840 1512 1066 1580 Galliae
1097 1512 1374 1601 praxim.
1415 1510 1740 1578 Caeterum
1773 1511 1946 1599 quod
1975 1531 2118 1577 eam
2149 1511 2403 1601 praxim
2426 1533 2543 1601 pro

241 1616 587 1707 illegitima
614 1617 869 1700 habeat,
902 1638 1192 1707 expresse
1219 1615 1566 1685 declaravit
1593 1621 1812 1707 postea
1827 1638 1944 1705 per
1967 1615 2187 1684 citatas
2212 1616 2292 1684 ad
2323 1615 2543 1684 Cardi

243 1723 465 1789 nalem
494 1721 764 1790 Gousset
789 1722 1054 1789 litteras.

334 1826 876 1896 Concludendum
922 1827 1127 1916 igitur
1172 1828 1539 1918 legitimam
1574 1849 1707 1895 non
1747 1825 2004 1917 probari
2036 1825 2288 1917 praxim
2329 1827 2535 1911 illam,

240 1955 320 2000 ex
351 1955 424 2001 eo
452 1934 624 2022 quod
656 1935 880 2002 decem
913 1935 1101 2002 dictae
1134 1935 1566 2024 provinciales
1595 1933 1825 2021 synodi
1854 1954 1999 2000 eam
2029 1933 2391 2020 legitimam
2433 1936 2542 2003 de-

240 2040 651 2121 claraverint,
683 2046 744 2105 et
785 2062 860 2107 ex
898 2060 972 2105 eo
1001 2040 1177 2127 quod
1219 2039 1564 2107 declaratio
1603 2039 1714 2105 illa
1760 2043 2048 2106 correcta
2095 2059 2229 2105 non
2272 2039 2470 2104 fuerit
2509 2059 2546 2105 a

239 2143 440 2212 Sacra
459 2145 971 2234 Congregatione
994 2145 1283 2212 concilii.

334 2248 710 2317 Pnoposmo
744 2251 833 2317 5³.
869 2288 956 2301 --
984 2251 1322 2339 Leqilima
1351 2272 1487 2317 non
1503 2248 1840 2339 probatur
1868 2248 2105 2316 Gallice
2121 2249 2369 2338 pramis
2386 2250 2541 2339 plu-
2591 2302 2596 2307 .

240 2376 345 2422 res
381 2355 755 2445 deputandi
796 2354 1081 2422 vicarios
1122 2355 1550 2446 capitulareS,
1585 2378 1664 2420 εχ
1695 2378 1764 2421 eo
1795 2352 1973 2443 quod
1997 2379 2039 2421 a
2068 2365 2360 2444 tempore
2397 2378 2543 2423 con-

244 2459 509 2528 cordali
527 2459 718 2529 Sedes
737 2462 788 2528 A
791 2461 1019 2552 postol
1023 2462 1123 2529 ica
1146 2484 1297 2529 cum
1325 2460 1588 2528 vicariis
1617 2460 2108 2551 capitularibus
2116 2461 2328 2551 juoeta
2349 2461 2541 2530 illam

231 2567 517 2657 praxim
537 2567 871 2658 deputatis
890 2569 1097 2657 eqerz't
1104 2566 1385 2658 perinde
1407 2590 1484 2633 ac
1503 2567 1564 2632 si
1584 2566 1873 2656 leqitime
1896 2566 2210 2655 deputati
2223 2567 2532 2656 fuissent.

239 2709 333 2721 —
359 2672 683 2761 Equidem
718 2695 755 2739 a
791 2679 1080 2762 tempore
1108 2673 1479 2740 concordati
1509 2675 1663 2738 anni
1693 2672 1889 2755 1802,
1926 2672 2076 2738 licet
2115 2673 2357 2762 plures,
2397 2677 2542 2743 sede

239 2785 530 2863 vacante,
568 2779 790 2845 vicarii
816 2778 1200 2864 capitulares
1227 2778 1525 2869 deputari
1569 2779 1739 2845 soliti
1777 2779 1929 2859 sint,
1965 2777 2044 2844 ad
2071 2800 2177 2844 eos
2215 2780 2541 2869 rescripsit

243 2881 442 2950 Sedes
486 2884 885 2972 Apostolica,
931 2891 993 2951 et
1039 2908 1194 2952 cum
1238 2886 1327 2952 eis
1373 2886 1505 2973 egit
1559 2885 1785 2950 eodem
1843 2884 2035 2951 modo
2084 2905 2158 2950 ac
2223 2886 2276 2951 si
2332 2887 2540 2955 valida

243 2994 306 3053 et
335 2988 629 3077 legitima
667 2989 892 3056 suisset
933 3013 1161 3056 eorum
1188 2991 1431 3058 electio.
1468 2990 1628 3071 Quae
1675 2989 1855 3057 Sedis
1888 2990 2274 3082 Apostolieae
2305 2992 2538 3080 agendi

243 3093 409 3160 ratio
435 3096 511 3160 ad
532 3100 919 3184 praesentem
947 3117 1150 3184 usque
1171 3096 1343 3161 diem
1377 3095 1472 3186 (1)
1506 3096 1952 3184 perseveravit.
1990 3096 2144 3163 lude
2168 3103 2380 3162 tamen
2409 3119 2542 3164 non

244 3201 573 3268 evincitur
611 3201 969 3289 legitimam
1019 3222 1152 3267 esse
1192 3200 1433 3267 dictam
1489 3199 1712 3267 Galliae
1767 3200 2044 3289 praxim.
2104 3200 2317 3268 Potuit
2361 3203 2540 3269 enim

246 3299 438 3370 Sedes
475 3305 869 3394 Apostolica,
907 3305 1058 3372 licet
1096 3305 1338 3373 dictam
1383 3305 1636 3394 praxim
1676 3303 2090 3391 illegitimam
2121 3306 2537 3394 reputaverit,

246 3408 329 3476 ob
388 3411 823 3499 prudentiales
861 3412 1138 3478 rationes
1190 3433 1333 3478 earn
1368 3410 1618 3477 silendo
1658 3408 1951 3492 tolerare,
2002 3432 2076 3477 ac
2109 3409 2333 3477 Galliae
2363 3410 2540 3500 capi-

243 3516 375 3583 tula
402 3516 475 3582 in
500 3539 615 3582 sua
640 3517 809 3583 bona
834 3517 958 3582 [ide
981 3518 1373 3605 relinquere,
1411 3516 1619 3582 donec
1649 3516 2144 3604 opportuniores
2174 3517 2254 3608 ad
2297 3516 2362 3583 id
2403 3538 2540 3582 eor-

246 3619 598 3707 rigendum
644 3621 1148 3687 circumstantiae
1196 3621 1671 3687 successissent.
1731 3620 1978 3687 interea
2025 3621 2207 3687 enim
2277 3621 2537 3687 nullum

247 3722 398 3791 inde
422 3725 750 3792 oriebatur
786 3747 979 3813 grave
1019 3725 1484 3792 detrimentum
1514 3749 1531 3809 ;
1571 3726 1898 3815 siquidem
1948 3727 2031 3793 ob
2066 3727 2327 3794 titulum
2364 3728 2538 3796 colo-

244 3832 460 3894 ratum
504 3830 584 3895 iis
617 3829 875 3896 vicariis
926 3830 1394 3919 capitularibus
1434 3831 1859 3921 supplebatur
1900 3832 2300 3921 jurisdicti0‚
2346 3840 2409 3902 et
2454 3835 2537 3903 ob

242 3928 483 4001 bonam
517 3936 707 4001 fidem
730 3936 910 4002 omni
937 3937 1128 4025 culpa
1150 3937 1407 4005 vacabat
1434 3939 1576 4005 haec
1599 3938 1769 4028 juris
1801 3941 2173 4007 communis
2206 3942 2527 4010 infractio,

246 4030 427 4113 Quod
451 4045 667 4105 autem
683 4038 873 4107 Sedes
895 4040 1261 4131 Apostolica
1280 4042 1370 4110 sic
1381 4065 1452 4110 ex
1471 4044 1725 4110 silentio
1748 4046 2148 4112 oeconomico
2167 4047 2535 4114 dissimulat

249 4158 319 4208 ac
345 4144 596 4228 tolerat,
627 4169 754 4214 non
794 4148 937 4213 ideo
970 4149 1240 4215 vetitum
1262 4156 1321 4217 et
1349 4151 1615 4217 irritum
1636 4172 1770 4217 esse
1792 4151 2051 4235 desinit,
2086 4154 2141 4219 si
2170 4155 2291 4221 tale
2316 4174 2534 4221 revera

315 4378 374 4441 (1)
411 4380 525 4431 Haec
549 4382 709 4433 scribo
729 4395 903 4452 mense
923 4386 1153 4445 januario
1186 4388 1325 4437 1862.
