2930 4982
394 335 466 390 51
485 332 522 388 0
1307 366 1314 371 ·
1373 333 1714 383 ‘rme‘rnns

1367 522 1744 585 CAPUTX

395 703 673 751 VchRms
735 700 1123 746 CAPITULAms
1179 700 1299 746 NON
1357 698 1574 745 POTEST
1632 694 1932 741 nuruum
1995 693 2085 738 AD·
2133 690 2366 738 CERTUM
2435 695 2669 755 TEMPUS,

681 808 787 853 SED
824 804 1122 851 DBPUTARI
1164 806 1358 851 DEBET
1395 804 1509 850 PRO
1548 800 2096 849 TOTO‘VAGA'I'IONIS
2134 796 2409 845 TEMPORE

481 963 833 1032 Maximam
877 962 1340 1031 connexionem
1383 963 1581 1044 habet
1610 982 1892 1053 praesens
1937 959 2207 1048 quaestio
2246 979 2402 1031 cum
2453 980 2676 1048 praece·

391 1070 607 1152 denti3
639 1071 774 1138 imo
807 1091 925 1138 nec
954 1070 1035 1137 ab
1072 1092 1146 1137 ea
1171 1069 1633 1158 distinguenda
1660 1074 1777 1145 est.
1828 1065 1995 1134 Nam
2022 1065 2410 1153 restringere
2448 1066 2531 1133 ad
2561 1067 2675 1137 ali-

394 1176 566 1266 quod
596 1175 1102 1257 determinatum
1145 1181 1402 1263 tempus
1444 1173 1667 1241 vicarii
1724 1170 2094 1262 capitularis
2131 1169 2671 1258 jurisdictionem,

392 1289 485 1350 est
504 1282 720 1369 aliqua
739 1280 984 1371 species
1029 1302 1260 1347 earum
1308 1280 1781 1361 limitationum
1829 1299 1990 1367 quas
2021 1277 2212 1344 modo
2263 1275 2677 1366 probavimus

392 1408 513 1455 nec
550 1387 742 1454 licere
780 1388 941 1475 jam,
1005 1409 1123 1455 nec
1175 1387 1416 1466 valere,
1460 1386 1785 1477 quidquid
1831 1385 1991 1452 olim
2046 1383 2251 1473 aliqui
2293 1389 2587 1459 auctores
2614 1386 2680 1450 in

392 1493 791 1561 contrarium
819 1493 1155 1560 senserint.
1190 1491 1598 1560 Documenta
1622 1494 1803 1559 enim
1850 1491 2040 1571 allata
2093 1512 2226 1565 non
2274 1489 2681 1579 distinguunt

392 1600 565 1667 inter
591 1599 1025 1668 restrictiones
1071 1598 1485 1688 hujusmodi,
1511 1588 1629 1666 sed
1676 1619 1900 1669 omnes
1939 1597 2212 1665 omnino
2241 1596 2514 1667 sublatas
2567 1617 2680 1664 vo-

393 1704 578 1792 lunt3
637 1726 791 1793 ergo
823 1711 887 1771 et
932 1706 1409 1773 restrictionem
1454 1704 1667 1793 quoad
1706 1711 1985 1794 tempus,
2031 1702 2201 1777 Cum
2257 1708 2468 1783 autem
2517 1702 2679 1769 olim

392 1812 824 1878 controversia
858 1811 1141 1900 viguerit
1167 1812 1341 1880 circa
1373 1811 1531 1878 alias
1573 1812 2022 1888 restrictioneS‚
2054 1809 2278 1876 mirari
2325 1830 2461 1876 non
2505 1809 2680 1876 debet

391 1914 594 1984 lector
616 1915 911 1982 eamdem
957 1916 1239 2005 viguisse
1291 1917 1537 2007 pariter*
1572 1917 1786 2005 quoad
1822 1915 2294 1984 restrictionem
2349 1915 2674 2005 temporiS,

392 2029 587 2114 prout
609 2023 823 2089 videre
849 2027 944 2090 est
971 2024 1146 2111 apud
1174 2024 1580 2092 Leurenium
1606 2023 1845 2114 (Tract.
1872 2027 1968 2091 De
1992 2022 2312 2113 capitulo,
2344 2021 2495 2090 sede
2515 2045 2672 2103 vac„

395 2127 547 2217 Cap.
584 2128 652 2206 4,
685 2134 912 2215 quaest.
941 2128 1097 2218 555)
1120 2134 1183 2196 et
1208 2131 1383 2220 apud
1401 2128 1749 2218 Pignatelli
1780 2128 1850 2219 (t.
1885 2126 1940 2215 l,
1968 2128 2241 2195 consult.
2277 2127 2421 2218 23).

483 2232 668 2313 Quod
701 2240 953 2300 certum
1002 2239 1084 2301 sit
1123 2236 1514 2324 proscriptas
1565 2234 1760 2301 fuisse
1823 2255 1977 2301 cum
2020 2233 2329 2329 omnibus
2358 2233 2506 2301 aliis
2552 2255 2679 2302 res-

396 2338 724 2406 trictiones
770 2339 985 2427 quoad
1036 2344 1323 2429 tempuS‚
1385 2341 1481 2406 sic
1537 2339 1770 2413 eximie
1815 2340 2076 2430 exponit
2134 2340 2675 2430 praestantissimae

393 2444 566 2513 inter
589 2447 946 2513 canonistas
974 2446 1372 2516 auctoritatis
1394 2446 1759 2532 Gardinalis
1790 2446 1869 2518 de
1892 2446 2086 2525 ,Luca
2113 2468 2128 2515 ε

494 2576 528 2614 «
557 2551 628 2617 In
644 2553 969 2641 plerisque
1000 2553 1283 2620 ecclesiis
1309 2575 1448 2622 mos
1501 2555 1851 2622 inoleverat
1880 2552 2235 2644 deputandi
2265 2553 2576 2619 vicarium
2596 2550 2673 2617 ad

406 2680 439 2719 «
469 2659 749 2746 tempuS,
781 2663 938 2747 puta
967 2660 1047 2727 ad
1072 2681 1352 2745 annum,
1386 2660 1492 2727 vel
1537 2661 1618 2728 ad
1647 2682 1754 2727 sex
1801 2661 1934 2729 sive
1963 2661 2043 2728 ad
2079 2665 2210 2729 tres
2255 2678 2532 2743 menses3
2592 2676 2664 2724 ac

406 2789 440 2828 «
469 2765 659 2831 etiam
688 2771 761 2832 ut
784 2765 1146 2856 capitulum
1168 2766 1385 2834 vicarii
1402 2772 1777 2857 potestatem
1793 2768 1863 2834 in
1883 2767 2187 2858 pluribus
2204 2762 2670 2853 restringendo,

408 2893 442 2932 «
487 2870 705 2959 aliqua
724 2873 1017 2958 graviora
1041 2872 1294 2961 negotia
1321 2872 1445 2940 sibi
1469 2876 1846 2958 reservaret,
1869 2872 2219 2962 pluresque
2236 2872 2390 2939 alias
2414 2870 2595 2958 leges
2620 2873 2673 2936 et

406 2998 439 3035 r<
475 2976 906 3044 restrictiones
958 2978 1157 3046 electo
1199 2978 1702 3069 praescribendo.
1756 2978 1913 3047 Haec
1959 2984 2178 3050 autem
2216 2979 2437 3047 omnia
2488 2976 2670 3046 Sacra

404 3104 439 3143 «
471 3077 899 3169 Congregatio
921 3083 1337 3173 improbavit,
1366 3085 1770 3164 decernendo
1791 3090 1867 3151 ut
1907 3085 2133 3152 electio
2169 3106 2337 3174 pura
2363 3089 2428 3151 et
2478 3103 2669 3172 gene-

407 3208 440 3245 «
473 3184 625 3251 ralis
651 3207 770 3275 pro
798 3192 927 3256 toto
943 3195 1233 3280 tempore
1262 3193 1615 3274 vacationis
1643 3191 1785 3259 fieri
1830 3191 2110 3276 deberet,
2153 3192 2468 3279 denegata
2504 3189 2677 3279 capi-

403 3311 438 3350 «
469 3288 606 3355 tulo
630 3295 933 3377 potestate
961 3317 1080 3383 pro
1109 3295 1294 3362 libito
1318 3298 1665 3364 revocandi
1713 3298 2194 3387 deputationem
2228 3300 2372 3386 jam
2418 3298 2671 3377 factam,

408 3418 440 3456 «
469 3413 542 3458 ac
566 3394 831 3461 alteram
860 3398 1141 3465 faciendi
1172 3401 1544 3467 inconsulta
1572 3403 1711 3490 ipsa
1740 3401 1937 3472 Sacra
1956 3404 2498 3491 Congregatione.
2533 3402 2677 3483 Quae

403 3524 438 3565 c<
467 3506 800 3590 propterea
819 3501 890 3568 in
918 3504 1173 3569 casibus
1220 3504 1289 3569 in
1343 3504 1584 3593 quibus
1614 3511 1987 3598 temporalis
2011 3510 2336 3601 deputatio
2390 3510 2507 3577 fiat
2530 3530 2671 3577 cum

400 3632 436 3673 «
467 3607 844 3697 hujusmodi
869 3608 1410 3692 restrictionibuS,
1445 3614 1799 3694 rescribere
1828 3616 1985 3683 solet
2007 3616 2204 3686 electo
2239 3621 2309 3683 ut
2333 3638 2456 3706 per
2478 3622 2674 3683 totum

406 3739 444 3778 ε(
471 3720 728 3807 tempus
756 3718 1106 3785 vacationis
1128 3718 1462 3785 continuet
1483 3719 1790 3807 neglectis
1817 3720 2326 3789 restrictionibus
2352 3743 2369 3803 ;
2401 3727 2465 3787 et
2490 3740 2680 3810 quan-

407 3844 443 3882 «
470 3821 681 3913 doque
708 3847 783 3893 ex
810 3825 930 3891 ista
958 3846 1150 3893 causa
1171 3824 1544 3914 improbare
1566 3826 1723 3893 solet
1767 3827 2145 3895 electionem
2188 3827 2559 3916 deputando
2584 3828 2678 3892 vi·

407 3946 440 3985 «
474 3930 725 3997 carium
745 3930 1191 4021 Apostolicum
1210 3952 1325 4020 pro
1354 3930 1501 3998 facti
1524 3931 1856 4021 qualitate,
1879 3956 1954 4000 ex
1977 3956 2106 4021 qua
2129 3932 2480 4020 aliquando
2496 3931 2679 3999 etiam

406 4028 821 4116 «ipsummet
872 4037 1149 4105 electum
1193 4037 1482 4127 deputat,
1533 4039 1831 4125 quamvis
1881 4040 2105 4112 electio
2162 4039 2450 4107 invalida
2488 4042 2665 4106 esset.

406 4156 440 4197 c<
467 4131 739 4220 ideoque
769 4146 937 4206 certa
964 4143 1287 4230 generalis
1314 4143 1566 4232 regula,
1601 4144 1992 4233 cuicumque
2018 4145 2194 4212 casui
2237 4143 2664 4234 applicabiliS,

404 4239 738 4343 «desuper
764 4244 963 4307 statui
1009 4270 1140 4314 non
1166 4256 1393 4337 potest,
1423 4272 1578 4316 cum
1602 4255 1811 4318 totum
1840 4252 2114 4342 pendeat
2135 4273 2210 4319 ex
2261 4250 2668 4339 singulorum

409 4368 739 4419 «casuum
770 4345 1303 4434 circumstantiis,
1339 4361 1399 4422 et
1442 4359 1627 4445 juxta
1673 4357 1883 4429 Sacrae
1930 4359 2462 4449 Congregationis
2504 4357 2665 4445 leges
