2930 4982
371 347 408 402 2
417 347 450 405 3
459 347 496 402 2
1369 344 1712 397 ‘rhamnus

363 476 513 545 dem
543 475 862 568 parochus
890 473 960 541 in
995 471 1258 556 habitu,
1302 490 1437 537 non
1487 490 1634 537 vero
1678 474 1825 537 actu
1859 490 1970 537 seu
2001 467 2330 537 exercitio.
2373 467 2534 548 Quae
2559 469 2644 538 sic

367 587 781 675 exponuntur
817 581 885 648 in
948 580 1282 648 Thesauro
1323 575 1810 645 resolutionum
1846 573 2059 645 Sacrae
2115 573 2644 664 congregationis

369 688 666 758 concilii:
1488 700 1495 705 “

465 821 499 861 «
537 794 904 864 Concilium
954 790 1418 860 Tridentinum
1477 790 1779 881 (sessione
1812 792 1877 871 7,
1910 811 1969 857 c.
2028 788 2093 881 7)
2141 788 2427 858 decrevit
2478 790 2650 878 quod

376 928 410 967 «
457 900 759 991 Episcopi
800 898 869 967 in
929 897 1410 989 parochialibus
1461 896 1664 965 unitis
1715 895 2220 983 cathedralibuS‚
2274 894 2647 983 collegiatiS‚

378 1032 411 1072 «
454 1005 859 1073 monasteriis
885 1008 999 1072 aut
1043 1003 1188 1072 aliis
1220 1002 1380 1071 locis
1415 1002 1541 1093 piis
1582 1022 1876 1069 exercere
1924 1000 2209 1069 facerent
2254 1021 2481 1069 curam
2512 1003 2649 1070 ani-

280 1170 288 1177 .
379 1138 412 1177 «
457 1134 716 1180 marum
758 1133 888 1202 per
909 1108 1173 1178 idoneos
1218 1108 1524 1191 vicarios,
1578 1106 1781 1174 etiam
1826 1106 2202 1197 perpetuos.
2266 1107 2326 1173 A
2373 1127 2648 1195 quorum

378 1245 412 1283 ι(
456 1217 805 1286 verborum
850 1222 1070 1283 tenore
1096 1215 1386 1284 inserunt
1425 1213 1719 1283 doctores
1756 1211 2037 1303 pendere
2078 1212 2161 1281 ab
2200 1211 2468 1281 arbitrio
2503 1211 2649 1304 Epi·

378 1350 414 1391 «
459 1324 662 1413 scopi,
692 1345 729 1390 a
758 1321 1264 1391 circumstantiis
1308 1320 1690 1409 regulando,
1732 1318 2216 1409 deputationem
2255 1319 2648 1387 vicariorum

378 1455 415 1496 ι(
459 1429 593 1498 sive
637 1441 1134 1520 perpetuorum,
1184 1429 1317 1498 sive
1361 1428 1850 1520 temporalium.
1895 1451 1930 1491 »
1971 1426 2363 1518 (Thesaurus
2413 1428 2652 1514 resolu5

379 1561 414 1602 «
463 1536 720 1603 tionum
764 1534 831 1604 S.
869 1534 1109 1625 Congr.
1159 1556 1377 1619 conc.,
1423 1541 1472 1602 t.
1520 1535 1631 1618 111,
1672 1558 1738 1626 p.
1791 1533 1971 1624 104.)
2010 1560 2047 1600 α
2074 1533 2350 1603 Sanctus
2387 1534 2545 1603 Pius
2583 1535 2650 1602 in

381 1664 414 1702 «
460 1640 641 1708 bulla
673 1639 800 1710 139
832 1641 1096 1710 bullarii
1143 1646 1299 1710 tom.
1335 1640 1415 1721 ll,
1452 1641 1524 1709 in
1548 1663 1680 1731 qua
1710 1642 2004 1731 loquitur
2040 1641 2118 1709 de
2143 1641 2397 1710 vicariis
2420 1642 2653 1708 consti·

380 1771 414 1810 «
453 1748 707 1815 tuendis
765 1747 836 1815 in
889 1748 1370 1838 parochialibus
1427 1770 1575 1839 quae
1633 1751 1786 1817 sunt
1840 1749 2042 1815 unitae
2090 1747 2390 1838 capitulis
2434 1744 2651 1834 Urbis»,

379 1876 415 1916 «
460 1852 601 1919 vult
655 1853 928 1921 vicarios
973 1876 1106 1924 esse
1153 1860 1539 1946 perpetuos3
1585 1858 1649 1921 et
1673 1854 2021 1943 Fagnanus
2062 1852 2155 1944 (in
2194 1875 2253 1921 c.
2291 1854 2405 1919 Ex
2425 1863 2652 1943 parte,

379 1980 414 2020 α
461 1978 533 2025 n.
561 1956 627 2039 9,
657 1958 753 2027 De
800 1959 1013 2029 officio
1049 1961 1301 2051 vicarii)
1334 1962 1423 2028 ait
1474 1960 1775 2050 expedire
1803 1965 1876 2027 ut
1903 1958 2099 2029 Sedes
2135 1958 2507 2050 Apostolica
2542 1959 2653 2027 de·

379 2086 414 2126 α
460 2069 680 2133 cernat
726 2066 899 2155 quod
959 2066 1238 2157 capitula
1278 2065 1755 2135 cathedralium
1813 2071 1875 2132 et
1920 2064 2407 2155 collegiatarum
2460 2066 2657 2134 eccle-

383 2195 417 2234 «
456 2171 699 2239 siarum
766 2194 993 2241 curam
1061 2173 1437 2240 animarum
1507 2172 1891 2242 habentium
1939 2178 2256 2263 cogantur
2329 2172 2410 2241 ad
2463 2173 2652 2264 depu-

383 2300 417 2339 «
461 2277 688 2345 tandos
705 2279 978 2347 vicarios
1001 2284 1344 2371 perpetuos
1371 2279 1488 2370 qui
1519 2301 1693 2348 curae
1725 2280 2131 2350 incumbant.
2167 2304 2200 2344 »
2242 2278 2648 2368 (Thesaurus,

373 2389 529 2448 tom.
556 2381 665 2469 lll,
695 2407 842 2474 pag.
877 2384 1065 2476 255.)

471 2515 507 2554 «
549 2487 919 2560 Concilium
954 2490 1415 2562 Tridentinum
1455 2494 1536 2562 ad
1561 2493 2039 2585 providendum
2069 2515 2246 2562 curae
2283 2491 2652 2561 animarum

383 2617 417 2658 «
458 2596 679 2663 statuit
707 2595 879 2686 (sess,
913 2597 978 2681 7,
1014 2619 1072 2665 c.
1105 2596 1171 2688 7)
1197 2604 1270 2666 ut
1301 2599 1641 2687 beneficia,
1673 2612 1931 2683 curata,
1960 2604 2143 2668 etc...
2194 2598 2367 2667 Hanc
2391 2597 2656 2665 concilii

380 2725 414 2764 «
460 2700 945 2792 dispositionem
974 2703 1218 2772 nedum
1250 2704 1548 2796 probavit
1573 2703 1640 2773 S.
1675 2705 1829 2774 Pius
1851 2704 1914 2773 V
1936 2706 2010 2772 in
2039 2703 2488 2774 constitutione
2509 2724 2654 2792 quae

382 2831 416 2870 ι(
459 2807 690 2900 incipit
717 2808 830 2876 Ad
853 2809 1324 2899 exequendum,
1358 2810 1528 2880 edita
1559 2810 1716 2880 die1
1749 2810 2133 2880 Novembris
2167 2811 2335 2880 1567
2363 2838 2382 2899 ;
2425 2830 2650 2878 verum

380 2938 415 2979 «
459 2916 653 2984 etiam
697 2915 879 2984 illius
916 2917 1359 2987 executionem
1406 2916 1717 2985 omnibus
1768 2915 2105 3007 Episcopis
2149 2915 2646 2997 commendavit,

379 3044 412 3083 «
450 3019 821 3111 addiditque
851 3028 927 3091 ut
953 3024 1313 3093 nominatio
1352 3024 1579 3092 vicarii
1616 3023 1908 3114 perpetui
1959 3023 2041 3091 ad
2085 3023 2275 3091 illum
2315 3025 2645 3114 spectaret,

379 3149 411 3187 «
453 3125 562 3194 cui
613 3127 916 3215 parochia
962 3136 1097 3197 erat
1136 3131 1341 3200 unita.
1405 3130 1577 3198 Huic
1623 3129 2033 3219 dispositioni
2063 3129 2399 3199 adhaerens
2459 3127 2650 3197 Sacra

378 3255 411 3293 ε(
457 3229 906 3324 Congmgatio,
933 3242 1056 3303 etc.
1088 3261 1123 3301 »
1159 3235 1563 3327 (Thesaurus
1586 3234 1869 3305 resol.·S.
1900 3235 2141 3324 Congr.
2167 3259 2383 3318 conc„
2408 3241 2457 3303 t.
2482 3232 2645 3320 Llll,

465 3468 499 3507 «
543 3441 964 3534 Exploratum
1006 3449 1246 3538 pariter
1272 3451 1343 3517 in
1371 3450 1523 3539 jure
1554 3452 1669 3537 est,
1707 3449 1871 3517 dum
1913 3447 2190 3538 erigitur
2241 3449 2477 3516 vicaria
2510 3468 2649 3538 per-

375 3574 411 3615 «
449 3554 664 3641 petua,
704 3551 1106 3622 habitualem
1127 3576 1352 3624 curam
1381 3555 1662 3624 residere
1695 3555 1963 3646 quidem
1991 3574 2189 3647 penes
2229 3554 2634 3646 capitulum;

372 3680 407 3721 «
452 3662 515 3724 at
541 3657 852 3727 actualem
880 3658 1013 3729 sive
1054 3660 1234 3730 illius
1260 3661 1636 3730 exercitium
1663 3658 2002 3729 transferri
2041 3656 2416 3727 omnimode
2446 3658 2518 3725 in
2549 3656 2648 3724 vi-

371 3787 405 3826 «
453 3765 702 3835 carium
756 3771 1162 3857 perpetuum.
1220 3766 1393 3837 Hinc
1462 3769 1648 3837 nullo
1699 3767 1892 3837 modo
1961 3771 2167 3859 potest
2231 3762 2643 3858 principalis,

372 3891 404 3928 «
449 3878 660 3957 spreto
699 3871 966 3959 vicario,
1020 3895 1087 3942 se
1136 3875 1430 3963 ingerere
1491 3896 1666 3945 curae
1707 3873 2102 3943 animarum.
2154 3897 2189 3938 »
2251 3871 2649 3962 (Thesaurus

361 3972 550 4039 resol.
586 3973 652 4042 S.
688 3974 891 4066 Cong.
930 3999 1144 4062 conc.,
1177 3984 1334 4047 tom.
1367 3978 1635 4064 LXXX,
1668 4003 1819 4073 pag.
1850 3980 1969 4049 161
2003 3985 2065 4046 et
2092 3976 2283 4067 262.)

449 4074 564 4144 His
591 4085 963 4173 praemissis,
998 4084 1302 4155 solvenda
1328 4088 1616 4155 occurrit
1644 4088 1955 4177 quaestio:
1988 4087 2069 4155 ad
2098 4106 2297 4175 quem
2332 4081 2651 4174 pertineat

360 4180 594 4272 eligere
629 4204 740 4251 seu
784 4191 1122 4261 nominare
1160 4192 1538 4284 hujusmodi
1581 4194 1953 4263 vicarium?
1989 4194 2096 4260 An
2136 4192 2217 4259 ad
2248 4188 2644 4277 capitulum,

360 4308 445 4359 an
467 4290 547 4359 ad
576 4287 967 4385 Episcopum
986 4297 1020 4364 ’ἰ
