2930 4982
349 347 478 406 ⁴92
1239 340 1246 347 '
1306 350 1652 398 ‘rnAc‘rAws

355 501 393 541 ι(
424 472 988 557 immemorabilis,
1021 473 1350 562 agendum
1375 493 1528 540 cum
1554 469 2002 552 Sanctissimo‚
2033 494 2117 542 an
2137 495 2275 542 eam
2293 473 2449 542 velit
2475 474 2629 543 sub-

356 582 630 650 «latam.
674 578 1136 650 Sanctissimus
1174 578 1506 668 respondit
1554 578 2095 646 consuetudinem
2138 579 2634 648 immemorabi-

350 713 384 753 «
410 688 568 765 lem,
590 687 646 754 si
663 686 969 774 legetime
996 684 1329 774 probetur,
1363 706 1494 753 non
1523 706 1658 752 esse
1687 683 2011 752 sublatam
2033 706 2072 752 a
2098 685 2416 774 concilio;
2453 686 2631 753 ideo-

351 819 386 859 «
413 810 539 884 que
577 792 1091 883 permittendum
1122 811 1257 858 esse
1302 797 1374 859 ut
1415 793 1601 880 juxta
1642 812 1786 858 eam
1829 789 2229 859 dquVicarii
2271 793 2628 882 eligantur,

352 926 387 965 α
418 921 572 968 cum
613 898 744 965 illis
778 903 991 965 tamen
1017 896 1456 987 ,qualitatibus
1481 918 1644 985 quas
1688 895 1909 986 ipsum
1941 896 2300 964 'concilium
2328 899 2626 988 requirit.

351 1032 389 1072 ι(
415 1004 603 1075 Unde
635 1009 849 1095 postea
877 1004 948 1071 in
986 1014 1175 1073 causa
1204 1001 1663 1071 Panormitam
1700 1002 2027 1095 proposito
2059 1002 2286 1088 dubia,
2328 1005 2631 1095 rin-'capi-

355 1113 659 1191 «tulum,
704 1110 851 1179 sede
892 1115 1182 1191 vacante,
1220 1106 1386 1179 duos
1423 1108 1698 1177 vicarios
1737 1109 2124 1177 constituere
2151 1112 2375 1199 possit,
2424 1116 2503 1177 ut
2542 1110 2632 1177 al-

356 1248 390 1283 «
423 1218 619 1287 ternis
658 1215 996 1287 mensibus
1042 1214 1707 1287 vicariatusmunere
1755 1214 2134 1303 fungantur,
2175 1217 2551 1304 praesertim.
2580 1217 2631 1283 si

354 1350 387 1388 ιι
416 1324 503 1393 ita
553 1322 633 1391 ab
680 1320 1189 1393 immemorabili
1225 1328 1532 1417 *tempore
1602 1320 2009 1389 consueverit
2062 1343 2077 1387 ε
2129 1321 2232 1388 die
2295 1321 2385 1388 20
2462 1322 2637 1411 junii

354 1459 387 1496 α
421 1428 592 1497 1589
615 1428 733 1518 (1),
761 1427 953 1497 Sacra
977 1425 1406 1515 Congregatio
1429 1427 1708 1509 censuit,
1741 1428 1795 1494 si
1826 1426 2114 1515 legitime
2141 1427 2455 1516 probetur
2478 1450 2636 1495 con-

352 1563 388 1601 «
422 1535 693 1609 suetudo
734 1533 1271 1605 immemorabilis
1318 1533 1644 1620 deligendi
1676 1532 2055 1622 hujusmodi
2107 1531 2404 1618 vicarioS,
2453 1556 2638 1623 posse

357 1670 390 1708 α
419 1644 641 1730 utique
669 1640 1029 1729 capitulum
1071 1639 1139 1706 in
1170 1662 1243 1707 ea
1273 1661 1709 1729 perseverare3
1754 1638 2181 1711 damiam&
2224 1640 2464 1730 praediti
2482 1641 2659 1711 ,sint

354 1748 562 1818 «illis.
624 1747 1043 1837 qualitatibus
1107 1768 1267 1835 quas
1353 1745 1819 1817 ,Tridentinum
1911 1746 2272 1816 concilium
2315 1748 2643 1838 ..requirit

353 1879 387 1918 «
420 1854 593 1942 (sess.
630 1852 743 1935 24,
772 1873 830 1927 o.-
865 1851 997 1941 16).
1031 1875 1067 1915 »
1686 1904 1689 1911 .
1950 1886 1969 1923 μ
2278 1874 2283 1883 ·

433 1958 673 2027 Tribus
721 1978 876 2045 ergo
924 1956 1242 2046 praedictis
1277 1955 1719 2027 decisionibus
1765 1957 2023 2027 abunde
2071 1961 2318 2053 constat
2371 1978 2410 2025 a
2434 1955 2644 2026 ‘Sacra

345 2064 857 2153 Congregatione
899 2063 1159 2131 concilii
1204 2063 1526 2130 sublatam
1569 2048 1705 2132 esse
1773 2074 2053 2135 omnem
2081 2063 2253 2132 circa
2302 2064 2641 2131 decretum

342 2170 804 2243 Tridentinum
852 2169 1368 2258 ambiguitatem,
1415 2175 1480 2237 et
1512 2172 1600 2239 ita
1640 2171 1803 2241 illud
1854 2171 2181 2239 decretum
2225 2192 2362 2238 esse
2397 2170 2643 2239 intelli·

346 2278 635 2365 gendum
690 2283 764 2345 ut
805 2299 976 2344 unus
1027 2281 1279 2344 tantum
1320 2276 1603 2344 vicarius
1651 2276 2023 2367 capitularis
2068 2276 2365 2369 deputari
2414 2277 2642 2368 possit,

346 2391 605 2474 excepto
637 2406 807 2452 casu
853 2384 1190 2452 contrariae
1249 2389 1312 2450 et
1358 2383 1648 2471 legitime
1696 2385 2082 2473 praescriptae
2125 2384 2642 2453 consuetudinis,

342 2486 567 2576 Neque
591 2489 719 2557 dici
743 2494 947 2577 potest
976 2488 1436 2556 declarationes
1462 2488 1601 2557 illas
1629 2488 2192 2577 restringidebere
2221 2486 2303 2556 ad
2339 2489 2648 2557 circum-

344 2583 607 2661 stantias
629 2594 1054 2683 particulares
1091 2595 1512 2663 ecclesiarum
1559 2618 1707 2684 quae
1739 2618 1963 2664 casum
1996 2595 2366 2663 solvendum
2392 2616 2646 2682 posce-

346 2698 502 2765 bant
536 2721 551 2764 :
590 2703 930 2766 versantur
960 2699 1141 2765 enim
1171 2720 1463 2789 expresse
1492 2701 1665 2768 circa
1698 2723 1963 2770 sensum
2005 2702 2165 2791 legis
2204 2698 2632 2783 Tridentinae,

346 2808 409 2871 et
435 2824 794 2893 quemnam
821 2825 1086 2874 sensum
1111 2803 1346 2872 habeat
1368 2808 1575 2872 textus
1600 2805 1801 2894 hujus
1826 2806 1991 2896 legis
2016 2807 2085 2874 in
2117 2829 2182 2874 se
2203 2804 2651 2873 consideratus

346 2915 564 2998 aperte
592 2910 1046 2977 determinant.
1079 2908 1153 2976 ln
1181 2911 1742 2986 confirmationem
1762 2911 1994 2982 adduci
2010 2905 2214 3003 potest
2235 2910 2356 2978 alia
2375 2911 2646 2997 decisiO,

347 3009 500 3084 licet
524 3014 771 3086 incasu
792 3019 1105 3108 tantisper
1127 3017 1380 3090 diverso
1395 3018 1588 3103 edita,
1617 3024 1678 3086 et
1698 3019 2021 3109 perBreve
2049 3019 2468 3111 pontificium
2494 3041 2648 3087 con-

348 3116 632 3189 firmata.

439 3227 508 3290 4⁰
537 3224 785 3294 Decisio
836 3228 966 3297 diei
1005 3228 1083 3299 31
1124 3231 1283 3298 maii
1320 3231 1517 3311 1625,
1566 3233 1636 3299 in
1668 3253 1859 3302 causa
1899 3232 2197 3304 Limam,
2236 3234 2455 3301 Sacra
2489 3234 2655 3301 Con-

315 3385 320 3390 .
348 3331 658 3416 qreqatz'o
688 3331 1114 3421 adprimum
1147 3337 1433 3416 censuit,
1467 3337 1983 3428 circumscripta
1996 3339 2347 3406 contraria
2372 3361 2651 3407 consue·

353 3430 587 3500 tudine
612 3434 913 3521 leqz'time
929 3439 1360 3527 praescrzpta,
1392 3462 1819 3533 nequaquam
1855 3445 2118 3514 licuisse
2147 3445 2477 3536 capitula,
2508 3442 2655 3514 sede

352 3551 658 3622 vacante,
689 3538 856 3614 duos
867 3542 1168 3610 ‘vicarios
1189 3554 1267 3609 ut
1302 3566 1512 3636 supra
1540 3551 1959 3619 constituere.
1989 3549 2517 3631 Aoi-secundum,
2548 3550 2654 3618 de-

355 3647 572 3718 buisse‘
589 3649 954 3717 necessario
1002 3648 1184 3739 eliqi-
1211 3673 1427 3720 unum
1472 3676 1552 3724 ex
1601 3654 2065 3746 qraduata'sin
2091 3658 2254 3748 jure
2300 3658 2648 3726 canonico·

357 3754 542 3824 Hanc
578 3758 776 3823 etiam
811 3755 1318 3846 *declarationem
1368 3780 1488 3846 ego
1522 3760 1659 3850 ipse
1690 3769 1985 3831 accurate
2023 3766 2409 3854 transcripsi
2438 3786 2514 3832 ex
2544 3785 2660 3831 au-

355 3860 637 3929 thentico
668 3862 1109 3952 manuscripto
1132 3861 1301 3930 libro
1324 3862 1442 3931 Xll
1469 3864 1924 3948 Decretorum,
1971 3868 2123 3940 folio
2160 3869 2320 3955 294,
2366 3891 2404 3936 a
2446 3874 2654 3957 tergo.

357 3959 553 4032 Casus
582 3972 795 4037 autem
818 3990 936 4061 pro
965 3989 1096 4057 quo
1125 3968 1296 4037 edita
1324 3974 1443 4050 est,
1475 3970 1726 4061 integre
1749 3972 2028 4042 refertur
2055 3975 2127 4042 in
2152 3972 2345 4042 Brevi
2370 3973 2662 4064 Emponi

420 4170 483 4233 (ι)
516 4169 607 4220 Est
634 4177 880 4229 mendum
906 4146 1340 4245 typographicam,
1377 4186 1429 4231 et
1457 4181 1732 4244 legendum
1766 4187 1824 4234 21
1856 4181 2052 4249 aprilis
2084 4185 2223 4234 ¹592.
2251 4184 2499 4247 Loquitur
2523 4184 2668 4233 enim

359 4251 533 4316 procul
559 4250 712 4300 dubio
736 4254 1005 4316 Fagnanus
1027 4262 1090 4310 de
1110 4275 1262 4324 supra
1282 4262 1707 4316 relatadecisione
1724 4265 1777 4313 in
1798 4277 1952 4314 causa
1974 4266 2354 4323 Panormitana3
2382 4277 2501 4314 cum
2525 4275 2672 4327 prae-

359 4336 533 4384 sertim
565 4333 618 4380 in
652 4331 787 4382 libris
812 4335 1129 4388 decretorum
1157 4341 1297 4391 nulla
1323 4347 1555 4394 occurrat
1581 4343 1874 4407 hujusmodl
1905 4357 2058 4396 causa
2082 4344 2443 4395 Panormitana
2466 4346 2523 4393 in
2556 4344 2670 4393 toto

359 4424 539 4465 mense
561 4413 694 4474 junii
720 4415 840 4463 anni
870 4414 1012 4465 1589.
