2930 4982
1140 349 1218 394 Du
1265 347 1593 395 cunnus·
2383 338 2506 394 599

223 473 443 537 tenore
489 468 907 560 praesentium
946 469 1357 559 deputamuS,
1392 467 1692 551 facimus,
1729 488 2024 535 creamus
2059 471 2130 533 et
2171 467 2511 536 constitui·

225 595 372 643 mus
431 596 547 664 pro
601 580 890 666 tempore
936 574 1103 643 sedis
1148 574 1431 641 vacantis
1483 596 1501 641 ε
1555 595 1709 641 cum
1758 571 2187 640 omnibusne
2237 573 2511 663 singulis

221 679 675 765 facultatibuS,
732 681 1124 772 privilegiis,
1184 680 1584 767 honoribus,
1640 679 1973 760 oneribuS,
2027 678 2506 765 emolumentis,

223 787 730 876 praeeminentiis
779 793 839 854 et
891 787 1331 878 praerogativis
1380 787 1457 854 ad
1505 786 1892 876 hujusmodi
1932 807 2179 854 munus
2218 808 2517 855 exercen-

222 893 382 960 dum
412 892 671 996 debitis,
697 893 1094 975 necessarii5‚
1123 893 1531 982 opportunis,

310 1001 551 1071 Dantes
597 1002 719 1071 tibi
757 1003 1020 1093 plenam
1055 1010 1118 1071 et
1153 1003 1428 1071 liberam
1481 1006 1857 1092 potestatem
1900 1003 2120 1069 omnia
2158 1006 2221 1068 et
2262 1001 2519 1089 singula

223 1110 566 1179 exercendi
615 1095 759 1198 quae
814 1110 1123 1201 capitulo,
1170 1110 1315 1177 sede
1362 1113 1653 1196 vacante,
1700 1109 1768 1175 in
1816 1114 2093 1199 utroque
2139 1109 2275 1175 foro
2308 1130 2343 1175 a
2368 1109 2519 1197 jure

224 1218 729 1308 permittuntur3
762 1223 822 1283 et
852 1215 1122 1307 proinde
1153 1236 1375 1282 causas
1402 1236 1631 1282 omnes
1659 1220 1791 1282 tam
1820 1215 2043 1283 civiles
2069 1236 2269 1304 quam
2296 1214 2519 1283 crimi-

225 1322 405 1391 nales
454 1327 518 1390 et
564 1322 825 1406 mixtas,
875 1323 1068 1390 etiam
1118 1321 1414 1406 haeresis,
1476 1328 1537 1388 et
1590 1320 2127 1408 matrimoniales,
2182 1320 2516 1403 audiendi,

225 1428 680 1519 cognoscendi,
714 1429 1136 1512 terminandi,
1179 1450 1253 1495 ac
1295 1428 1662 1510 decidendi,
1708 1450 1861 1496 cum
1909 1428 2211 1496 facultate
2251 1449 2520 1494 excom-

225 1537 737 1604 municationem
767 1537 1052 1626 aliasque
1092 1534 1549 1603 ecclesiasticas
1591 1535 1895 1601 censuras
1938 1538 2000 1601 et
2045 1554 2295 1625 poenas,
2326 1533 2520 1600 etiam

228 1664 346 1733 pro
369 1642 787 1711 ecclesiarum
816 1641 1231 1708 immunitate
1260 1645 1321 1706 et
1349 1640 1641 1707 libertate
1677 1639 1942 1722 tuenda,
1973 1639 2222 1707 ferendi
2250 1644 2313 1705 et
2350 1637 2523 1706 infli-

228 1748 457 1836 gendi3
506 1748 971 1834 resignationes
1007 1746 1471 1814 beneficiorum
1520 1767 1673 1813 cum
1718 1767 1912 1813 causa
1949 1745 2333 1834 recipiendi,
2361 1766 2525 1834 prae-

227 1860 506 1923 sentatos
547 1855 628 1926 ad
675 1854 988 1922 beneficia
1024 1852 1568 1942 jurispatronatus
1615 1852 2025 1936 instituendi,
2063 1858 2126 1919 et
2167 1872 2335 1919 nova
2368 1872 2524 1918 cum

226 1960 656 2029 reservatione
679 1959 831 2028 dicti
857 1960 1021 2046 juris
1050 1956 1343 2042 dotandi,
1371 1963 1431 2021 et
1462 1978 1659 2045 super
1686 1957 2047 2023 interstitiis
2080 1955 2519 2046 dispensandi.

227 2064 497 2135 Necnon
535 2088 608 2134 ea
656 2067 879 2132 omnia
927 2062 1226 2141 faciendi,
1277 2061 1635 2128 mandandi
1683 2067 1746 2127 et
1788 2060 2167 2149 exequendi,
2215 2083 2361 2150 quae
2408 2081 2525 2127 nos

226 2171 471 2250 facere,
533 2170 882 2246 mandare,
936 2169 1038 2236 vel
1087 2168 1316 2256 exequi
1368 2189 1712 2257 possumus
1735 2221 1752 2249 ,
1810 2166 2064 2234 etiamsi
2120 2168 2526 2256 requirerent

226 2275 523 2363 speciale.
551 2274 931 2342 mandatum
989 2272 1074 2363 (si
1121 2272 1416 2338 vicarius
1467 2271 1831 2361 deputatus
1875 2294 2012 2338 non
2062 2285 2221 2339 esset
2270 2272 2521 2356 doctor,

225 2378 528 2468 addatur
567 2405 591 2448 .·
640 2402 795 2448 cum
838 2386 981 2447 voto
1026 2383 1243 2448 tamen
1285 2377 1676 2445 consultoris
1724 2376 1941 2445 idonei
1975 2377 2146 2467 juris
2192 2379 2527 2467 utriusque

224 2488 535 2569 doctoris,
569 2488 690 2556 tibi
717 2487 882 2556 hene
906 2487 1056 2570 visi,
1085 2487 1153 2554 in
1187 2484 1637 2553 sententiando
1678 2490 1741 2552 et
1770 2481 2173 2575 procedendo
2217 2486 2298 2553 ad
2343 2491 2527 2554 actus
2605 2564 2623 2573 Ἴ,

229 2616 678 2685 quoscumque
710 2594 1201 2663 irretractabiles
1228 2599 1291 2660 et
1318 2594 1434 2682 qui
1464 2593 1738 2661 consilio
1761 2593 2159 2660 videbuntur
2183 2592 2523 2683 indigere).

231 2701 658 2794 Praecipimus
706 2704 919 2792 itaque
969 2703 1274 2770 universo
1319 2702 1495 2769 clero
1542 2700 1743 2790 hujus
1790 2700 2063 2769 civitatis
2106 2707 2168 2768 et
2209 2702 2525 2787 dioecesiS,

231 2807 507 2896 aliisque
547 2809 748 2896 hujus
789 2807 1075 2875 ecclesiae
1116 2806 1563 2896 jurisdictioni
1610 2805 1941 2894 subjectiS‚
1987 2811 2306 2893 quatenus
2351 2812 2413 2872 te
2457 2805 2526 2872 in

232 2915 557 2981 vicarium
587 2919 649 2978 et
668 2913 1013 2980 officialem
1043 2917 1338 2979 nostrum
1373 2911 1770 3000 generalem,
1799 2916 1873 2976 ut
1899 2911 2338 2999 praemittitur,
2370 2912 2532 2978 reci-

235 3021 438 3110 piant,
482 3019 731 3108 tibique
779 3026 1091 3107 tanquam
1139 3017 1253 3085 tali
1301 3019 1372 3084 in
1420 3016 1732 3084 omnibus
1783 3020 2050 3105 pareant
2099 3021 2161 3082 et
2200 3015 2524 3083 obediant.

235 3125 478 3203 Dantes
529 3125 647 3192 tibi
696 3147 884 3193 voces
932 3133 994 3192 et
1043 3124 1215 3191 vices
1263 3128 1540 3209 nostras,
1593 3122 2094 3190 contradictores
2150 3129 2212 3188 et
2260 3122 2531 3190 rebelles

218 3230 450 3320 ·poenis
475 3236 540 3297 et
568 3230 860 3298 censuris
895 3228 1335 3297 ecclesiasticis
1378 3227 1856 3317 compescendi.
1905 3226 1980 3294 ln
2019 3248 2301 3316 quorum
2339 3227 2532 3294 fidem

238 3342 586 3427 praesentes
639 3337 838 3405 scribi
886 3337 1209 3425 jussimus
1262 3357 1375 3425 per
1433 3334 1606 3401 infra
1662 3335 1979 3424 scriptum
2039 3339 2271 3401 nostrae
2322 3330 2535 3400 Curiae

240 3445 598 3525 notarium,
635 3450 698 3509 et
739 3465 943 3510 manu
988 3443 1250 3533 propria
1299 3440 1834 3531 subscripsimus,
1880 3440 2225 3529 sigilloque
2270 3439 2535 3530 capituli

232 3551 571 3640 jussimus
582 3549 853 3616 muniri.
882 3547 1150 3627 Datum,
1177 3554 1301 3616 etc.

1353 3788 1413 3846 ll

346 3927 611 3991 Quomodo
639 3928 801 4017 aptari
834 3940 923 3989 pos
928 3940 980 3976 se
1010 3926 1243 3975 videatur
1273 3924 1565 3988 praecedens
1596 3922 1815 3973 formula
1841 3922 1906 3972 ad
1931 3925 2228 3985 praesentem
2262 3923 2448 3969 statum

1123 4013 1449 4063 ecclesiarum
1473 4010 1662 4062 Galliae.
2397 4024 2400 4027 ·

350 4174 566 4244 1⁰2Ubi
585 4175 825 4247 dicitur
841 4172 1536 4255 NosArclzidz'aconus,
1552 4169 1996 4238 substituenda
2011 4168 2383 4259 estqnalitas
2402 4186 2546 4255 quae

260 4284 332 4350 in
373 4303 766 4370 unoquoque
794 4281 1075 4371 capitulo
1099 4278 1328 4370 primae
1354 4282 1497 4368 post
1517 4276 1948 4367 episcopalem
1972 4275 2270 4364 dignitati
2293 4290 2547 4360 compe-

259 4390 364 4457 tit.
397 4389 475 4457 In
506 4388 731 4456 multis
755 4388 932 4455 enim
955 4388 1115 4456 locis
1134 4387 1635 4493 archidiaconus
1655 4406 1784 4452 non
1805 4390 1898 4452 est
1920 4385 2136 4475 prima
2155 4380 2453 4470 dignitas.
