2930 4982
381 322 505 380 458
1345 327 1692 376 ramnus

376 455 482 519 tus
516 448 783 521 Carolus
811 450 881 517 in
910 449 1192 518 concilio
1221 448 1684 519 Mediolanensi
1719 471 1737 517 t
1777 448 1942 516 Cum
1982 446 2338 517 eanonicus
2386 471 2653 541 cappam

376 554 625 636 induit,
669 577 818 646 quoe
866 556 1179 625 humeros
1208 555 1531 646 conteqit,
1571 566 1635 623 et
1666 554 1939 623 brachia
1984 554 2179 646 quasi
2216 554 2535 642 devincit,
2585 578 2651 625 ex

374 685 447 733 eo
496 663 746 731 amictu
798 662 1154 753 intelliyat
1198 687 1267 732 se
1309 680 1683 754 repressas,
1706 662 2020 753 quasique
2060 661 2392 731 devinctas
2431 663 2651 733 habere

375 767 603 843 debere
646 769 1114 861 appetitiones,
1152 793 1232 839 ac
1267 793 1346 838 -se
1389 781 1609 837 totum
1657 768 1751 837 ad
1780 769 1907 837 Dei
1949 769 2371 838 voluntatem
2415 784 2648 839 accom-

378 875 731 947 modare...
780 876 1219 956 eanonicam,
1269 875 1431 944 dum
1479 876 1772 944 humeris
1816 876 1925 945 vel
1972 875 2255 945 brachiis
2308 877 2644 945 almutium

371 982 729 1074 pelliceam
758 982 1072 1074 imponit,
1102 1006 1250 1050 eam
1274 983 1747 1074 eoqitationem
1771 982 2117 1073 suscipere,
2150 982 2222 1049 in
2252 1003 2319 1049 se
2340 980 2642 1049 restrictas

381 1088 684 1180 aeplane
711 1101 1012 1156 mortuas
1029 1111 1160 1156 esse
1186 1100 1488 1180 oportere
1510 1110 1735 1157 rerum
1754 1086 2261 1156 mundanarum
2291 1087 2635 1178 affectiones

383 1205 583 1286 atque
604 1191 1032 1284 cupiditates,
1063 1204 1141 1259 ut
1157 1194 1297 1283 ejus
1327 1195 1424 1262 rei
1447 1195 1837 1285 siqnificans
1864 1207 1960 1262 est
1983 1195 2111 1262 illa
2139 1193 2634 1261 animalisinter·

384 1303 634 1371 mortui
645 1302 859 1393 pellis
902 1324 1107 1392 quam
1139 1302 1221 1370 de
1257 1327 1438 1373 more
1468 1318 1707 1395 qestat.

470 1408 580 1479 111.
609 1413 942 1477 Mozettam
963 1407 1026 1499 (a
1042 1431 1193 1478 voce
1212 1412 1361 1481 itala
1390 1435 1573 1480 moza
1592 1434 1740 1503 quae
1764 1410 2084 1501 signifieat
2102 1404 2428 1501 cappam),
2456 1429 2635 1477 recen·

381 1512 566 1585 tioris
602 1536 763 1583 usus
800 1514 1256 1585 existimarunt
1279 1519 1641 1603 ·nonnull=i;
1683 1524 1746 1586 at
1788 1514 2069 1587 Sarnelli
2116 1517 2396 1607 (L-ettere
2424 1514 2629 1597 eccles,

383 1626 431 1690 t.
488 1619 570 1708 11,
620 1622 755 1690 lett.
799 1620 913 1704 27)
952 1625 1232 1692 ostendit
1281 1627 1832 1716 antiquissimam,
1878 1646 1997 1692 nec
2046 1624 2241 1692 aliam
2298 1638 2429 1691 esse
2464 1640 2628 1710 quam

388 1723 642 1793 birrum
671 1725 860 1793 iilum
887 1726 1255 1813 lacernam,
1291 1733 1405 1819 qui
1437 1739 1755 1820 tanquam
1782 1733 2067 1798 vestium
2092 1729 2624 1820 complementum,

385 1852 518 1900 non
552 1838 810 1899 tantum
839 1837 1033 1921 caput
1076 1836 1185 1903 sed
1215 1843 1278 1904 et
1301 1837 1610 1904 humeros
1638 1835 1914 1925 tegebat.
1954 1834 2047 1902 De
2075 1841 2296 1902 sancto
2331 1832 2634 1923 Cypriane,

387 1938 457 2008 in
489 1939 646 2007 actis
674 1940 883 2029 ipsius
931 1944 1252 2031 martyrii,
1287 1950 1686 2011 memoratur
1710 1942 1927 2033 ipsum
1972 1943 2189 2032 primo
2222 1940 2467 2009 exuisse
2484 1937 2641 2006 habi·

385 2049 528 2113 tum
559 2050 672 2135 qui
703 2050 943 2119 dicitur
986 2050 1207 2118 birrus
1243 2050 1569 2132 lacernas,
1610 2072 1809 2139 quem
1840 2049 2155 2139 plicatum
2202 2044 2283 2115 ad
2314 2064 2518 2136 genua
2556 2065 2644 2135 po·

385 2154 547 2233 suit3
596 2155 888 2225 tunicam
939 2157 1194 2243 deinde,
1249 2179 1452 2247 quam
1507 2158 1781 2224 diacono
1832 2155 2120 2237 tradidit,
2176 2158 2240 2221 et
2295 2174 2449 2222 cum
2499 2150 2646 2219 linea

391 2259 764 2329 carnificem
787 2269 1200 2354 exspectasse.
1234 2262 1354 2330 Per
1374 2262 1620 2331 lineam
1636 2262 1726 2329 ibi
1747 2258 2247 2350 intelligendum
2276 2281 2412 2328 esse
2433 2259 2652 2327 rochet-

388 2366 532 2431 tum
584 2373 645 2434 et
701 2392 816 2458 per
875 2369 1128 2436 birrum
1183 2376 1523 2437 mozettam
1595 2369 1937 2436 existimat·
1958 2368 2268 2435 ‘laudatus
2321 2365 2650 2435 Sarnellus.

385 2465 574 2538 Birro
605 2471 715 2562 (i)]
740 2480 954 2542 autern
992 2475 1371 2564 hujusmodi
1409 2478 1503 2544 uti
1543 2476 1759 2544 solitos
1782 2474 2455 2566 fuisseEpiscopos‘et‘
2495 2462 2661 2542 cano-

388 2572 569 2643 n'icos
592 2578 823 2665 probat
852 2583 1299 2648 monumentis
1325 2582 1653 2671 pluribus.

399 2733 409 2742 .
476 2675 588 2746 IV.
654 2680 748 2748 De
799 2682 1090 2751 almutiis
1148 2686 1400 2751 erudite
1454 2687 1713 2753 disserit
1775 2684 2054 2754 Sarnelli
2104 2684 2368 2777 (Lettem
2416 2680 2654 2767 eccles„

388 2789 435 2852 t.
469 2783 584 2865 lx,
630 2811 696 2878 p.
732 2788 838 2877 82)
868 2817 886 2877 ;
927 2789 1319 2874 illasautem
1353 2788 1798 2882 archaeologiae
1833 2794 2217 2883 quaestiones
2242 2790 2486 2879 ingredi
2513 2795 2670 2857 esset

389 2899 564 2963 extra
592 2900 930 2965 tractatum
961 2904 1257 2966 nostrum
1283 2902 1525 2988 vagari.
1566 2900 1721 2969 Haec
1752 2907 2004 2967 tantum
2041 2923 2114 2965 ex
2143 2897 2432 2967 Sarnello
2458 2917 2670 2964 excer-

387 2999 646 3089 pimus:
683 3029 715 3066 «
746 3003 1118 3072 Almutium
1148 3006 1272 3073 fuit
1296 3007 1484 3074 initio
1505 3008 1701 3075 vestis
1713 3007 2013 3097 operiens
2035 3011 2310 3096 caputet
2332 3005 2663 3081 humeros;

396 3128 431 3173 t<
475 3107 584 3174 sed
616 3112 943 3201 praecipue
1001 3117 1219 3203 caput,
1257 3118 1331 3179 ut
1367 3114 1700 3181 contendit
1727 3112 2027 3182 Molanus
2058 3110 2228 3202 (1.·3‚
2294 3115 2393 3179 De
2428 3107 2672 3179 canoni·

396 3241 431 3280 ι(
476 3216 589 3300 eie,
629 3240 688 3287 c.
730 3218 820 3309 5).
856 3219 1132 3288 Videtur
1167 3222 1467 3289 derivare·
1499 3245 1535 3290 a
1572 3223 1840 3291 vocibus
1874 3220 2219 3296 teutonicis
2256 3220 2362 3288 alt
2402 3232 2664 3286 mutsen.

396 3346 429 3385 ι(
474 3322 540 3389 id
572 3330 664 3390 est
670 3326 938 3415 pileum
955 3325 1310 3395 seniorum.
1343 3329 1474 3397 Nos
1498 3329 1780 3397 dicimus
1801 3328 2200 3412 almutium,
2226 3326 2339 3393 sed
2366 3328 2668 3414 corrupte,

396 3453 431 3492 t(
476 3449 633 3496 nam
660 3430 792 3498 dici
823 3433 1082 3498 deberet
1116 3435 1497 3502 arminium
1525 3457 1601 3503 eo
1629 3435 1801 3524 quod
1835 3441 2115 3523 gestetur
2141 3454 2338 3521 super
2373 3452 2606 3499 armos.
2639 3453 2669 3492 »

387 3531 591 3604 Hodie
620 3558 772 3606 vero
802 3536 1175 3623 almutium,
1210 3537 1323 3607 seu
1346 3541 1645 3627 almutia,
1685 3546 1778 3610 est
1813 3541 2279 3607 indumen-tum
2312 3538 2673 3628 pelliceum,

388 3642 557 3731 quod
591 3644 731 3733 jam
761 3666 892 3712 non
931 3665 1124 3736 super
1163 3657 1356 3737 caput
1385 3654 1446 3714 et
1470 3648 1780 3715 humeros
1810 3653 1882 3713 ut
1908 3647 2092 3731 olim,
2122 3645 2230 3713 sed
2264 3667 2468 3734 super
2493 3661 2676 3710 unam

388 3751 718 3841 scapulam
755 3751 856 3818 vel
884 3750 1077 3818 etiam
1101 3774 1296 3842 super
1322 3754 1669 3822 brachium
1711 3752 2046 3821 sinistrum
2071 3756 2381 3845 gesta-tur.

474 3852 752 3923 Videtur
798 3856 1165 3924 introducta
1205 3861 1396 3926 vestis
1454 3858 1567 3927 illa
1616 3859 1755 3927 loco
1823 3879 2066 3949 cappae,
2116 3877 2316 3946 quam
2362 3854 2674 3942 integram

453 4012 518 4071 (ι)
546 4014 652 4063 Vox
678 4016 857 4075 byrrus
882 4030 912 4066 a
938 4030 1097 4080 graeco
1120 4019 1291 4088 πυῤῥός
1319 4017 1499 4079 (rufus.
1521 4019 1722 4080 rutilus)
1746 4019 1945 4068 videtur
1966 4016 2236 4067 derivasse.
2262 4015 2500 4065 Detracta
2518 4016 2677 4062 autem

387 4092 530 4153 parte
558 4105 671 4151 quae
694 4095 894 4154 tegebat
911 4097 1167 4154 humeros.
1190 4109 1305 4161 pars
1329 4101 1497 4157 rigens
1520 4110 1632 4158 quae
1657 4099 1912 4161 operiebat
1930 4101 2099 4160 caput,
2117 4096 2252 4146 dicta
2275 4094 2375 4144 fuit
2402 4093 2675 4143 birrettmn.

387 4168 509 4230 Quae
537 4169 715 4218 biretta
735 4170 949 4224 formam
973 4177 1273 4237 quadratam
1295 4178 1601 4240 habuerunt,
1628 4182 1778 4229 etiam
1799 4181 1850 4228 in
1871 4177 2047 4239 Gallia,
2075 4181 2134 4226 ut
2151 4178 2353 4226 constat
2381 4188 2443 4224 ex
2469 4169 2678 4222 conciliis

386 4249 560 4301 Galliae
585 4262 744 4311 usque
763 4250 826 4297 ad
848 4255 1089 4306 saeculum
1112 4273 1192 4309 xvi
1215 4260 1418 4319 habitis,
1434 4263 1487 4309 in
1512 4260 1693 4322 quibus
1712 4262 1878 4320 agitur
1901 4260 1962 4308 de
1981 4259 2176 4307 birettis
2195 4256 2472 4319 quadratis.
2501 4272 2525 4298 ‹
2547 4248 2679 4301 Unde

389 4348 416 4377 ι
451 4343 625 4395 capere
651 4339 864 4388 nequeo,
888 4334 959 4381 ait
978 4333 1128 4383 Nan-di
1157 4338 1302 4395 (tom.
1327 4340 1385 4402 11,
1409 4352 1519 4403 pag.
1546 4343 1676 4404 380),
1703 4338 1956 4404 quomodo
1985 4340 2037 4387 in
2060 4337 2149 4389 illa
2171 4341 2373 4399 regione
2394 4329 2673 4385 introducta

389 4423 412 4454 ι
450 4409 552 4460 sint
572 4409 757 4460 biretta
781 4408 954 4457 conica
977 4412 1029 4458 et
1054 4411 1173 4462 alta.
1200 4433 1223 4458 ι.
1946 4441 1949 4444 -
