2930 4982
1146 371 1226 416 nu
1274 369 1598 416 enimus,
2388 365 2456 419 51
2477 364 2503 418 1

228 517 262 555 «
293 489 754 581 prudentiales.
791 512 828 553 π
865 484 1380 580 (Annotatz‘ones
1395 484 1751 573 practicae,
1793 487 2094 557 discursu
2139 487 2255 573 31,
2300 509 2370 555 n.
2397 489 2509 573 25,

219 599 291 666 in
311 599 444 664 fine
470 596 625 667 libri
649 594 860 685 XlV.)

307 703 489 771 Idem
527 700 960 769 confirmabat
980 700 1120 789 Jam
1147 717 1268 766 suo
1309 702 1604 785 tempore
1653 691 1996 783 Pignatelli
2047 701 2248 786 (torno
2273 697 2324 784 1,
2354 722 2514 768 con-

219 810 370 879 sult.
394 809 507 892 23,
546 832 616 876 n.
653 808 795 898 10):
838 833 875 874 «
926 805 1247 875 Caeterum
1275 803 1535 871 adverto
1562 803 1738 892 quod
1769 803 2115 871 novissime
2139 805 2328 874 Sacra
2347 807 2517 877 Con-

228 938 261 978 «
288 914 578 1002 gregatio
603 912 1068 1003 Episcoporum
1118 915 1181 977 et
1214 908 1620 998 regularium
1651 928 1817 997 saepe
1848 907 2153 992 decrevit,
2199 911 2514 980 vicarium

228 1048 260 1087 ε(
289 1020 715 1112 capitularem
741 1042 875 1088 non
897 1039 1082 1109 posse
1112 1017 1265 1105 eligi
1287 1016 1367 1084 ad
1406 1022 1657 1082 certum
1683 1021 1967 1104 tempuS,
2000 1020 2158 1104 puta
2187 1020 2312 1082 tres
2338 1040 2518 1086 men-

230 1153 262 1192 «
289 1149 418 1207 seS,
448 1126 559 1194 sed
588 1126 968 1214 eligendum
1024 1144 1156 1191 esse
1178 1143 1295 1212 pro
1328 1126 1456 1188 toto
1498 1127 1789 1210 tempore
1816 1120 2171 1187 vacationis
2209 1121 2514 1189 ecclesiae.

229 1233 655 1322 «(1tainuna
687 1232 974 1315 Sutrina,
1009 1231 1113 1297 die
1146 1230 1228 1296 14
1270 1226 1584 1295 februarii
1637 1226 1848 1312 16533
1887 1228 1953 1293 in
1991 1248 2127 1293 una
2167 1224 2520 1296 Puteolana

231 1367 263 1405 «
292 1342 400 1408 die
429 1339 511 1407 14
539 1339 910 1407 novembris
941 1336 1140 1419 1659,
1170 1340 1231 1402 et
1248 1334 1458 1424 alibi.)
1491 1332 1623 1401 Nee
1653 1356 1836 1424 posse
1879 1333 2242 1424 capitulum
2284 1335 2364 1403 ad
2417 1336 2519 1403 sui

228 1473 263 1513 «
295 1448 565 1515 libitum
591 1446 914 1513 vicarium
937 1463 1238 1512 revocare
1268 1443 1407 1508 sine
1436 1461 1630 1508 causa
1679 1462 1796 1542 per
1842 1438 2106 1508 Sacram
2153 1439 2520 1531 Congrega-

229 1579 266 1620 «
293 1553 540 1620 tionem
564 1552 981 1644 approbanda
1017 1549 1115 1640 (ut
1151 1549 1219 1615 in
1246 1569 1380 1614 una
1425 1544 1872 1636 Neapolitana,
1906 1545 2007 1612 die
2055 1548 2083 1613 1
2136 1548 2519 1637 septembris

234 1686 267 1723 ι(
300 1659 502 1738 1603,
524 1659 672 1726 etin
702 1679 836 1724 una
877 1654 1285 1736 Messinensi‚
1318 1653 1424 1720 die
1457 1651 1540 1718 16
1570 1650 1788 1718 martii
1850 1651 2068 1729 1618).
2123 1651 2203 1719 Et
2251 1653 2519 1742 quidem

233 1790 267 1828 «
302 1787 569 1833 summo
591 1767 743 1853 jure
773 1787 789 1830 t
817 1784 972 1830 nam
1001 1761 1157 1829 alias
1181 1758 1463 1828 vicarius
1508 1763 1689 1825 metu
1731 1759 2109 1826 remotionis
2148 1759 2231 1826 ab
2271 1759 2515 1849 officio,

230 1899 266 1938 α
296 1894 431 1940 non
459 1876 706 1938 exercet
744 1891 929 1937 suam
944 1867 1471 1960 jurisdictionem
1493 1886 1647 1932 cum
1694 1885 1858 1955 opus
1882 1864 2073 1932 suerit
2095 1867 2289 1933 etiam
2315 1867 2387 1933 in
2416 1888 2521 1934 ca-

232 2003 266 2042 «
296 1978 584 2067 pitulum
611 1983 673 2043 et
700 1976 1069 2045 canonicos.
1102 1972 1292 2040 Unde
1321 1992 1477 2038 cum
1503 1991 1759 2037 sacrum
1790 1970 2148 2037 concilium
2197 1968 2522 2039 Tridenti-

232 2110 267 2147 «
298 2106 466 2149 num
493 2083 834 2149 arctaverit
871 2079 1234 2170 capitulum
1284 2077 1359 2143 ad
1412 2076 1941 2144 constituendum
1993 2074 2312 2143 vicarium
2351 2076 2522 2145 intra

232 2211 268 2247 c<
299 2192 441 2252 octo
469 2184 626 2271 dies,
672 2185 983 2255 voluitid
1034 2183 1391 2251 necessario
1440 2183 1584 2249 fieri
1613 2203 1730 2271 per
1784 2180 2205 2248 electionem:
2253 2180 2330 2247 de
2370 2180 2521 2268 jure

236 2313 272 2351 «
304 2294 521 2356 autem
545 2289 767 2357 nullus
794 2288 1086 2357 officialis
1119 2309 1238 2377 per
1265 2288 1649 2354 electionem
1680 2287 2061 2352 canonicam
2106 2284 2516 2369 constitutuS,

233 2417 268 2455 «
298 2397 584 2462 amoveri
610 2400 816 2485 potest
842 2394 1088 2481 absque
1117 2413 1310 2459 causa
1340 2392 1420 2458 ad
1447 2397 1685 2458 nutum
1710 2415 1728 2476 3
1758 2390 1912 2479 quia
1941 2411 2074 2456 non
2126 2389 2344 2459 subest
2377 2412 2520 2458 am-

235 2524 269 2563 «
295 2499 473 2589 plius
489 2501 872 2585 electoribus
900 2498 1115 2588 quoad
1138 2499 1518 2567 exercitium
1543 2497 2040 2587 jurisdictionis.
2073 2519 2110 2561 >³

314 2605 497 2674 Idem
512 2613 686 2675 tenet
704 2607 1045 2677 Monaeelli
1059 2612 1376 2695 tanquam
1400 2605 1675 2672 omnino
1694 2609 1946 2671 certum
1963 2602 2514 2693 (Formularz'um,

227 2713 325 2779 tit.
353 2715 414 2799 1,
452 2715 644 2781 form.
677 2714 744 2793 2,
769 2713 986 2781 adnot.
1018 2711 1154 2802 14),
1190 2711 1412 2802 plures
1438 2711 1640 2778 citans
1689 2709 2042 2778 decisiones
2073 2703 2519 2798 congregatio-

226 2819 846 2908 nis'Episeoporum.

228 2938 243 2981 ³
320 2924 398 2989 In
461 2924 793 2990 Thesauro
852 2923 1333 2989 resolutionum
1385 2920 1596 2991 Sacrae
1664 2919 2199 3009 Congregationis
2259 2921 2521 2989 concilii

230 3028 432 3116 (tomo
459 3028 601 3112 Vll,
636 3029 872 3119 pagina
898 3027 1051 3118 350)
1084 3026 1386 3094 similiter
1426 3027 1791 3116 reperimus
1818 3027 2170 3117 expositam
2223 3026 2523 3115 quaestio·

228 3154 386 3201 nem
422 3158 437 3201 t
474 3160 509 3200 ε(
545 3133 831 3202 Tametsi
862 3134 1022 3201 olim
1052 3133 1338 3199 vicarius
1370 3131 1744 3222 capitularis
1775 3138 1985 3222 posset
2033 3153 2069 3199 a
2111 3127 2407 3223 capitulo
2440 3133 2520 3199 ad

238 3264 274 3301 «
300 3246 557 3308 certum
581 3246 836 3331 tempus
864 3239 1199 3324 constitui,
1222 3244 1284 3305 et
1309 3237 1389 3304 ad
1411 3239 1674 3306 libitum
1697 3260 1961 3329 quoque¹
1979 3240 2294 3325 amoveri,
2326 3238 2519 3305 dum-

237 3367 272 3408 ε(
299 3347 496 3414 modo
517 3346 720 3414 alium
743 3346 909 3413 infra
933 3349 1075 3412 octo
1103 3344 1236 3410 dies
1266 3343 1626 3432 deputaret,
1675 3343 2232 3431 quemadmodum
2276 3349 2523 3412 constat

238 3476 272 3518 «
299 3474 382 3521 ex
406 3453 883 3543 antiquioribus
908 3451 1179 3519 decretis
1205 3449 1416 3518 Sacrae
1443 3448 1977 3539 Congregationis
1999 3449 2081 3540 (et
2101 3451 2434 3539 signanter
2448 3452 2519 3518 in

238 3581 271 3622 «
296 3556 783 3643 panormitana,
823 3559 870 3625 l.
905 3556 933 3625 l
964 3555 1411 3638 Decretorum,
1444 3578 1594 3646 pag.
1638 3556 1800 3640 163'3
1841 3594 1928 3607 -
1970 3558 2043 3623 in
2097 3556 2515 3637 Taurinensi‚

238 3665 421 3735 «lib.
459 3666 582 3735 VII
607 3664 1057 3746 Decretorum,
1092 3684 1245 3753 pag.
1281 3662 1401 3744 48;
1429 3699 1520 3711 —
1548 3661 1617 3727 in
1647 3661 1895 3744 Goana,
1926 3661 1974 3729 l.
2002 3660 2187 3730 XVll
2226 3662 2522 3729 Decreto—

236 3792 269 3833 «
290 3792 668 3862 rumspag.
699 3771 865 3856 2743
912 3809 1002 3821 —
1041 3792 1194 3836 cum
1225 3769 1367 3835 aliis
1394 3767 1612 3834 relatis
1641 3768 1709 3834 in
1735 3767 2170 3858 Leopoliensi,
2201 3773 2375 3836 tomo
2400 3767 2520 3837 Vll

239 3899 272 3939 «
307 3879 637 3946 Thesauri
657 3877 1169 3962 resolutionum,
1201 3876 1438 3964 pagina
1474 3873 1661 3964 182);
1710 3878 1994 3941 attamen
2024 3879 2096 3940 ut
2121 3879 2295 3941 recto
2319 3874 2520 3941 eccle-

241 4005 273 4044 «
299 3986 546 4053 siarum
575 3986 887 4074 regimini
915 3984 1286 4051 consultum
1312 3983 1416 4061 sit,
1433 3981 1739 4049 eumdem
1764 3981 2518 4070 vicariumcapitularem

244 4092 452 4181 «eligi
479 4093 707 4160 debere
731 4114 849 4183 pro
874 4095 1003 4158 toto
1026 4096 1314 4179 tempore
1352 4110 1483 4178 quo
1507 4087 1904 4177 Episcopalis
1951 4088 2130 4154 sedes
2181 4110 2386 4155 vacua
2415 4110 2517 4155 re-

247 4203 547 4274 «manet,
576 4219 694 4264 nee
718 4219 899 4286 posse
925 4196 1048 4262 nisi
1088 4217 1161 4261 ex
1182 4196 1359 4283 justa
1389 4213 1580 4259 causa
1609 4214 1724 4281 per
1762 4191 2027 4260 Sacram
2058 4192 2518 4284 Congregatio-

248 4320 281 4361 ‹<
305 4323 459 4370 nem
488 4303 955 4393 Episcoporum
985 4308 1046 4369 et
1070 4300 1470 4388 regularium
1497 4299 1940 4385 cognoscenda
1965 4304 2029 4366 et
2076 4294 2514 4389 approbanda,

254 4411 620 4491 «revocari,
674 4408 953 4477 decrevit
1002 4409 1224 4476 eadem
1256 4405 1450 4475 Sacra
1500 4404 1927 4495 Congregatio
1964 4405 2432 4495 Episcoporum
2458 4402 2518 4463 et
