2930 4982
1122 337 1203 381 DE
1249 335 1551 383 cunnus
1561 367 1577 384 .
2383 332 2420 386 Ξ
2431 334 2460 386 4
2472 334 2506 388 ¹.)

236 461 404 543 tione,
435 478 711 526 numero
755 455 951 525 1392.
1000 456 1187 526 Certa
1228 479 1383 548 ergo
1420 464 1513 526 est
1541 458 1914 530 assistentiae
1956 458 2266 550 obligatio
2310 464 2510 532 etiam

232 565 462 656 quando
485 563 840 655 Episcopus
874 568 1046 631 extra·
1070 564 1510 634 cathedralem
1539 566 1973 635 ordinationes
1996 567 2298 636 celebrat.

311 670 419 740 Sed
452 672 736 739 occurrit
763 669 1068 754 dubium,
1107 676 1332 739 utrum
1384 672 1450 740 id
1485 671 1980 762 intelligendum
2013 672 2093 742 sit
2119 696 2250 743 non
2287 674 2505 744 solum

229 777 297 846 de
328 775 840 844 ordinationibus
882 776 1306 860 solemnibus,
1356 777 1469 845 sed
1511 779 1707 846 etiam
1738 778 1818 847 de
1851 779 2137 870 privatis.
2175 778 2277 848 Ad
2313 781 2505 871 cujus

225 883 599 952 difficultatis
636 883 1027 951 solutionem
1064 883 1315 952 faciunt
1341 883 1485 952 duae
1515 891 1856 975 sequentes
1885 885 2275 956 decisiones:

300 1016 329 1056 «
356 989 676 1059 Canonici
714 989 1095 1059 cathedralis
1135 991 1418 1059 ecclesiae
1454 990 1721 1060 Ducalis
1766 1013 1804 1060 a
1837 990 1908 1061 S.
1946 992 2199 1061 rituum
2226 992 2507 1086 Congre-

230 1121 257 1161 «
278 1098 540 1186 gatione
560 1096 872 1163 declarari
910 1095 1094 1164 enixe
1123 1097 1571 1187 postularunt:
1616 1119 1700 1165 an
1730 1097 1854 1189 ipsi
1885 1102 2227 1167 teneantur
2263 1098 2509 1190 capitu-

228 1228 255 1268 «
276 1202 495 1270 lar-iter
521 1200 947 1270 assistentiam
970 1209 1272 1293 praestare
1298 1204 1619 1295 Episcopo
1651 1204 2087 1274 ordinationes
2120 1203 2509 1296 peragenti?

226 1332 354 1374 «-
413 1306 482 1376 S.
539 1307 965 1398 Congregatio
1020 1311 1546 1400 respondendum
1595 1333 1729 1379 esse
1780 1311 2075 1380 censuit:
2138 1311 2504 1381 Canonicos

226 1440 252 1479 «
267 1413 627 1506 proedictos
653 1415 859 1483 teneri
880 1415 975 1483 ad
991 1418 1361 1506 praefatam
1386 1417 1861 1498 assistentiam,
1889 1416 2153 1507 quando
2180 1418 2507 1487 solemni-

224 1534 367 1589 «ter
411 1522 486 1589 in
524 1532 727 1589 cantu
766 1522 943 1591 inter
980 1521 1212 1590 divina
1247 1523 1464 1614 officia
1500 1523 1683 1613 fiunt
1725 1521 2177 1592 ordinationes
2189 1543 2221 1608 ,·
2262 1522 2323 1592 si
2356 1547 2506 1595 vero

224 1651 252 1694 «
271 1629 447 1718 fiant
477 1629 826 1719 privatim,
865 1641 995 1697 tres
1029 1641 1297 1697 tantum
1328 1653 1410 1698 ea:
1449 1630 1611 1721 ipsis
1638 1629 1867 1698 debere
1909 1630 2236 1721 Episcopo
2286 1631 2503 1699 inser-

223 1737 432 1802 «vire.
488 1735 609 1803 Die
655 1736 691 1800 7
744 1736 1105 1833 decembris
1155 1736 1350 1806 1658.
1403 1762 1437 1802 »
1494 1737 1710 1829 (Apud
1757 1737 2145 1824 Gardellini,
2197 1737 2321 1806 sub
2365 1760 2499 1806 nu—

213 1862 380 1909 mero
412 1840 638 1933 1797.)

292 1945 466 2014 «An
526 1944 829 2015 canonici
881 1947 1264 2014 cathedralis
1318 1952 1657 2015 teneantur
1714 1947 2144 2016 assistentiam
2199 1955 2500 2039 praestare

213 2074 241 2114 «
268 2049 586 2144 Episcopo
642 2059 817 2120 extra
878 2053 1317 2121 cathedralem
1374 2052 1585 2143 ipsam
1641 2074 1850 2120 sacras
1903 2053 2340 2123 ordinationes
2406 2054 2497 2121 fa-

209 2181 239 2219 «
269 2158 512 2226 cienti‘?
538 2197 624 2209 --
646 2157 1170 2226 Eminentissimi
1192 2180 1267 2226 ac
1293 2157 1821 2226 reverendissimi
1843 2163 2054 2247 patres
2077 2160 2276 2226 sacris
2299 2164 2500 2227 tuen-

205 2287 237 2328 «
272 2265 384 2331 dis
402 2264 642 2329 ritibus
682 2265 1090 2352 praepositi...
1138 2265 1612 2353 perpendentes
1640 2263 1798 2330 alias
1836 2262 1916 2330 ab
1953 2264 2078 2330 hac
2102 2283 2283 2330 sacra
2326 2263 2506 2331 Con-

201 2392 235 2429 «
271 2366 652 2456 gregatione
696 2367 1032 2435 decretum
1079 2368 1303 2455 fuisse,
1360 2374 1702 2437 canonicos
1745 2368 2132 2437 cathedralis
2179 2368 2381 2437 teneri
2421 2368 2503 2438 ad

205 2499 236 2538 «
271 2473 705 2542 assistentiam
763 2473 1081 2566 Episcopo
1135 2475 1571 2567 praestandam
1640 2482 1776 2545 tam
1833 2476 2002 2545 intra
2064 2499 2266 2567 quam
2327 2482 2499 2547 extra

206 2603 237 2643 ι(
264 2579 720 2665 cathedralem,
786 2586 988 2676 atque
1029 2582 1227 2649 etiam
1284 2582 1590 2673 privatim
1644 2582 2083 2652 ordinationes
2134 2583 2490 2674 peragenti,

207 2687 752 2755 «rescribendum
784 2696 1209 2757 censuerunt:
1249 2727 1342 2741 --
1381 2692 1751 2756 Serventur
1792 2688 2053 2757 decreta
2092 2689 2166 2756 in
2204 2713 2344 2756 una
2386 2692 2497 2757 Ve-

210 2815 240 2856 «
269 2790 601 2859 literrana
629 2793 758 2861 diei
783 2794 825 2862 6
849 2795 1231 2885 septembris
1265 2795 1468 2882 1698,
1503 2797 1572 2863 in
1615 2798 2018 2864 Grossetana
2063 2792 2194 2860 diei
2228 2794 2310 2858 16
2343 2814 2497 2881 sep-

208 2923 237 2964 «
269 2897 774 2985 tembris4655,
812 2923 889 2967 ac
930 2902 1226 2969 civitatis
1272 2902 1552 2968 Ducalis
1594 2901 1723 2968 diei
1770 2903 1806 2967 7
1852 2898 2243 2988 'septembris
2297 2897 2494 2976 1698,

212 3028 240 3068 α
263 3026 519 3072 necnon
562 3004 1020 3084 caeremoniale
1075 3006 1589 3095 Episcoporum.
1625 3003 1710 3072 23
1746 3004 1905 3070 maii
1942 3003 2139 3071 1835.
2189 3030 2223 3068 »
2273 3004 2494 3096 (Apud

206 3107 581 3193 Gardellini,
603 3116 767 3177 tom.
797 3108 983 3187 Vm,
1012 3132 1079 3176 n.
1119 3106 1350 3200 4591.)

286 3215 381 3307 Ex,
397 3217 533 3285 illis
569 3238 763 3308 porro
811 3215 1084 3283 decretis
1121 3216 1379 3284 videtur
1420 3216 1977 3301 concludendum,
2009 3214 2327 3306 Episcopo
2346 3215 2497 3306 pri-

214 3322 408 3389 vatim
449 3322 1252 3413 ordinationesvperagenti
1293 3323 1517 3392 deberi
1559 3324 1826 3413 quidem
1877 3322 2328 3408 assistentiam,
2381 3324 2489 3392 sed

214 3427 398 3495 trium
427 3429 892 3496 canonicorum
920 3433 1199 3498 tantum.

293 3532 355 3600 5ο
377 3527 587 3602 Etiam
614 3536 875 3624 quando
916 3534 1272 3625 Episcopus
1310 3536 1706 3626 pontificalia
1744 3541 1996 3604 exercet
2028 3540 2203 3602 extra
2230 3539 2494 3621 tempus

218 3635 569 3708 divinorum
610 3639 1007 3723 officiorum,
1040 3647 1102 3706 et
1137 3641 1359 3725 etiam,
1397 3642 1659 3727 quando
1690 3640 2010 3707 solemnes
2041 3640 2121 3706 ad
2170 3636 2495 3725 populum

222 3750 538 3816 conciones
577 3747 797 3832 habet,
829 3745 1102 3814 debetur
1145 3746 1202 3812 ei
1239 3745 1611 3834 capitularis
1653 3738 2032 3810 assistentia.
2078 3741 2365 3824 Etenim,
2413 3740 2492 3809 ad

222 3848 472 3921 dubium
516 3854 558 3921 2
588 3853 684 3944 (in
719 3851 1147 3935 Galaritcma,
1182 3849 1222 3920 3
1269 3849 1636 3918 decembris
1680 3847 1874 3939 1701)
1922 3848 2015 3915 sic
2046 3846 2484 3939 propositum:

231 3977 260 4017 (ι
279 3957 375 4025 An
400 3961 921 4050 archiepiscopus
949 3959 1149 4049 possit
1173 3979 1398 4047 cogere
1434 3957 1629 4025 etiam
1661 3978 1777 4048 per
1805 3976 2111 4024 censuras
2147 3955 2488 4045 dignitates

234 4082 262 4123 «
285 4067 340 4128 et
387 4065 728 4133 canonicos
773 4064 854 4132 ad
891 4065 1015 4132 sibi
1066 4065 1507 4156 capitulariter
1552 4063 2009 4147 assistendum,
2057 4063 2317 4153 quando
2370 4088 2486 4156 pro

233 4186 261 4226 «
282 4186 388 4237 suo
424 4170 691 4238 arbitrio
731 4177 795 4237 et
834 4175 1288 4261 extratempus
1335 4169 1714 4237 divinorum
1743 4169 2106 4238 officiorum
2136 4169 2273 4237 vult
2304 4193 2484 4239 exer-

234 4292 410 4343 ‹tcere
438 4275 856 4367 pontificalia,
886 4276 989 4344 vel
1017 4276 1334 4343 solemnes
1367 4274 1447 4341 ad
1475 4274 1795 4364 populum
1824 4276 2164 4343 conciones
2197 4275 2434 4341 habere
2453 4269 2486 4333 ‘I

235 4396 367 4437 «1-
405 4380 467 4450 S.
509 4384 759 4451 rituum
800 4381 1230 4469 Congregatio
1274 4380 1528 4449 censuit
1567 4380 2091 4469 respondendum
2134 4393 2229 4433 ³—-
2266 4372 2376 4439 Ad
2414 4368 2482 4433 2·
