2930 4982
379 320 407 371 sl
425 319 447 373 1
468 318 503 373 Ο
1347 319 1690 367 macutus

383 445 727 526 «licentia,
784 442 973 510 sicuti
1022 440 1454 509 concludebat
1525 441 1720 507 etiam
1801 438 2141 529 Pignatelli
2215 438 2425 530 (Cous,
2504 441 2641 526 152,

384 577 417 615 «
448 558 492 619 t.
532 550 666 640 IV).
701 575 734 614 »

462 655 759 724 Rationes
775 655 845 722 in
872 654 1157 722 favorem
1185 654 1451 745 capituli
1481 677 1497 722 :

468 788 504 828 c<
535 763 628 831 Ex
655 763 946 853 opposito
988 767 1207 829 autem
1248 762 1603 829 scribentes
1649 782 1768 851 pro
1797 758 2079 854 capitulo
2122 757 2474 847 collegiatae
2498 779 2656 824 mor-

383 897 417 936 «
443 869 629 938 dicus
659 867 976 937 sustinere
1007 868 1408 936 conabantur
1437 868 1614 957 quod
1661 866 2045 955 hujusmodi
2073 865 2333 932 licentia
2358 886 2500 932 non
2537 870 2659 930 erat

289 972 308 991 “
383 1004 422 1042 ιι
447 976 773 1044 ullatenus
801 974 1170 1065 expetenda,
1204 998 1280 1042 ex
1309 972 1885 1064 inapplicabilitate
1922 971 2349 1039 adductarum
2388 992 2466 1037 ex
2498 975 2659 1060 parte

384 1108 420 1148 ι(
451 1082 758 1173 Episcopi
783 1081 1132 1158 rationum.
1163 1107 1196 1145 »
1230 1079 1444 1148 Facile
1474 1078 1848 1148 confutatur
1868 1078 2031 1145 ratio
2061 1077 2407 1166 desumpta
2439 1098 2475 1143 e
2503 1076 2658 1164 legi-

377 1189 501 1257 bus
533 1190 1002 1277 imperatorum
1046 1206 1479 1278 paganorum.
1525 1186 1749 1266 Quoad
1789 1186 2089 1253 timorem
2119 1205 2200 1250 ne
2229 1184 2392 1250 fiant
2425 1182 2658 1250 machi-

378 1297 694 1378 nationeS,
764 1292 893 1362 dici
952 1299 1154 1384 potest
1199 1295 1354 1383 jura
1429 1295 1508 1362 de
1572 1294 1697 1361 hoc
1764 1291 2105 1360 statuentia
2167 1310 2299 1357 non
2361 1290 2658 1380 respicere

377 1423 645 1494 corpora
672 1400 1099 1469 ecclesiastica
1121 1400 1499 1491 approbata,
1528 1406 1601 1466 ut
1625 1404 1776 1466 sunt
1799 1397 2105 1487 capitula.
2137 1395 2440 1463 Citantur
2467 1400 2660 1485 postea

380 1514 586 1577 textus
602 1509 776 1598 juris
804 1516 866 1574 et
891 1511 1183 1576 auctores
1210 1529 1246 1574 e
1270 1508 1515 1597 quibus
1542 1505 1955 1575 concluditur
1991 1527 2123 1572 non
2162 1503 2240 1571 ad
2269 1503 2658 1595 Episcopum

383 1614 535 1704 (nisi
579 1619 741 1682 esset
784 1612 1159 1703 canonicus)
1214 1614 1541 1703 pertinere
1584 1613 2113 1681 convocationem
2158 1610 2454 1701 capituli.
2501 1607 2655 1674 Tum

378 1720 720 1789 adducitur
768 1724 977 1786 textus
1022 1718 1390 1787 Tridentini
1439 1717 1616 1809 (sess.
1655 1719 1768 1802 25,
1824 1740 1885 1786 c.
1932 1717 1997 1807 6)
2046 1717 2184 1802 ubi,
2218 1721 2482 1806 excepto
2516 1736 2653 1782 casu

379 1824 824 1893 criminalium
874 1823 1405 1912 inquisitionum,
1443 1826 1617 1892 salva
1654 1824 1796 1891 vult
1833 1826 1988 1914 Jura
2033 1821 2343 1912 capituli:
2408 1818 2658 1888 Caeteris

379 1943 605 1999 autem
642 1931 718 1998 in
761 1931 951 1999 rebus
989 1931 1279 2023 capituli
1308 1930 1712 2022 jurisdictio
1742 1942 1807 1998 et
1850 1942 2149 2022 potestas
2179 1929 2242 1996 si
2273 1951 2413 2019 qua
2469 1925 2654 1995 eidem

379 2037 701 2127 competit
742 2049 808 2104 et
839 2037 1157 2106 bonorum
1202 2036 1715 2105 administratio
1746 2038 1936 2104 salva
1985 2048 2050 2103 et
2086 2035 2351 2102 intacta
2402 2032 2653 2101 omnino

379 2143 836 2232 relinquatur.
894 2143 1183 2212 Tandem
1226 2145 1462 2211 citatur
1513 2165 1807 2233 expressa
1861 2142 2206 2209 declaratio
2246 2139 2466 2208 Sacrae
2511 2137 2655 2206 Con·

381 2248 774 2337 gregationis
837 2250 1145 2335 concilii,
1187 2248 1264 2316 17
1313 2249 1603 2339 januarii
1666 2249 1838 2317 1584
1869 2272 1884 2316 ε
1949 2251 2046 2315 La
2105 2250 2322 2315 Sacra
2384 2247 2650 2334 Conqre-

381 2355 668 2442 qazione
701 2355 792 2421 lia
820 2355 1130 2440 risoluto‚
1180 2355 1295 2422 elie
1341 2355 1400 2422 il
1452 2354 1751 2447 capitolo
1780 2355 1882 2422 sia
1914 2353 2121 2421 libero
2151 2345 2655 2441 diconqreqarsi

381 2459 650 2549 quando
681 2461 897 2541 vuole,
921 2461 1173 2551 purch&
1200 2484 1338 2529 non
1365 2463 1473 2530 sia
1499 2463 1573 2530 in
1590 2461 2022 2556 preqiudizio
2047 2444 2155 2528 del
2183 2459 2366 2527 culto
2396 2457 2616 2525 divino
2626 2472 2654 2537 ,·

380 2572 547 2631 ande
569 2587 703 2631 non
728 2566 792 2631 si
799 2570 947 2655 pud
976 2566 1326 2656 obbliqare
1350 2592 1393 2635 a
1418 2568 1798 2637 domandar
1829 2569 2110 2636 licenza.

469 2670 542 2737 ln
569 2693 766 2759 quem
793 2693 1059 2739 sensum
1088 2673 1275 2741 iverit
1301 2673 1501 2743 Rota.

468 2773 820 2865 Postquam
863 2779 1250 2847 memoravit
1289 2778 1458 2848 inter
1501 2782 1627 2849 alia
1666 2743 2111 2850 decisionem
2093 2801 2164 2847 ln
2209 2779 2477 2845 favorem
2501 2772 2651 2863 Epi-

386 2882 564 2972 scopi
602 2904 639 2949 a
676 2881 836 2950 Rota
887 2884 1105 2954 datam
1147 2885 1242 2977 (in
1306 2885 1956 2968 Gerundinensi,14
1993 2884 2171 2976 junii
2209 2881 2404 2962 1702,
2451 2898 2652 2946 coram

386 2985 627 3072 Priolo)
659 2988 753 3054 sic
778 2989 1138 3059 concludit:

483 3090 980 3171 «Quamobrem
1017 3117 1134 3185 pro
1169 3103 1343 3165 recta
1369 3098 1868 3167 concordatione
1899 3101 1991 3164 tot
2013 3100 2466 3181 tantarumque
2497 3110 2652 3157 reso-

392 3219 428 3260 «
454 3195 784 3264 lutionum
821 3197 1168 3268 Sacrarum
1198 3201 1817 3293 Congregat‘ionum‚
1846 3224 1994 3291 quae
2029 3199 2313 3268 invicem
2343 3196 2652 3287 quodam-

396 3324 430 3363 (ι
450 3301 642 3368 modo
670 3304 749 3369 de
778 3304 1019 3375 directo
1048 3307 1173 3374 sibi
1200 3310 1639 3377 contradicere
1670 3307 2083 3393 videbantur,
2115 3306 2241 3373 alia
2270 3298 2651 3372 conciliatrix

397 3407 560 3472 «via
583 3428 717 3473 non
750 3409 925 3477 adest
958 3434 1155 3500 quam
1187 3414 1298 3481 illa
1342 3416 1839 3504 interpretativae
1870 3410 2385 3481 consuetudinis.
2436 3408 2508 3475 ln
2543 3403 2653 3473 illis

396 3536 431 3577 «
463 3511 780 3601 siquidem
804 3515 1091 3585 ecclesiis
1123 3539 1237 3585 seu
1271 3520 1570 3610 capitulis
1602 3521 1670 3586 in
1702 3519 1941 3608 quibus
1977 3520 2152 3587 idem
2183 3516 2545 3607 capitulum
2573 3533 2653 3579 as-

398 3643 433 3684 ιι
460 3618 737 3687 sueverit
765 3642 830 3687 se
850 3621 1053 3689 libere
1078 3644 1476 3715 congregare
1504 3625 1574 3693 in
1606 3626 1836 3693 faciem
1864 3625 2169 3715 Episcopi
2197 3625 2338 3690 sine
2371 3622 2653 3713 petitione

395 3749 430 3790 «
460 3731 532 3792 et
566 3726 1018 3816 impetratione
1069 3728 1376 3814 licentiae,
1423 3730 1760 3800 vindicant
1799 3732 1925 3800 sibi
1968 3732 2191 3799 locum
2232 3751 2308 3797 ea
2357 3749 2502 3818 quae
2552 3740 2653 3815 pro

398 3855 433 3893 <t
467 3839 646 3919 parte
672 3834 943 3924 capituli
973 3837 1519 3925 ponderabantur.
1553 3839 1648 3906 Ex
1678 3840 1992 3907 diametro
2025 3844 2243 3905 autem
2277 3836 2409 3904 nisi
2436 3833 2656 3903 constet

400 3958 434 3995 (ι
459 3934 537 4001 de
564 3938 687 4005 hac
714 3942 1201 4022 consuetudine,
1233 3944 1598 4033 procedunt
1623 3946 2045 4013 resolutiones
2066 3965 2211 4033 quae
2241 3942 2524 4010 militant
2552 3955 2656 4028 pro

402 4061 435 4100 «
461 4035 859 4132 Episcopo.»
889 4046 991 4114 Ad
1013 4069 1213 4135 quam
1236 4048 1725 4117 conclusionem
1753 4050 2146 4118 firmandam
2184 4049 2537 4117 adducitur
2561 4044 2656 4110 de-

391 4140 549 4209 cisio
565 4164 841 4232 sequens
866 4151 1073 4221 Sacrae
1097 4154 1630 4275 Congregationis
1650 4157 2121 4248 Episcoporum
2145 4161 2211 4223 et
2228 4154 2651 4244 regularium:

391 4247 684 4317 Essendo
722 4252 778 4318 il
823 4259 1121 4377 capitolo·
1151 4262 1221 4328 in
1249 4284 1548 4360 possesso
1586 4262 1658 4329 di
1689 4261 2014 4330 adunarsi
2042 4283 2240 4329 senza
2273 4261 2526 4328 licenza
2561 4248 2657 4321 del

405 4360 675 4428 Vescovo
705 4382 738 4426 e
765 4358 876 4427 del
911 4363 1180 4447 vicario,
1227 4392 1363 4436 non
1391 4371 1450 4437 si
1472 4369 1684 4437 deve
1655 4393 1726 4437 m
1756 4370 1858 4438 eid
1886 4371 2038 4460 fare
2077 4369 2264 4437 altra
2294 4367 2529 4435 novztci
2578 4361 2657 4452 (in
