2930 4982
1051 374 1054 379 ,
1115 341 1195 385 DE
1241 341 1563 387 cAmels.
2369 336 2491 392 513

212 459 781 551 34)‚·Leurenium
813 458 1057 549 (Traet.
1088 456 1168 524 de
1199 458 1430 549 capit„
1459 457 1606 525 sede
1640 483 1814 542 vac„
1850 483 1910 528 c.
1946 461 2014 544 4,
2044 469 2271 550 quaest.
2310 464 2489 549 557),

210 565 620 636 Cardinalem
658 564 739 632 de
765 565 944 645 Luca
993 564 1508 655 (Annotationes
1558 563 1650 631 ad
1683 566 2039 633 concilium
2101 558 2331 648 Trid.,'
2366 570 2497 638 dis-

213 695 406 741 cursu
438 671 549 754 31,
585 671 653 737 in
684 671 812 739 fine
834 670 953 737 lib.
986 669 1146 760 xlv),
1172 669 1515 740 Monacelli
1545 667 1818 759 (Adnot.
1856 669 1949 737 ad
1987 673 2362 760 formulam
2411 674 2490 762 2,

209 778 380 845 tituli
415 778 476 860 1,
510 799 577 843 n.
620 773 750 865 12).
785 774 867 842 Et
885 798 1108 844 revera
1135 777 1521 844 Tridentina
1566 777 1853 864 synodus
1905 777 2144 845 addens
2175 780 2282 846 vel
2311 781 2495 849 alias

214 893 541 972 quantum
568 879 722 970 fieri
738 892 963 970 potest
984 880 1278 968 idoneus,
1309 884 1480 950 clare
1509 883 1755 949 indicat
1782 905 1849 950 se
1883 883 2166 969 nolpisse
2191 885 2338 973 eligi
2364 909 2495 955 non

212 989 498 1057 doctores
530 988 658 1055 nisi
686 986 1134 1069 deficientibus
1162 989 1532 1059 doctoribus
1556 988 1828 1056 idoneis.
1880 987 2062 1056 Unde
2102 988 2501 1077 requlariter

215 1095 440 1162 electio
460 1093 745 1162 invalida
781 1099 875 1160 est
915 1093 995 1176 si,
1022 1115 1179 1161 cum
1210 1098 1442 1184 praesto
1467 1092 1596 1160 sint
1623 1093 1912 1160 doctores
1940 1092 2182 1176 idonei,
2220 1092 2499 1181 eligatur

214 1201 447 1289 aliquis
472 1222 606 1267 non
635 1201 876 1268 doctor.
910 1199 1101 1279 Quod
1135 1199 1644 1288 intelligendum
1672 1206 1771 1267 est
1797 1201 1994 1268 etiam
2016 1201 2093 1267 de
2110 1201 2310 1269 electo
2339 1202 2509 1270 vica-

215 1308 311 1375 rio
344 1307 628 1394 generali
649 1306 948 1396 Episcopi
969 1306 1287 1390 defuncti,
1316 1308 1372 1374 si
1424 1308 1560 1397 ipse
1586 1329 1720 1374 non
1749 1306 1830 1373 sit
1872 1307 2249 1396 graduatUS.
2287 1333 2321 1373 c<
2350 1307 2509 1377 Pro-

224 1438 258 1477 «
280 1412 454 1479 cedit
474 1412 829 1502 responsio,
865 1413 955 1478 ait
977 1411 1351 1478 Leurenius
1373 1410 1633 1501 (Tract.
1658 1408 1738 1476 de
1764 1433 1909 1500 cap.
1921 1461 1949 1493 ,
1968 1409 2114 1478 sede
2143 1433 2320 1499 vac„
2344 1435 2402 1479 c.
2434 1412 2503 1497 4,

226 1545 258 1582 «
288 1524 516 1607 quaest.
544 1517 726 1607 557),
754 1518 843 1584 ita
866 1518 1060 1584 etiam
1084 1523 1159 1584 ut
1177 1516 1469 1585 defuncti
1496 1515 1798 1606 Episcopi
1821 1518 2105 1584 vicarius
2136 1539 2268 1584 non
2292 1519 2510 1585 doctor

226 1650 260 1688 «
287 1631 629 1715 superstes,
655 1647 691 1692 a
711 1624 1016 1714 capitum,
1039 1624 1188 1692 sede
1208 1627 1503 1709 vacante,
1519 1622 1588 1689 in
1615 1622 1936 1689 vicarium
1967 1626 2334 1712 generalem
2357 1646 2512 1693 con·

228 1758 260 1795 «
295 1732 549 1800 firmari
582 1753 694 1798 seu
736 1731 980 1798 assumi
1020 1753 1152 1798 non
1188 1731 1434 1798 debeat.
1469 1754 1503 1794 >³
1538 1729 1619 1797 Et
1658 1729 1748 1798 ita
1785 1730 2078 1798 decisum
2109 1737 2200 1799 est
2240 1755 2277 1798 a
2319 1730 2512 1800 Sacra

221 1835 737 1926 Congregatione
777 1834 1035 1904 concilii
1085 1837 1156 1903 in
1204 1857 1399 1903 causa
1425 1834 1821 1911 Acernensi‚
1850 1833 1933 1902 23
1963 1836 2269 1905 februarii
2308 1837 2507 1925 1709,

217 1950 293 2011 ut
317 1944 593 2011 refertur
619 1944 690 2010 in
724 1943 1055 2011 Thesauro
1071 1941 1558 2010 resolutionum
1580 1942 1780 2031 (tomo
1808 1939 2106 2022 XXXlll,
2139 1943 2377 2031 pagina
2404 1944 2511 2034 56)

150 2110 157 2121 .
217 2051 321 2118 his
351 2050 565 2118 verbis
598 2073 615 2116 ε
655 2048 965 2138 «Species
996 2048 1147 2117 facti
1188 2053 1324 2117 erat
1358 2073 1374 2115 z
1418 2052 1659 2116 Secuta
1702 2047 2053 2115 vacatione
2079 2046 2246 2114 sedis
2277 2048 2518 2138 episeo-

228 2155 500 2241 «palis,
535 2155 938 2244 capitulares
985 2153 1365 2242 (octodecim
1392 2153 1692 2243 numero)
1725 2152 1943 2220 decem
1980 2151 2394 2242 deputarunt
2441 2155 2517 2224 in

227 2282 264 2323 c<
299 2259 632 2326 vicarium
656 2261 1103 2349 capitularem
1134 2257 2518 2349 Oliverium‚immediatejam'existentem

225 2388 259 2427 «
290 2364 627 2431 vicarium
650 2366 1019 2454 qeneralem
1068 2363 1371 2454 defuncti
1395 2365 1761 2455 Episcopi:
1793 2365 2047 2455 reliqui
2078 2377 2222 2432 octo
2275 2368 2519 2458 suffra·

236 2494 270 2533 «
302 2471 455 2560 qati
485 2482 645 2539 sunt
702 2471 850 2540 Vito
893 2469 1149 2553 Fredoe,
1198 2470 1484 2538 doctoris
1514 2469 1882 2562 privileqio
1929 2469 2257 2538 decorato,
2302 2471 2518 2542 Freda

231 2600 263 2639 «
285 2578 683 2666 provocavit
695 2578 815 2645 sub
843 2577 1288 2669 fundamento
1302 2576 1485 2664 quod
1492 2577 1725 2645 electio
1750 2577 2034 2645 Oliverii
2050 2579 2260 2667 fuerit
2285 2581 2509 2667 nulla,

232 2707 267 2746 «
298 2682 409 2748 uti
431 2684 625 2772 facta
654 2694 889 2751 contra
926 2682 1440 2773 dispositionem
1487 2682 1668 2750 sacri
1720 2681 1997 2749 concilii
2041 2681 2116 2747 in
2155 2705 2515 2772 personam

232 2814 267 2853 «
294 2811 431 2856 non
459 2787 741 2855 doctoris
768 2811 975 2879 neque
999 2789 1333 2857 licentiati
1350 2789 1422 2855 in
1444 2790 1606 2877 jure
1633 2788 1968 2856 canonico.
2001 2787 2195 2856 Sacra
2232 2788 2521 2878 Congre-

231 2920 266 2960 «
297 2895 470 2982 gatio
486 2897 626 2981 jam
650 2896 771 2961 sub
800 2896 900 2962 die
956 2895 1037 2961 15
1090 2896 1453 2963 decembris
1488 2894 1660 2962 1708
1706 2896 2118 2985 rescripserat
2149 2918 2165 2961 ι
2201 2895 2520 2964 Exerceri

231 3026 268 3064 a
296 2999 703 3066 vicariatum
726 3022 848 3089 per
866 2998 1457 3082 Archidiaconum,
1479 3001 1750 3067 nomine
1783 3003 2011 3068 Sacrae
2047 3002 2521 3093 Conqreqatio-

233 3129 266 3170 «
295 3103 570 3189 nis‚sine
581 3102 983 3194 praejudicio
996 3104 1352 3171 ambarum
1359 3104 1671 3193 partium
1681 3126 1885 3193 usque
1906 3102 1999 3170 ad
2017 3102 2279 3171 exitum
2303 3126 2520 3175 causoe

234 3234 265 3272 «
295 3210 370 3276 in
398 3211 610 3276 Sacra
639 3209 1193 3300 Conqreyatione.
1227 3208 1559 3299 Proposita
1586 3210 1818 3278 deinde
1844 3232 2059 3294 causa,
2114 3212 2222 3279 An
2265 3223 2329 3278 et
2371 3235 2520 3302 quie

236 3338 269 3377 c<
301 3315 535 3383 electio
571 3316 1025 3383 substineatur
1053 3315 1129 3382 in
1178 3338 1333 3382 casu
1362 3319 1397 3381 Ρ
1428 3316 1679 3382 censuit
1709 3339 1724 3382 ε
1759 3319 2088 3385 Neutram
2142 3318 2515 3386 electionem

235 3446 268 3485 «
313 3422 699 3503 substineri,
743 3433 807 3489 et
844 3423 1008 3490 satis
1036 3422 1392 3511 provisum
1431 3422 1505 3488 in
1540 3443 1903 3511 personam
1949 3421 2442 3490 Archidiaconi.
2474 3447 2509 3487 »

227 3526 405 3618 Ergo
437 3530 697 3617 quando
724 3529 959 3596 adsunt
995 3530 1286 3597 doctores
1307 3530 1554 3608 idonei,
1578 3528 1715 3596 'nisi
1741 3529 2020 3617 eligatur
2051 3529 2293 3612 doctor,
2328 3552 2520 3619 regu-

229 3634 451 3702 lariter
486 3635 711 3703 electio
746 3641 838 3703 est
877 3635 1086 3718 nulla,
1118 3636 1312 3701 etiam
1344 3636 1397 3703 si
1430 3636 1673 3703 electus
1718 3630 1881 3702 esset
1914 3634 2194 3702 vicarius
2233 3635 2520 3705 defuncti

229 3738 558 3831 Episcopi.
602 3740 688 3809 Ut
729 3747 946 3809 autem
987 3740 1389 3829 intelligatur
1430 3763 1630 3830 quam
1672 3741 1863 3808 firma
1904 3742 1988 3808 sit
2033 3747 2094 3807 et
2131 3746 2304 3808 certa
2351 3763 2520 3832 prae-

230 3845 398 3914 dicta
444 3847 761 3937 generalis
805 3849 1049 3935 regula,
1092 3846 1647 3915 transcribendam
1700 3846 2002 3914 duximus
2056 3847 2517 3917 indicationem

230 3954 583 4040 quamdam
622 3953 1027 4021 decisionum
1077 3977 1114 4021 a
1165 3952 1357 4022 Sacra
1401 3952 1916 4043 Congregatione
1963 3954 2223 4021 concilii
2272 3955 2394 4022 hac
2441 3956 2521 4024 de

232 4080 299 4126 re
328 4067 817 4150 emanatarum‚
866 4084 1067 4153 quam
1118 4063 1481 4151 reperimus
1521 4062 1591 4128 in
1631 4062 1967 4128 Thesauro
2005 4063 2525 4154 resolutionum,'

234 4169 410 4235 tomo
429 4165 760 4250 XXXVII,
813 4168 1052 4257 pagina
1080 4167 1211 4236 238
1250 4193 1264 4235 ε
1306 4191 1340 4231 ε(
1384 4165 1599 4245 Quare
1640 4166 1832 4234 Sacra
1873 4166 2012 4234 haec
2064 4167 2515 4259 Congregatio‚
2620 4249 2623 4254 ,

248 4275 563 4342 «concilii
592 4273 957 4342 Tridentini
986 4276 1222 4343 vindex
1244 4296 1318 4341 ac
1342 4280 1555 4340 custos
1587 4273 1678 4363 (in
1711 4295 1840 4339 una
1871 4272 2265 4360 Mazariensi,
2305 4275 2384 4339 19
2412 4274 2522 4338 de-

251 4404 286 4443 «
322 4382 602 4450 cembris
648 4381 841 4472 1569)
890 4382 1226 4473 respondit
1260 4406 1277 4449 z
1313 4380 1855 4472 Archiepiscopus
1899 4382 2287 4451 constituere
2338 4376 2522 4444 debet

2213 4501 2279 4544 aa
