2930 4982
1122 321 1198 366 ot
1241 320 1566 368 camum.
2365 311 2491 369 40³

1135 578 1421 640 CAPUT
1474 579 1563 638 VI

767 750 1057 796 POTESTAS
1099 750 1370 800 currum
1404 751 1602 804 QUOAD
1629 751 1905 798 PAENAMA

301 963 331 998 «
370 936 469 1002 Ad
519 935 889 1024 capitulum
947 941 1187 1026 spectat
1227 934 1499 1004 facultas
1550 937 1917 1027 capellanos
1963 935 2252 1026 aliosque
2300 937 2495 1006 eccle·

216 1042 308 1109 siae
354 1043 441 1132 (1)
487 1043 826 1111 ministros
851 1041 1145 1131 ejusdem
1188 1042 1444 1109 servitio
1484 1044 1912 1134 mancipatos,
1956 1043 2209 1132 quoties
2261 1043 2330 1110 in
2371 1042 2497 1111 ali-

213 1146 436 1234 quibus
484 1168 562 1213 ex
627 1146 945 1234 injunctis
1003 1147 1388 1216 muneribus
1449 1170 1562 1216 seu
1620 1148 1851 1217 officiis
1903 1149 2318 1238 delinquunt,
2380 1169 2498 1239 per

211 1251 468 1319 modum
504 1251 805 1319 fraternae
833 1253 1246 1322 correctionis
1276 1255 1620 1343 mulctare,
1651 1255 1978 1324 mediante
2011 1255 2349 1324 fructuum
2378 1274 2492 1323 seu

211 1357 729 1425 distributionum
755 1358 1083 1428 moderata
1104 1360 1536 1429 subtractione
1564 1384 1680 1453 per
1705 1361 2042 1430 modicum
2064 1366 2346 1450 tempus,
2378 1381 2492 1430 seu

210 1461 318 1530 alia
336 1465 536 1532 simili
576 1464 705 1531 levi
730 1465 998 1533 mulcta.
1034 1491 1066 1532 ι)
1103 1466 1195 1534 lta
1227 1488 1383 1549 cum
1409 1467 1725 1537 sententia
1752 1467 2094 1538 communi
2137 1466 2495 1535 canonista·

211 1589 344 1636 rum
372 1569 854 1639 Scarfantonius
878 1570 952 1662 (t.
986 1570 1039 1657 1,
1066 1595 1132 1663 p.
1173 1572 1291 1658 20,
1319 1594 1389 1641 n.
1434 1573 1545 1657 37,
1578 1575 1731 1643 edit.
1762 1574 1983 1659 Lucae,
2019 1572 2240 1664 1723).

291 1702 324 1741 «
363 1676 607 1745 Mulcta
635 1699 788 1745 vero
830 1699 977 1767 quae
1011 1679 1081 1745 fit
1121 1679 1445 1747 mediante
1491 1681 1934 1750 subtractione
1975 1680 2313 1748 fructuum
2354 1677 2489 1748 sive

211 1780 758 1865 distributionum,
786 1805 904 1874 pro
929 1784 1269 1875 punitione
1297 1786 1825 1856 beneficiatorum
1857 1786 2383 1877 delinquentium
2411 1786 2485 1854 in

208 1908 414 1956 eorum
444 1890 704 1974 officiis,
736 1891 1112 1958 nullatenus
1137 1892 1363 1966 cedem
1391 1893 1581 1960 debet
1605 1895 1676 1960 in
1714 1894 2172 1983 particularem
2199 1899 2485 1959 statuen-

205 1993 380 2080 tium,
409 1996 707 2065 videlicet
726 1996 1193 2087 capitularium
1215 1996 1596 2087 utilitatem,
1622 2020 1735 2066 seu
1767 1999 2217 2084 commodum,
2246 1995 2357 2065 sed
2389 1995 2486 2063 vel

204 2099 265 2166 in
293 2123 735 2190 communem,
771 2104 876 2172 vel
913 2104 1224 2188 ecclesiae,
1272 2106 1703 2174 convertenda
1726 2112 1841 2174 est.
1875 2132 1910 2172 »
1951 2104 2480 2194 (ScarfantoniuS,

201 2206 358 2274 ibid.
373 2258 391 2289 ‚
418 2209 532 2295 qui
563 2214 625 2276 et
646 2210 835 2276 refert
855 2212 944 2277 ita
966 2212 1256 2279 decisum
1274 2211 1524 2301 pluries
1546 2233 1584 2278 a
1601 2210 1815 2301 Rota.)

294 2337 330 2376 «
375 2310 494 2381 Jus
520 2334 669 2382 vero
706 2314 1065 2382 mulctandi
1094 2317 1275 2383 venit
1302 2317 1371 2383 in
1401 2315 1730 2406 sequelam
1772 2316 1948 2406 juris
1989 2312 2375 2405 praesidendi
2417 2312 2488 2380 in

203 2418 449 2488 choro..
466 2470 480 2487 .
504 2418 781 2489 Proinde
798 2421 1033 2490 dictam
1053 2421 1532 2512 praesidentiam
1554 2423 1823 2506 bahem,
1848 2444 1964 2514 per
1980 2419 2329 2510 aliqualem
2346 2435 2485 2491 mo-

202 2522 407 2591 dicam
435 2525 889 2595 coercitionem
913 2534 975 2595 et
1002 2550 1290 2618 poenam,
1319 2535 1394 2597 ut
1421 2529 1730 2609 diximuS,
1767 2528 2209 2598 inobedientes
2236 2533 2300 2595 et
2328 2546 2484 2596 con·

201 2633 478 2699 tumaces
506 2654 580 2700 ac
607 2635 678 2701 in
704 2634 943 2703 divinis
971 2635 1354 2705 ministeriis
1387 2637 1863 2727 delinquentes,
1890 2635 2126 2726 punire
2167 2638 2373 2725 potest
2403 2653 2480 2701 ac

201 2734 384 2801 debet
411 2760 513 2819 3...
565 2741 716 2827 quia
761 2740 1050 2831 alioquin
1094 2742 1308 2810 inanis
1352 2749 1516 2810 esset
1564 2743 1960 2832 jurisdictio,
2008 2739 2065 2807 si
2110 2740 2336 2806 saltem
2374 2740 2486 2825 jus

203 2838 476 2906 modicae
505 2844 897 2913 coercitionis
925 2869 1060 2914 non
1089 2847 1377 2929 haberet,
1406 2854 1485 2914 ut
1505 2848 1748 2937 optimc
1772 2847 1841 2913 in
1871 2846 1978 2913 his
2004 2842 2304 2911 terminis
2326 2840 2487 2909 Rota

203 2943 549 3035 (decisione
573 2945 731 3035 693,
756 2969 824 3015 n.
855 2948 924 3036 8,
950 2988 1042 3001 —
1064 2951 1177 3030 66,
1204 2976 1274 3019 n.
1309 2954 1417 3037 14,
1444 2990 1537 3004 —-
1559 2960 1621 3019 et
1645 2951 1777 3021 253
1804 2973 1922 3042 per
1943 2955 2181 3033 totum,
2208 2948 2487 3015 —inter

202 3050 606 3139 recentioreS‚
638 3060 800 3143 part.
833 3056 948 3144 vi).
984 3080 1020 3120 »

293 3183 325 3221 «
370 3157 560 3238 Quod
602 3160 761 3227 adeo
786 3167 1015 3229 verum
1045 3169 1162 3251 est,
1191 3168 1262 3233 ut
1288 3162 1437 3230 licet
1464 3163 1546 3231 ad
1577 3161 1975 3252 Episcopum
2013 3160 2222 3228 solum
2253 3166 2486 3252 spectet

208 3265 503 3331 correctio
537 3271 599 3331 et
631 3265 885 3354 punitio
915 3267 1303 3336 delictorum
1338 3290 1610 3336 suorum
1647 3268 2086 3350 subditorum,
2121 3288 2275 3335 cum
2312 3266 2481 3358 apud

208 3388 345 3436 eum
384 3370 793 3442 solummodo
833 3373 1103 3441 resideat
1148 3374 1244 3441 vis
1285 3374 1595 3459 coactiva,
1631 3380 1910 3442 attamen
1953 3378 2246 3464 respectu
2281 3374 2481 3443 delic-

180 3464 405 3542 'torum
435 3476 712 3554 levium,
753 3479 1252 3547 commissorum
1287 3482 1457 3549 circa
1499 3481 1720 3549 divina
1765 3481 1979 3549 officia
2016 3480 2087 3548 in
2131 3480 2482 3548 cathedrali

211 3580 462 3669 ejusque
506 3580 796 3649 ecclesiae
830 3584 1164 3651 servitium
1196 3608 1312 3675 per
1353 3586 1766 3654 beneficiatos
1793 3587 2081 3676 aliosque
2124 3586 2480 3664 ministros,

213 3702 469 3776 quaeque
513 3709 655 3755 non
701 3693 855 3754 sunt
883 3689 1207 3779 punibilia
1233 3692 1302 3758 in
1333 3692 1535 3759 forma
1569 3691 1893 3780 judiciali,
1928 3691 2038 3760 sed
2067 3713 2183 3781 per
2210 3689 2486 3756 modum

213 3785 487 3862 fraternae
525 3795 967 3880 correctioniS,
1015 3801 1089 3863 ut
1142 3819 1337 3888 supra
1386 3796 1875 3888 explicavimuS,
1914 3793 2182 3865 illorum
2234 3791 2489 3884 punitio

216 3915 278 3963 ac
318 3900 628 3969 correctio
671 3907 910 3989 spectat
954 3903 1034 3971 ad
1080 3905 1469 3994 capitulum,
1508 3903 1681 3994 quod
1727 3903 1798 3971 in
1831 3901 2102 3976 ecclesia
2137 3895 2486 3967 cathedrali

219 3999 475 4091 figuram
505 4006 763 4076 domini
792 4006 965 4075 facit.
996 4032 1030 4072 >2
1070 4007 1601 4100 (Scarlantonius‚
1627 4010 1771 4077 loco
1801 4009 2018 4088 citat0,
2049 4025 2117 4072 n.
2152 4004 2292 4093 41.)

291 4107 423 4180 Hoc
445 4120 671 4181 tamen
714 4115 1213 4205 intelligendum
1256 4124 1349 4187 est
1377 4123 1635 4186 tantum
1673 4111 1935 4201 quando
1964 4110 2324 4202 Episcopus
2353 4128 2486 4184 non

276 4288 332 4351 (1)
368 4290 593 4355 Intellige
612 4293 830 4343 ccclesiae
852 4295 1171 4345 cathedralis
1191 4294 1519 4345 beneficiatos
1536 4290 1816 4349 inferiores,
1847 4301 2030 4355 nempe
2050 4287 2357 4351 capellanos,
2382 4287 2500 4339 Pof‘

225 4365 465 4432 nonarius,
493 4374 882 4436 mansionarios,
906 4378 1110 4426 assistos
1137 4380 1193 4426 et
1221 4376 1360 4426 alto&
