2930 4982
396 355 522 411 346
1365 343 1715 410 'raAcu‘Tos

392 484 830 552 communiter
854 482 1243 567 admissum,
1276 484 1416 551 dari
1446 505 1632 575 posse
1666 484 1735 550 in
1766 482 2052 551 favorem
2084 481 2388 574 Episcopi
2418 501 2669 550 consue·

393 591 686 659 tudinem
741 588 1034 678 legitime
1087 592 1529 682 praescriptam
1559 643 1579 678 ,
1636 591 1703 659 vi
1764 592 1956 680 cujus
2010 612 2047 659 a
2112 589 2257 658 tali*-
2292 588 2674 679 obligatione

391 698 733 764 eximatur.
790 696 867 764 In
918 696 1228 765 solvenda
1268 719 1423 787 ergo
1470 698 1595 765 hac
1636 696 1886 766 difficili
1922 693 2311 786 ,quaa-stione,
2371 716 2506 763 non
2547 700 2676 763 tan-

389 809 533 871 turn
561 803 1032 872 attendendum
1076 809 1172 873 est
1216 804 1374 894 quid
1411 806 1523 895 jus
1572 824 1922 872 commune
1958 803 2280 886 decernat,
2337 802 2447 870 sed
2490 800 2676 870 etiam

389 908 715 1000 quomodo
751 910 863 998 jus
903 907 1065 976 illud
1111 931 1227 1000 per
1278 910 1777 979 consuetudines
1828 911 2180 978 contrarias
2231 907 2430 976 soleat
2469 907 2679 976 mode-

389 1037 544 1083 rari.
597 1013 760 1082 Rem
805 1020 1005 1083 totam
1032 1037 1151 1107 pro
1192 1038 1375 1107 posse
1423 1017 1670 1109 triplici
1707 1016 2000 1106 sequenti
2036 1012 2475 1106 propositione
2522 1016 2676 1104 pan-

392 1121 631 1189 dimus.

482 1226 860 1294 Pnorosmo
918 1227 1004 1294 1⁰.
1060 1264 1153 1278 —
1208 1229 1564 1346 Tanquam
1621 1237 1800 1294 certa
1842 1221 2262 1293 admittenda
2312 1233 2409 1290 est
2453 1223 2670 1313 requla

389 1331 747 1421 qeneralis‘,
801 1332 1028 1400 debere
1063 1332 1475 1451 Episcopum
1510 1333 1582 1400 in
1609 1331 1916 1400 omnibus
1958 1330 2187 1399 arduis
2216 1329 2498 1420 neqotiis
2531 1351 2668 1397 con-

388 1435 621 1504 silium
647 1437 939 1529 capituli
962 1438 1302 1528 exquirere
1323 1461 1345 1505 .·
1374 1450 1448 1506 at
1481 1438 1688 1506 simul
1713 1449 1966 1505 certum
2003 1448 2098 1505 est
2117 1436 2272 1505 dari
2288 1458 2487 1527 posse
2523 1456 2666 1502 con-

390 1540 802 1609 suetudinem
850 1565 999 1632 quoe
1042 1543 1449 1634 Episcopum
1490 1567 1533 1611 a
1571 1543 1703 1611 tali
1735 1542 2004 1634 requla,
2052 1564 2133 1609 ea:
2171 1552 2370 1632 parte
2412 1540 2659 1625 saltem,

392 1646 667 1713 eximat.
699 1684 792 1698 —
827 1646 899 1714 ln
960 1650 1366 1736 agnoscendo
1411 1650 1524 1716 illo
1588 1647 1874 1737 generali
1932 1647 2253 1740 principio
2291 1644 2665 1714 concordant

379 1754 764 1820 canonistas.
813 1753 1037 1822 Unum
1067 1760 1323 1823 tantum
1373 1754 1743 1838 citabimus,
1798 1777 1954 1823 cum
1983 1776 2087 1823 res
2124 1757 2299 1821 extra
2320 1756 2665 1821 controver-

390 1857 550 1926 siam
596 1861 803 1948 posita
833 1859 957 1928 sit:
1003 1885 1039 1925 «
1074 1860 1359 1952 Capituli
1401 1861 1748 1930 consilium
1798 1859 1910 1954 (ait
1935 1859 2253 1940 FerrariS‚
2281 1880 2440 1928 voce
2485 1856 2662 1948 Capi·

400 1991 434 2027 «
482 1965 724 2047 tulum,
768 1973 888 2035 art.
925 1966 1016 2057 3),
1059 1969 1138 2036 de
1166 1970 1383 2059 primo
1413 1970 1494 2037 ad
1539 1968 1854 2036 ultimum
1883 1967 2134 2057 requiri
2184 1966 2376 2034 debet
2416 1966 2483 2032 in
2520 1985 2658 2031 om-

399 2096 432 2135 «
469 2073 663 2140 nibus
692 2074 911 2142 arduis
934 2073 1236 2143 Ecclesiae
1288 2075 1586 2166 negotiis.
1641 2074 1823 2166 (Cap.
1866 2073 2073 2145 Novit
2100 2075 2188 2156 43
2231 2093 2373 2162 cap.
2418 2073 2657 2155 Quanto

399 2202 432 2240 «
480 2176 562 2256 5;
598 2200 741 2270 cap.
781 2181 1156 2248 Pastoralis
1180 2184 1247 2266 9,
1284 2185 1379 2250 De
1407 2183 1491 2250 iis
1517 2204 1665 2271 quoe
1701 2181 1883 2271 fiunt
1925 2203 1967 2247 a
2009 2178 2322 2248 Praelatis
2362 2176 2497 2245 sine
2531 2197 2657 2244 con·

401 2309 433 2347 «
476 2305 670 2352 sensu
706 2285 1045 2377 capituli.)
1083 2287 1371 2356 Ecclesia
1400 2289 1575 2355 enim
1617 2287 1812 2354 habet
1851 2291 2177 2371 senatum,
2213 2290 2461 2353 coetum
2505 2303 2656 2374 pres-

395 2414 428 2452 «
474 2389 849 2476 byterorum
881 2393 970 2484 (id
1000 2399 1116 2482 est,
1152 2394 1563 2486 capitulum),
1600 2396 1741 2463 sine
1779 2413 2063 2484 quorum
2094 2391 2368 2461 consilio
2411 2389 2655 2458 Praelato

399 2521 430 2556 «
479 2496 647 2563 nihil
673 2519 863 2587 agere
893 2500 1068 2587 licet,
1094 2508 1168 2568 ut
1190 2502 1430 2590 legitur
1454 2503 1523 2569 in
1549 2504 1755 2594 capite
1778 2502 2082 2570 Ecclesia
2107 2500 2312 2567 habet
2345 2509 2655 2580 senatum,

398 2624 430 2665 (ι
471 2599 534 2687 7,
564 2621 738 2667 caus.
804 2605 909 2685 16,
955 2627 1020 2691 q.
1075 2607 1134 2672 1.
1171 2606 1253 2673 Et
1295 2608 1444 2675 facit
1497 2608 1579 2676 ad
1628 2610 1754 2677 hoc
1805 2608 2162 2677 concilium
2193 2605 2653 2688 Tridentinum,

395 2704 748 2773 «sessione
781 2707 906 2794 24,
901 2709 1265 2800 capite12,
1289 2716 1384 2780 De
1411 2715 1920 2804 reformatione,
1952 2714 2122 2781 circa
2148 2713 2365 2787 finem,
2398 2708 2555 2775 ubi:
2584 2719 2655 2774 ut

398 2834 430 2871 «
477 2796 712 2877 merito
754 2796 1072 2881 Ecclesiae
1129 2827 1399 2886 senatus
1456 2817 1591 2887 dici
1643 2821 1888 2912 possit.
1947 2819 2252 2908 Adeoque
2289 2837 2403 2908 pro
2450 2812 2659 2880 arduis

396 2942 428 2978 (ι
469 2914 773 2985 Ecclesiae
803 2918 1075 3008 negotiis
1096 2920 1508 3012 expediendis
1531 2932 1691 2994 esset
1709 2947 1966 3016 semper
1983 2922 2448 3012 requirendum
2471 2919 2658 3008 hujus

396 3045 428 3082 «
476 3022 890 3093 ecclesiastici
939 3033 1194 3096 senatus
1228 3031 1602 3099 consilium.
1653 3033 1738 3101 At
1764 3054 1917 3100 vero
1946 3032 2075 3099 fere
2108 3029 2353 3119 ubique
2403 3026 2657 3094 habetur

395 3150 428 3188 «
475 3126 544 3192 in
584 3126 889 3217 plurimis
928 3135 1325 3203 consuetudo
1357 3138 1677 3205 contraria
1706 3162 1722 3221 ;
1756 3160 1885 3228 qua
1917 3136 2208 3226 legitime
2239 3139 2511 3221 extante,
2541 3150 2654 3198 non

390 3256 426 3295 «
473 3236 754 3323 amplius
802 3239 1158 3326 requiritur
1196 3243 1401 3331 ipsius
1440 3244 1706 3333 capituli
1742 3245 2114 3312 consilium.
2148 3241 2356 3309 Textu
2386 3256 2653 3330 expresso

394 3361 426 3399 «
473 3336 542 3404 in
568 3341 774 3428 capite
800 3345 952 3412 Non
978 3357 1096 3428 est,
1126 3346 1193 3424 3,
1220 3345 1298 3413 de
1328 3349 1811 3433 consuetudine,
1842 3351 1910 3415 in
1941 3348 2006 3415 6.
2049 3372 2084 3412 >³

472 3440 546 3508 ln
576 3446 1035 3534 propositione,
1072 3450 1232 3517 dum
1262 3452 1733 3523 affirmavimus
1757 3456 1895 3523 dari
1931 3476 2114 3546 posse
2137 3451 2646 3521 consuetudinem

381 3568 526 3638 quae
552 3546 949 3642 Episcopum
985 3576 1021 3621 a
1062 3557 1366 3644 praedicta
1416 3558 1811 3649 obligatione
1859 3561 2123 3646 eximat,
2165 3557 2552 3638 addidimus,
2580 3573 2647 3620 ex

375 3663 576 3742 parte
616 3655 860 3724 saltem
890 3680 914 3725 .·
944 3680 1097 3727 nam
1140 3667 1363 3729 utrum
1415 3687 1532 3754 per
1563 3665 2099 3735 consuetudinem
2130 3665 2221 3733 ita
2258 3661 2646 3755 praescribere

246 3771 259 3777 '
379 3761 579 3849 possit
628 3761 987 3854 Episcopus
1034 3775 1257 3834 oont1a
1304 3770 1649 3857 praefatam
1669 3771 2156 3861 obligationem,
2212 3775 2286 3837 ut
2325 3784 2647 3858 nunquam

380 3867 493 3930 et
472 3888 545 3932 m
581 3869 784 3936 nullis
810 3867 1006 3936 rebus
1035 3876 1327 3940 teneatur
1357 3878 1627 3965 capituli
1669 3878 2020 3947 consilium
2046 3874 2385 3963 adhibere,
2414 3865 2648 3964 speciali

378 3974 816 4059 propositione
844 3973 1012 4042 infra
1040 3979 1490 4069 expendimus.

471 4072 843 4147 Pnorosrno
891 4078 984 4147 2⁰.
1035 4118 1125 4132 —-
1170 4087 1436 4152 Dantur
1492 4088 1809 4178 speciales
1872 4111 2064 4157 casus
2111 4088 2181 4155 in
2233 4086 2473 4176 quibus
2508 4083 2652 4173 jura

380 4201 541 4271 erp?
544 4202 674 4249 esse
724 4184 1082 4255 decernunt
1131 4192 1593 4282 requirendum
1623 4194 1710 4261 ab
1746 4195 2074 4286 Episcopo
2129 4215 2260 4260 esse
2300 4188 2652 4260 Consilium

378 4289 719 4380 capituli:
743 4302 845 4356 ast
876 4293 1079 4358 etiam
1115 4297 1186 4361 in
1206 4297 1307 4366 his
1343 4301 1601 4368 casibus
1633 4313 1852 4391 potest
1877 4301 2247 4391 Episcopus
2275 4320 2319 4365 a
2344 4296 2473 4365 tali
2494 4288 2648 4363 obli-

377 4395 654 4481 qatione
669 4417 799 4488 per
841 4398 1377 4472 consuetudinem
1434 4408 1844 4476 contrariam
1878 4406 2175 4498 leqitime
2201 4382 2647 4498 praescriptam
