2930 4982
352 346 386 402 9
401 347 434 400 2
1326 353 1669 400 TRACTATUS

348 477 699 575 byteratuS‚
748 480 988 546 attenta
1022 477 1227 569 ipsius
1274 474 1705 560 institutione,
1762 475 1972 564 prima
2016 479 2159 565 post
2207 473 2639 564 episcopalem

351 583 669 672 dignitas3
715 586 890 651 unde
933 585 1003 652 in
1044 583 1329 674 antiquis
1379 581 1745 650 canonibus
1786 585 2239 653 memorantur
2289 579 2641 671 archipres-

350 690 558 779 byteri
586 691 801 780 primo
841 692 983 759 loco
1011 691 1206 757 etiam
1247 693 1397 757 ante
1428 688 1960 757 archidiaconos:
2006 685 2382 757 Statuimus
2404 696 2481 753 ut
2505 686 2639 756 sin-

346 798 503 888 quli
537 810 840 866 nostrum
867 794 1360 866 cathedralibus
1402 793 1685 863 ecclesiis
1717 794 2392 887 archipresbyterum,
2425 794 2639 865 archi-

349 900 703 971 diaconum
752 915 817 971 et
859 900 1317 993 primicerium
1375 899 1617 969 babere
1674 900 2048 970 debeamus,
2098 901 2324 993 (Conc.
2361 901 2631 970 Emerit.

349 1029 491 1077 can.
550 1008 688 1097 10.)
737 1007 888 1077 Alia
934 1008 1310 1098 hujusmodi
1358 1013 1785 1076 monumenta
1831 1009 1984 1075 citat
2024 1006 2302 1077 Sarnelli
2358 1007 2637 1099 (Lettere

350 1113 571 1182 eccles.
605 1120 766 1182 tom.
814 1114 870 1199 I,
907 1115 1130 1184 lettera
1156 1113 1299 1205 26.)
1334 1114 1578 1182 Curam
1614 1114 1985 1183 animarum
2027 1120 2088 1182 et
2111 1113 2640 1204 jurisdictionem

349 1219 747 1287 ordinariam
804 1221 1206 1289 exercebant.
1258 1219 1334 1287 In
1376 1222 1730 1288 exercenda
1771 1242 1922 1288 vero
1976 1219 2428 1310 jurisdictione
2461 1221 2637 1293 ,ordi-

350 1328 555 1409 naria,
589 1326 1104 1417 archipresbyter
1138 1328 1308 1394 sicut
1334 1332 1395 1398 et
1435 1326 1929 1394 archidiaconus
1966 1332 2102 1394 erat
2130 1326 2411 1395 vicarius
2446 1332 2634 1395 natus

346 1432 695 1523 Episcopi:
749 1435 818 1501 in
867 1435 995 1502 hoc
1052 1434 1355 1502 differens
1392 1434 1476 1502 ab
1505 1433 1836 1504 hodiernis
1884 1433 2137 1502 vicariis
2191 1433 2629 1524 generalibus,

346 1538 461 1627 qui
482 1539 871 1606 revocabiles
904 1539 1156 1607 suntad
1182 1545 1443 1607 nutum.

436 1643 749 1725 Quamvis
791 1650 1012 1712 autem
1063 1645 1310 1733 ambigi
1354 1645 1457 1713 vix
1505 1650 1700 1734 queat
1738 1645 1903 1734 quin
1954 1645 2139 1713 initio
2187 1606 2638 1737 archipresby·

349 1748 465 1817 teri
489 1751 975 1820 antecelluerint
997 1751 1464 1820 archidiaconis
1499 1757 1721 1843 utpote
1745 1753 1972 1821 ordine
1999 1775 2177 1821 sacro
2198 1753 2632 1840 inferioribuS,

346 1859 562 1923 tamen
591 1862 843 1950 certum
871 1862 965 1925 est
1002 1858 1228 1926 iisdem
1261 1864 1480 1950 postea
1517 1858 1840 1947 subjectos
1881 1858 2119 1927 fuisse:
2160 1861 2246 1925 Ut
2274 1857 2639 1948 archipres-

347 1959 536 2048 byter
581 1961 748 2028 sciat
792 1984 860 2028 se
914 1960 1170 2029 subesse
1235 1961 1728 2048 archidiacono,
1787 1976 1849 2031 et
1907 1963 2048 2055 ejus
2082 1964 2444 2054 praeceptis
2490 1985 2632 2032 om-

345 2065 564 2149 nibus,
599 2066 706 2134 vel
723 2068 1304 2157 praeceptionibus,
1335 2068 1507 2136 sicut
1535 2066 1881 2159 Episcopi,
1923 2066 2184 2136 obedire
2210 2066 2397 2136 debet
2429 2068 2510 2158 (c.
2553 2070 2640 2135 Ut

346 2170 635 2261 archip„
677 2172 757 2239 de
796 2173 1013 2241 officio
1057 2172 1364 2264 archid).
1400 2172 1926 2242 Archidiaconus
1976 2173 2334 2242 secundum
2377 2183 2640 2241 statuta

346 2277 426 2344 B.
461 2276 706 2346 Isidori
751 2279 1039 2370 imperat
1074 2279 1550 2350 sacerdotibus.
1585 2280 2165 2372 Arcbipresbyteri
2192 2281 2311 2372 qui
2337 2278 2569 2349 decani
2597 2302 2643 2347 a

338 2381 641 2473 plebibus
678 2398 1177 2475 nuncupantur,
1221 2387 1358 2477 ejus
1378 2386 1843 2478 jurisdictioni
1869 2410 1936 2455 se
1970 2387 2278 2455 noverint
2308 2388 2645 2475 subjacere

347 2487 427 2578 (c.
463 2488 577 2556 Ad
605 2489 752 2576 boc,
784 2491 862 2559 de
890 2491 1107 2560 officio
1138 2493 1442 2584 archid).
1482 2493 1652 2563 Vide
1679 2491 1984 2579 Sarnelli,
2013 2495 2156 2560 loco
2190 2494 2383 2559 modo
2418 2495 2640 2561 citato·

345 2592 574 2662 Videri
612 2596 806 2663 etiarn
854 2602 1058 2687 potest
1101 2598 1573 2667 Thomassinus
1616 2598 1804 2688 (part.
1845 2597 1906 2680 1,
1957 2598 2005 2665 Ι.
2051 2597 2122 2680 2,
2159 2618 2217 2664 c.
2258 2596 2297 2666 3
2341 2601 2403 2663 et
2443 2594 2639 2687 seq.),

345 2700 461 2788 qui
506 2701 710 2769 multa
750 2701 830 2770 de
867 2703 1444 2794 archipresbyteris
1484 2702 1799 2792 congerit,
1844 2703 1953 2770 sed
1994 2701 2135 2770 fuse
2180 2703 2399 2792 potius
2436 2723 2639 2791 quam

345 2803 651 2876 dilucide.

433 2907 518 2978 11.
548 2909 722 2990 Quid
742 2914 823 2981 sit
844 2915 1037 2983 hodie
1060 2938 1133 2983 ex
1150 2917 1302 3005 jure
1323 2914 1664 2984 communi
1686 2914 2206 3005 archipresbyter
2224 2914 2629 2983 cathedralis.

363 3054 432 3065 -
487 3042 522 3081 «
567 3016 932 3088 Hodiernus
986 3021 1576 3112 archipresbyteros
1624 3042 1755 3088 non
1807 3042 1995 3090 secus
2033 3043 2110 3090 ac
2156 3021 2638 3089 archidiaconos

353 3147 387 3186 ι(
434 3124 713 3193 retinere
750 3126 962 3192 solum
1006 3127 1362 3215 quamdam
1404 3127 1693 3216 antiquae
1737 3126 2070 3216 dignitatis
2125 3125 2479 3214 imaginem
2524 3145 2641 3192 seu

354 3252 389 3292 «
428 3231 736 3319 reliquias
777 3233 868 3300 ait
900 3232 1247 3302 cardinalis
1284 3233 1363 3301 de
1406 3234 1609 3314 Luca,
1650 3236 1747 3299 De
1788 3231 2144 3316 canonicis,
2181 3232 2478 3300 discursu
2518 3228 2632 3313 30,

353 3355 386 3396 «
430 3354 499 3400 n.
535 3334 602 3401 7.
635 3361 668 3398 »
705 3336 1112 3421 (Leurenius‚
1134 3339 1284 3408 For.
1315 3341 1474 3407 eccl.
1509 3341 1580 3407 in
1608 3340 1654 3406 l.
1694 3339 1757 3417 1,
1790 3339 2025 3406 decret.
2055 3344 2283 3426 quaest.
2312 3336 2497 3427 654.)

430 3438 970 3531 Archipresbyter
1018 3449 1238 3512 tamen
1292 3445 1699 3527 cathedraliS,
1755 3443 1904 3511 licet
1944 3443 2136 3511 hodie
2181 3442 2637 3532 jurisdictione

343 3544 681 3614 destitutus
745 3569 865 3616 nec
915 3572 1142 3619 curam
1193 3551 1570 3619 animarum
1613 3571 1872 3638 gerens,
1927 3549 2037 3617 sed
2085 3548 2333 3618 habens
2379 3552 2637 3620 tantum

340 3650 630 3741 aliquam
680 3656 1177 3745 praecedentiam
1220 3657 1433 3745 quoad
1469 3656 1841 3737 canonicOS‚
1892 3660 1986 3724 est
2032 3655 2335 3744 dignitas.
2382 3652 2637 3724 Ruralis

344 3762 560 3828 autem
586 3761 1100 3852 archipresbyter
1119 3783 1253 3830 non
1271 3767 1367 3829 est
1388 3761 1696 3851 dignitaS,
1732 3763 1905 3833 unde
1930 3784 2049 3829 nec
2071 3766 2277 3851 potest
2295 3782 2430 3842 esse
2453 3760 2637 3828 dele-

343 3867 530 3951 gatus
561 3863 741 3932 Sedis
771 3866 1183 3957 Apostolicae.
1222 3866 1636 3955 (LeureniuS,
1666 3868 1806 3934 loco
1829 3864 1969 3952 cit.)

434 3967 500 4037 Si
527 3972 674 4058 quis
701 3977 918 4041 autem
941 3975 1097 4041 velit
1120 3973 1602 4062 praerogativas,
1631 3970 1999 4037 etiamnum
2021 3969 2100 4037 de
2120 3971 2272 4059 jure
2291 3972 2637 4040 communi

341 4076 900 4167 archipresbytero
950 4083 1409 4170 competentes,
1459 4077 1842 4162 describere,
1896 4078 1965 4148 in
2007 4099 2255 4146 vanum
2304 4078 2631 4157 cantabit3

341 4202 492 4252 cum
512 4186 652 4273 jam
676 4208 713 4254 a
737 4186 947 4254 multo
976 4192 1267 4278 tempore
1291 4184 1707 4267 consuetudO,
1741 4189 1971 4252 statuta
1994 4189 2057 4253 et
2079 4184 2291 4275 praxis
2309 4184 2635 4267 lucorum,

343 4288 541 4358 unica
596 4291 728 4359 sint
776 4289 1004 4380 regula
1054 4297 1224 4372 certa
1275 4291 1354 4359 ad
1404 4289 1784 4380 hujusmodi
1829 4288 2280 4380 praerogativas
2327 4286 2638 4356 determi-

344 4396 618 4476 nandas.
642 4394 916 4475 Quando
942 4401 1162 4465 autem
1192 4394 1708 4487 archipresbyter
1735 4401 1829 4464 est
1855 4396 2054 4464 simul
2083 4393 2298 4486 prima
2324 4396 2628 4485 dignitas,
