2930 4982
1140 335 1217 379 DE
1263 334 1587 379 cn’twus.
2384 335 2506 390 449

256 483 286 524 ι(
316 455 830 546 nonique(verbo
850 453 1236 538 Se'minaire,
1258 475 1322 520 n.
1350 452 1442 544 6),
1470 454 1549 521 de
1568 454 1840 543 grandes
1856 459 2309 529 contestations
2333 470 2513 531 entre

254 588 286 629 «
313 563 401 630 les
425 545 707 651 Eveques
734 568 796 630 et
823 563 915 629 les
950 561 1451 644 communautes
1476 560 1591 650 qui
1621 570 1734 629 ont
1756 562 1817 629 la
1845 563 2143 633 conduite
2168 567 2279 635 des
2306 569 2513 636 semi-

252 695 284 736 «
308 671 532 752 naireS,
563 670 823 758 lorsque
845 668 938 737 les
962 651 1257 758 Eveques
1299 667 1684 758 pretendent
1712 670 1889 735 avoir
1917 670 2026 737 des
2056 673 2303 740 raisons
2345 697 2513 765 pour

250 799 282 842 α
308 797 387 843 ne
408 798 519 865 pas
544 777 885 844 continuet·
912 776 992 843 de
1020 775 1263 843 confier
1285 778 1447 842 cette
1473 773 1777 842 conduite
1803 774 1838 841 a
1859 797 1963 843 ces
1990 782 2505 864 communautes,

250 905 281 946 α
306 902 416 949 sur
440 883 592 971 quoi
621 881 681 950 le
705 883 920 950 meme
948 887 1174 950 auteur
1192 882 1403 970 ajoute
1432 903 1449 947 ε
1485 879 1577 947 La
1607 881 1890 949 maxime
1917 889 2246 951 constante
2273 892 2516 979 estque

247 1013 278 1053 «
303 988 391 1055 les
417 989 796 1056 seminaires
851 993 996 1056 sont
1036 987 1280 1055 soumis
1315 992 1354 1054 a
1391 985 1457 1053 la
1509 987 1684 1055 seule
1704 988 2119 1077 juridiction,
2164 994 2435 1062 autorite
2459 1004 2520 1062 et

246 1119 278 1162 α
298 1095 713 1186 dependance
735 1094 847 1162 des
862 1076 1177 1184 EvequeS,
1203 1094 1460 1161 chacun
1478 1094 1639 1162 dans
1664 1116 1779 1162 son
1806 1096 2085 1176 diocese,
2108 1103 2172 1164 et
2191 1099 2360 1188 qu’il
2380 1099 2523 1167 leur

243 1227 275 1266 «
309 1206 402 1268 est
430 1201 684 1289 loisible
707 1201 1086 1290 d’aggreger
1104 1223 1186 1268 ou
1210 1199 1573 1290 d'expulser
1596 1200 1688 1268 les
1712 1202 1909 1290 sujets
1928 1207 2134 1270 toutes
2159 1209 2222 1272 et
2245 1216 2523 1294 quantes

245 1331 273 1372 (ι
300 1307 418 1375 fois
451 1309 531 1375 ils
563 1310 629 1376 le
645 1311 955 1398 jugeront
990 1309 1025 1375 a
1060 1329 1319 1398 propoS,
1346 1329 1540 1396 parce
1562 1307 1763 1397 qu'on
1793 1309 2098 1397 presume
2122 1310 2336 1401 qu'un
2364 1295 2522 1382 Eve-

243 1440 276 1479 «
297 1435 419 1503 que
444 1414 613 1483 n’est
642 1436 756 1505 pas
784 1413 1049 1505 capable
1076 1413 1377 1481 d'abuser
1409 1413 1488 1480 de
1520 1435 1637 1480 son
1668 1415 1960 1481 autorite.
1991 1440 2025 1479 >2

316 1518 390 1586 ll.
426 1520 512 1588 At
541 1543 698 1588 vero
738 1519 1059 1609 quidquid
1080 1518 1162 1586 sit
1188 1518 1268 1585 de
1300 1522 1656 1607 quaestione
1685 1541 1764 1586 an
1795 1519 2182 1609 praedictum
2204 1521 2318 1610 jus
2356 1525 2526 1613 capi-

234 1626 511 1695 tulorum
532 1628 608 1694 in
652 1628 1024 1710 seminaria,
1051 1628 1191 1715 jam
1220 1625 1408 1709 olim,
1442 1632 1590 1693 ante
1629 1625 2094 1694 concordatum
2123 1630 2282 1695 anui
2324 1629 2517 1708 1801,

234 1729 298 1799 in
321 1733 535 1802 Gallia
558 1733 922 1801 extinctum
954 1732 1223 1800 omnino
1248 1737 1357 1799 aut
1385 1754 1459 1799 ex
1487 1737 1667 1822 parte
1690 1733 1905 1818 fuerit,
1935 1734 2233 1803 revixisse
2263 1735 2332 1802 in
2357 1736 2527 1805 inte·

230 1859 418 1928 grum
446 1863 565 1930 per
592 1839 850 1907 bullam
894 1838 1028 1922 Qui
1059 1837 1309 1907 Christi
1335 1838 1613 1906 Domini
1650 1838 1942 1927 sequitur
1970 1862 2061 1907 ex.
2077 1842 2397 1933 principio
2424 1850 2522 1912 to-

232 1946 398 2013 tiesa
426 1946 618 2014 nobis
673 1945 983 2036 exposito,
1027 1949 1313 2011 recentes
1353 1943 1599 2010 scilicet
1624 1942 1851 2011 Gallia:
1894 1945 2192 2013 ecclesias
2233 1947 2357 2014 sub
2379 1951 2526 2038 jure

227 2053 571 2119 communi
601 2057 771 2119 ortas
796 2059 953 2117 tunc
971 2055 1033 2116 et
1061 2050 1438 2117 constitutas
1463 2049 1662 2115 fuisse
1683 2071 1701 2130 3
1727 2050 2058 2138 prioribus
2075 2052 2253 2118 enim
2285 2053 2531 2120 extinc-

227 2158 312 2223 tis
335 2162 402 2223 et
427 2158 814 2246 suppressis,
866 2155 1218 2222 extinctum
1248 2155 1487 2243 pariter
1523 2153 1649 2221 boc
1695 2153 1835 2243 ipso
1864 2154 1990 2221 fuit
2013 2157 2333 2244 quidquid
2361 2160 2529 2248 juris

224 2260 640 2352 particularis
668 2263 1055 2352 acquisitum
1103 2262 1266 2329 sorte
1310 2261 1467 2350 ipsis
1496 2261 1722 2327 fuerat.
1769 2259 1929 2327 Tota
1967 2282 2122 2349 ergo
2159 2263 2427 2351 quaestio
2453 2265 2532 2332 de

215 2369 375 2457 jure
411 2369 683 2459 capituli
722 2370 792 2436 in
823 2367 1167 2437 seminaria
1207 2366 1627 2456 expendenda
1669 2372 1763 2434 est
1791 2389 1867 2434 ex
1891 2367 2031 2456 ipso
2059 2370 2443 2439 concordato
2470 2377 2533 2439 et

221 2497 298 2545 ex
321 2476 528 2544 variis
563 2500 709 2567 quae
735 2479 1179 2545 successerunt
1207 2472 1742 2543 circumstantiis.

311 2582 421 2652 111.
447 2583 670 2653 Porro
710 2586 782 2653 in
808 2583 988 2651 bulla
1016 2583 1383 2651 concordati
1419 2587 1482 2649 et
1519 2582 1590 2649 in
1615 2581 1977 2650 subsecutis
2001 2583 2273 2652 decretis
2308 2585 2526 2656 Ponti-

216 2688 388 2757 ficiis
404 2741 424 2777 ‚
470 2692 720 2759 nedum
767 2693 1174 2782 perimantur
1219 2688 1394 2779 leges
1438 2688 1832 2757 Tridentinae
1881 2689 2096 2779 quoad
2132 2693 2416 2781 capitula
2466 2703 2529 2763 et

223 2796 608 2875 seminaria,
646 2797 865 2863 sedulo
889 2819 925 2863 e
970 2802 1192 2864 contra
1228 2800 1530 2862 monetur
1573 2802 1652 2861 ut
1698 2794 1770 2861 in
1810 2796 1969 2884 ipsis
2017 2797 2400 2865 ordinandis
2423 2821 2529 2866 ra-

218 2885 315 2967 tio
361 2898 685 2967 habeatur
726 2902 1132 2967 sanctionum
1185 2900 1653 2967 conciliarium'
1679 2906 1742 2966 et
1785 2903 2122 2968 sacrorum
2170 2923 2521 2973 canonum.

215 3004 415 3077 Unde
455 3028 539 3074 ex
574 3006 820 3098 duplici
866 3012 1114 3074 tantum
1149 3006 1338 3073 titulo
1368 3005 1672 3072 contendi
1713 3011 1922 3093 posset
1949 2991 2263 3075 hodierna
2301 3009 2525 3080 Gallia}

216 3111 512 3205 capitula
534 3113 831 3181 amisisse
848 3114 961 3203 jus
980 3112 1143 3180 illud
1172 3113 1243 3180 in
1270 3110 1618 3179 seminaria
1644 3109 1820 3199 quod
1844 3110 1997 3202 ipsis
2022 3112 2251 3181 tribuit
2270 3116 2369 3184 lex
2383 3117 2522 3187 Tri-

214 3220 487 3289 dentina
513 3243 532 3288 :
574 3221 637 3286 1⁰
664 3220 761 3287 Ex
779 3220 1036 3287 decreto
1056 3217 1378 3287 Gubernii
1400 3238 1548 3307 quae
1573 3216 1700 3283 alio
1726 3218 1919 3285 modo
1946 3218 2328 3290 determinat
2345 3246 2516 3294 com-

214 3326 613 3396 missionem
639 3348 759 3417 pro
787 3324 1348 3393 administratione
1384 3321 1741 3406 seminarii,
1790 3324 1896 3391 cui
1922 3324 2175 3394 decreto
2202 3350 2275 3396 ex
2300 3351 2519 3399 neces-

214 3433 400 3502 sitate
458 3433 835 3525 parendum
885 3438 1017 3513 est3
1052 3431 1120 3498 2⁰
1158 3452 1233 3499 ex
1262 3430 1442 3521 praxi
1491 3430 1812 3498 contraria
1851 3454 1997 3521 quoe
2033 3433 2176 3524 jam
2214 3458 2252 3504 a
2297 3439 2520 3507 multis

213 3540 747 3612 annisinvaluit.
776 3540 862 3608 At
890 3547 1118 3607 neutra
1142 3538 1306 3605 ratio
1335 3538 1591 3605 videtur
1618 3539 1850 3606 valida.

296 3648 418 3720 IV.
454 3639 840 3719 Fatendum
858 3646 1128 3735 quidem
1147 3648 1339 3712 estex
1365 3643 1617 3711 decreto
1639 3644 1681 3710 6
1709 3647 2083 3715 novembris
2109 3648 2278 3718 1813
2304 3651 2423 3737 (tit.
2448 3653 2518 3727 4,

209 3763 330 3825 art.
355 3757 504 3848 62),
540 3755 875 3823 decretam
896 3758 960 3820 et
995 3751 1328 3843 Episcopis
1351 3751 1723 3841 impositam
1750 3775 1787 3820 a
1814 3759 2114 3842 potestate
2143 3755 2307 3821 laica
2325 3753 2520 3823 fuisse

212 3863 766 3931 commissionem
821 3881 936 3949 pro
987 3857 1546 3926 administratione
1601 3856 1922 3925 bonorum
1978 3858 2340 3944 seminarii,
2396 3860 2519 3930 hoc

210 3971 408 4039 modo
447 3994 464 4038 :
501 3969 575 4037 Il
598 3989 744 4035 sera
766 3965 1005 4057 forme',
1026 3987 1218 4056 pour
1248 3961 1852 4032 l'administration
1877 3962 1985 4030 des
2017 3962 2197 4031 biens
2220 3963 2313 4033 du
2334 3965 2520 4037 se'mi-

208 4078 407 4146 naire
434 4075 523 4144 de
540 4075 795 4164 chaque
818 4071 1091 4160 diocese,
1121 4093 1214 4139 un
1245 4070 1492 4139 bureau
1514 4068 1822 4159 compose'
1838 4066 1918 4135 de
1949 4067 2094 4135 l'un
2122 4067 2231 4138 des
2256 4072 2523 4143 vicaires

208 4183 579 4273 qe'ne'raux
597 4178 1064 4271 quipresidera
1082 4200 1161 4246 en
1198 4176 1518 4245 l'absence
1551 4173 1630 4243 de
1656 4172 1972 4262 l’e'veque,
1999 4172 2090 4242 du
2117 4175 2438 4247 dz'recteur
2461 4194 2524 4246 et

210 4287 291 4357 de
318 4290 705 4358 l‘e'conome
728 4284 821 4352 du
841 4285 1219 4367 s'e'minaz‘re,
1248 4294 1313 4351 et
1334 4281 1498 4349 d‘un
1524 4278 1894 4369 quatrieme
1915 4284 2204 4364 membre
2220 4284 2524 4372 remplz‘s-

210 4407 372 4464 sant
397 4396 500 4463 les
528 4392 863 4484 fonctions
886 4389 965 4459 de
991 4388 1321 4478 ίνόεόνίεν,
1353 4386 1471 4477 qui
1503 4407 1650 4453 sera
1693 4386 1963 4455 nomme'
1980 4411 2114 4478 par
2151 4392 2208 4455 le
2230 4385 2527 4455 ministre

2215 4506 2287 4552 ss
