2930 4982
387 349 529 408 -332
1374 362 1722 410 ‘immarus

398 488 810 554 contumaces
848 488 1237 577 procedendi
1274 487 1354 554 ad
1389 484 1820 576 privationem
1845 484 2346 553 canonicatuum
2386 507 2503 553 seu
2530 509 2685 578 prae·

399 586 784 660 bandarum.

486 694 770 765 Cautum
810 706 903 768 est
947 723 983 769 a
1020 722 1204 770 sacro
1250 701 1524 770 concilio
1565 698 1947 768 Tridentino
1996 701 2169 788 (sess.
2216 699 2328 783 24,
2364 721 2423 767 c.
2468 699 2577 792 12)
2617 707 2684 769 ut

398 820 527 868 non
575 806 927 875 residentes
962 808 1179 898 primo
1221 829 1392 875 anno
1431 806 1771 897 priventur
1807 804 2079 873 dimidia
2125 812 2311 896 parte
2354 806 2681 875 fructuum

395 929 561 996 quos
610 914 858 981 ratione
910 915 1271 1004 proebendae
1312 937 1385 983 ac
1421 914 1784 981 residentiae
1827 913 2110 980 facerent
2157 935 2356 981 suos:
2409 914 2684 983 secundo

396 1034 550 1083 vero
571 1036 744 1084 anno
771 1019 1070 1108 privandi
1102 1026 1255 1088 sunt
1280 1020 1594 1088 omnibus
1624 1018 1984 1105 fructibus3
2015 1023 2082 1085 et
2112 1024 2438 1087 crescente
2461 1040 2683 1088 eorum

398 1125 830 1209 contumacia,
869 1126 947 1193 ad
976 1127 1410 1216 privationem
1459 1124 1873 1193 canonicatus
1897 1129 1991 1191 est
2019 1125 2528 1213 procedendum.
2562 1124 2683 1193 Ne-

398 1246 568 1294 cesse
593 1234 806 1295 tamen
837 1230 1128 1319 estquod
1156 1231 1517 1323 Episcopus
1548 1230 1768 1298 volens
1797 1230 2141 1321 procedere
2164 1230 2243 1297 ad
2259 1231 2680 1320 privationem

397 1353 471 1399 ex
500 1355 690 1403 causa
708 1357 837 1403 non
865 1335 1228 1404 residentiae
1258 1336 1556 1404 observet
1586 1357 1936 1426 poenarum
1976 1333 2218 1424 gradus
2248 1356 2286 1402 a
2311 1335 2484 1402 dicto
2520 1336 2678 1425 capi·

394 1439 534 1509 tulo
559 1442 897 1509 conciliari
921 1442 1327 1534 praescriptos
1353 1466 1369 1510 :
1399 1442 1717 1533 praecedat
1735 1442 1952 1510 citatio
1979 1440 2354 1532 personam,
2385 1442 2679 1531 quodque

395 1549 751 1616 canonicus
789 1547 872 1616 sit
907 1555 1255 1618 contumax
1298 1550 1366 1616 in
1414 1571 1549 1617 non
1589 1547 1929 1616 residendo
1970 1569 2084 1639 per
2114 1548 2472 1616 triennium
2508 1547 2678 1639 (Bar-

395 1651 573 1731 bosa,
607 1674 748 1743 cap.
785 1654 891 1737 12,
918 1677 986 1722 n.
1013 1656 1130 1741 70;
1163 1694 1254 1709 —
1280 1654 1668 1731 Benedictus
1684 1651 1866 1739 XIV,
1896 1654 2212 1721 institutio
2242 1652 2395 1733 107,
2429 1652 2536 1741 §6
2553 1680 2572 1740 ;
2599 1690 2679 1706 -

391 1754 574 1843 Rota,
605 1781 822 1827 coram
855 1759 1158 1851 Seraph.,
1191 1761 1388 1829 decis,
1443 1760 1644 1839 1346,
1677 1784 1745 1828 n.
1788 1759 1878 1851 5).
1916 1762 2124 1828 Aliter
2160 1759 2530 1827 enim‘facta
2554 1760 2679 1850 pri·

391 1866 560 1932 vatio
592 1872 686 1934 est
712 1867 921 1954 nulla,
956 1874 1029 1934 ut
1065 1870 1260 1936 etiam
1298 1869 1561 1936 resolvit
1588 1869 1786 1937 Sacra
1823 1868 2254 1957 Congregatio
2292 1867 2555 1934 concilii
2592 1868 2674 1958 (in

391 1969 772 2040 Cathacensi
821 1974 903 2041 14
933 1975 1307 2043 novembris
1347 1973 1571 2064 1671).
1623 1974 1812 2055 Quod
1844 1975 1899 2043 si
1933 1976 2345 2063 ignoraretur
2395 1995 2522 2063 quo
2559 1974 2674 2041 loci

392 2080 740 2148 canonicus
785 2081 918 2148 sive
959 2081 1380 2150 beneficiatus
1409 2083 1693 2170 degeret,
1726 2081 1828 2148 vel
1855 2082 2052 2148 etiam
2095 2081 2148 2148 si
2181 2101 2315 2148 non
2339 2080 2674 2148 haberetur

387 2191 569 2253 tutus
591 2208 883 2255 accessus
904 2210 1020 2278 pro
1048 2189 1424 2278 exequenda
1445 2188 1770 2280 personali
1800 2189 2126 2271 citatione,
2161 2192 2323 2254 tunc
2349 2187 2500 2254 satis
2525 2191 2674 2254 esset

392 2294 610 2361 citatio
630 2317 745 2385 per
757 2296 1041 2363 edictum
1063 2296 1330 2364 affixum
1356 2296 1435 2364 ad
1455 2297 1671 2364 valvas
1690 2296 1977 2364 ecclesiae
1997 2295 2112 2362 ubi
2133 2299 2230 2362 est
2240 2295 2666 2363 canonicatus.

390 2395 787 2486 Hujusmodi
826 2424 977 2470 vero
1024 2404 1238 2472 citatio
1272 2404 1455 2472 debet
1501 2405 1829 2472 continere
1883 2402 2384 2491 assignationem
2425 2422 2674 2493 compe-

390 2504 581 2571 tentis
618 2507 883 2573 termini
913 2509 990 2575 ad
1022 2508 1457 2596 redeundum,
1491 2510 1758 2577 arbitrio
1799 2506 2067 2599 judicis
2084 2510 2269 2598 juxta
2314 2508 2678 2576 distantiam

388 2607 538 2694 loci,
586 2612 921 2698 qualitates
952 2636 1238 2704 personae
1285 2624 1347 2682 et
1384 2617 1721 2707 temporis,
1771 2637 1927 2684 cum
1977 2635 2270 2705 expressa
2316 2612 2676 2681 commina-

386 2714 559 2783 tione
614 2740 821 2807 poenae
852 2718 1227 2811 privationis
1256 2723 1427 2790 tituli
1459 2725 1901 2807 canonicatus,
1945 2745 2099 2790 cum
2133 2720 2398 2790 termino
2420 2740 2670 2809 perem-

389 2824 622 2913 ptori0.
649 2823 965 2894 Citatione
989 2834 1248 2897 executa
1264 2831 1460 2897 semel
1474 2831 1946 2921 personaliter,
1980 2831 2074 2896 ela
2084 2850 2194 2919 pso
2217 2826 2488 2896 termino
2511 2846 2675 2916 prae-

391 2929 587 3009 dicto,
618 2938 677 2998 et
707 2934 1021 3002 canonico
1044 2957 1175 3004 non
1222 2938 1552 3020 redeunte,
1605 2938 1707 3005 vel
1746 2939 1991 3026 justam
2017 2955 2277 3004 causam
2307 2955 2442 3002 non
2484 2932 2672 3000 addu-

391 3041 596 3120 cente,
661 3038 903 3128 absque
962 3042 1088 3109 alia
1146 3044 1447 3111 citatione
1495 3044 1856 3134 privandus
1896 3049 1991 3110 est
2029 3042 2217 3110 titulo
2264 3041 2672 3108 canonicatus

384 3144 569 3231 juxta
614 3145 894 3214 formam
932 3151 1158 3239 capitis
1203 3152 1317 3217 Ea:
1348 3164 1576 3241 parte,
1629 3149 1709 3218 de
1766 3149 2027 3217 Cleriez's‘
2055 3171 2191 3217 non
2218 3144 2669 3217 residentibus.

391 3247 517 3316 Ubi
538 3272 690 3318 vero
716 3255 1069 3322 canonicus
1088 3264 1248 3324 esset
1268 3257 1522 3339 absens,
1550 3263 1612 3325 et
1639 3257 1740 3324 vel
1771 3257 2016 3324 ratione
2046 3277 2178 3322 non
2207 3254 2333 3322 tuti
2361 3272 2670 3332 accessuS,

390 3374 503 3419 seu
526 3356 681 3441 quia
710 3361 1063 3428 nesciretur
1090 3363 1205 3430 ubi
1233 3367 1622 3448 moraretur,
1653 3382 1782 3429 non
1816 3367 2026 3451 posset
2050 3362 2189 3428 fieri
2218 3360 2440 3428 citatio
2457 3378 2674 3448 perso-

391 3457 596 3542 naliS,
630 3467 788 3529 tunc
805 3465 990 3552 juxta
1028 3468 1307 3534 formam
1339 3468 1566 3558 capitis
1598 3469 1711 3535 Ex
1737 3479 1895 3546 tute,
1935 3467 2015 3535 de
2059 3467 2326 3535 Clerieis
2367 3488 2506 3533 non
2527 3462 2672 3531 resi·

392 3562 696 3634 dentibus
742 3569 999 3639 deberet
1055 3574 1263 3660 citari,
1308 3575 1609 3642 videlicet
1648 3574 1856 3642 tribus
1904 3565 2226 3642 distinctis
2267 3573 2519 3654 edictis,
2552 3588 2673 3638 non

390 3681 607 3741 autem
637 3696 769 3743 uno
798 3682 1074 3764 tantum,
1100 3680 1423 3748 nimirum
1448 3681 1797 3749 dividendo
1823 3682 2178 3749 terminum
2204 3681 2274 3748 in
2300 3685 2430 3746 tres
2450 3680 2666 3769 partes.

481 3779 665 3860 Quod
695 3783 746 3849 si
771 3805 882 3872 per
914 3789 1143 3853 statuta
1172 3787 1462 3877 capituli,
1511 3788 1643 3855 sive
1686 3787 2042 3883 synodalia,
2083 3787 2421 3854 decretum
2461 3781 2673 3850 fuisset

392 3891 816 3956 necessariam
867 3911 999 3957 non
1042 3892 1175 3960 fore
1218 3894 1589 3982 praedictam
1633 3893 1955 3961 citationis
2015 3893 2516 3968 solemnitatem,
2571 3883 2672 3954 sed

393 3987 684 4060 absentes
710 3997 850 4084 ipso
878 3996 1042 4065 facto
1066 3998 1499 4088 privationem
1516 3999 1880 4086 incurrere,
1909 4022 2043 4069 non
2085 4003 2248 4068 esset
2273 4003 2434 4065 tunc
2461 4011 2672 4062 neces-

394 4096 559 4161 saria
578 4099 698 4166 ista
726 4102 966 4188 citatio,
998 4107 1135 4191 sed,
1167 4127 1241 4172 ea
1274 4105 1536 4190 omissa,
1571 4115 1782 4197 posset
1821 4106 2083 4197 procedi
2112 4105 2191 4173 ad
2221 4102 2667 4195 privationem.

394 4199 494 4268 Ad
520 4201 820 4273 effectum
842 4211 1126 4281 evitandi
1144 4216 1487 4282 incursum
1511 4214 1831 4284 dictarum
1851 4234 2224 4305 poenarum,
2252 4216 2314 4278 et
2328 4209 2523 4277 etiam
2548 4201 2676 4296 pri·

394 4309 668 4378 rationis
692 4311 866 4379 tituli
913 4321 1351 4402 canonicatus,
1397 4343 1530 4390 non
1563 4322 1802 4390 sufficit
1820 4321 1953 4388 sola
1981 4318 2321 4411 praesentia
2340 4316 2411 4382 in
2432 4313 2677 4381 civitate

394 4423 454 4480 et
483 4416 623 4484 loco
650 4416 765 4484 ubi
793 4423 888 4484 est
909 4420 1195 4490 ecclesia.
1220 4422 1388 4490 Cum
1413 4412 1671 4493 sacrum
1702 4425 2060 4494 concilium
2086 4422 2374 4512 requirat
2398 4416 2678 4487 residen-
