2930 4982
1154 299 1234 346 nn
1278 299 1604 347 culmus.
2408 291 2529 350 ⁴21

276 417 687 486 «hendendo.
751 416 939 487 Unde
993 417 1348 508 Gregorius
1410 416 1507 512 (ut
1555 417 1828 487 babetur
1875 418 1945 487 in
2011 441 2155 511 cap.
2215 419 2412 489 Sicut
2467 420 2539 508 Ξ,

266 549 298 589 ι(
322 520 539 615 quaes‘t.
580 523 679 614 7):
726 523 918 591 Sicut
942 523 1290 592 laudabile
1314 534 1410 591 est
1440 521 1738 591 debitam
1768 523 2201 592 reverentiam
2229 523 2544 596 exhibere

264 628 723 721 «pastoribus,
762 630 860 698 sic
888 629 1318 698 rectitudinis
1355 642 1423 697 et
1452 629 1578 697 Dei
1613 628 1871 697 timoris
1895 641 2015 713 est,
2058 642 2135 698 ut
2166 631 2230 698 si
2255 629 2376 723 qui
2397 630 2543 701 sint

266 761 297 801 α
324 736 393 802 in
414 734 500 802 eis
523 735 645 826 qui
664 735 1014 826 indiqeant
1039 735 1472 826 correptione,
1503 735 1695 803 nulla
1717 733 2256 805 dissimulatione
2260 748 2544 830 postpo-

265 855 603 926 «nantur;
638 867 719 911 ne
764 855 979 911 totum
1023 865 1257 935 corpus
1304 841 1572 910 morbus
1617 840 1933 925 invadat,
1975 842 2040 910 si
2081 844 2364 935 lanquor
2406 866 2543 915 non

263 975 293 1013 «
317 946 529 1038 'fuerit
561 956 838 1017 curatus
868 948 939 1015 in
970 948 1212 1041 capite.
1248 946 1461 1029 Quam
1502 949 1888 1017 sententiam
1926 949 2158 1041 repetit
2186 946 2544 1020 Nicolausl

263 1055 386 1120 «in
425 1077 540 1122 sua
569 1055 844 1146 epistola
878 1054 960 1121 ad
994 1053 1381 1122 Michaelem
1417 1054 1905 1145 imperatorem.
1950 1053 2279 1138 Secunde,
2324 1054 2549 1123 inten-

258 1184 293 1224 (ι
320 1160 485 1227 dunt
506 1161 979 1252 correptionem
1002 1159 1384 1248 judicialem
1418 1182 1548 1228 non
1587 1162 1906 1251 pertinere
1935 1160 2013 1227 ad
2042 1146 2367 1227 subditos:
2413 1157 2551 1230 imo

261 1287 295 1328 «
323 1264 515 1331 etiam
542 1265 898 1333 Anacletus
934 1272 995 1332 et
1021 1263 1369 1349 Fabianus,
1405 1272 1680 1356 uterque
1710 1265 1779 1333 in
1807 1264 2076 1357 epistola
2108 1286 2224 1332 sua
2260 1263 2551 1334 secunda

259 1393 292 1433 «
318 1368 486 1460 (quae
541 1372 873 1439 habentur
931 1371 1002 1438 in
1056 1375 1233 1439 tomo
1287 1369 1317 1438 l
1369 1371 1789 1461 epistolarum
1842 1370 2274 1439 Summorum
2324 1368 2552 1439 Ponti·

260 1475 538 1568 aticum)
583 1477 816 1544 volunt
864 1475 1280 1544 subditorum
1329 1478 1806 1544 accusationem
1853 1498 1983 1544 non
2033 1475 2219 1545 facile
2266 1497 2402 1544 esse
2433 1474 2550 1544 ad-

260 1604 292 1644 «
314 1581 699 1650 mittendam
733 1580 1074 1672 injudicio
1112 1589 1337 1650 contra
1365 1582 1706 1668 Praelatos3
1737 1582 1892 1674 quia
1928 1591 2023 1651 est
2054 1604 2154 1650 res
2178 1581 2367 1652 valde
2405 1600 2552 1651 sus·

268 1693 519 1777 «pecta.
551 1713 590 1754 »

334 1793 649 1891 Doctrina
694 1816 732 1861 a
760 1793 967 1863 citatis
1006 1794 1379 1863 auctoribus
1425 1793 1681 1878 tradita,
1739 1793 2043 1862 unanimi
2091 1815 2358 1862 assensu
2403 1798 2549 1860 tan·

257 1921 444 1987 quam
475 1906 650 1969 certa
694 1905 950 1969 tenetur
986 1901 1054 1968 in
1085 1900 1324 1968 scholis
1354 1898 1721 1987 catholicis5
1754 1902 1846 1968 ita
1870 1907 1944 1966 ut
1981 1920 2542 1990 supervacaneum

258 2004 336 2069 sit
378 2004 598 2094 plures
636 2005 959 2072 adducere
985 2004 1343 2091 theologOS,
1379 2025 1534 2070 cum
1561 2009 1734 2069 extra
1767 2024 2035 2070 omnem
2075 2004 2348 2070 omnino
2380 2022 2552 2070 con-

258 2111 632 2176 troversiam
656 2108 924 2198 quaestio
951 2109 1061 2176 illa
1087 2109 1166 2176 sit
1199 2109 1374 2200 apud
1404 2107 1777 2175 catholicos,

350 2212 574 2302 Neque
603 2217 878 2283 conflata
899 2220 1156 2282 tantum
1194 2221 1289 2282 est
1334 2215 1631 2281 doctrina
1682 2214 1793 2280 illa
1826 2211 2182 2280 ratiociniis
2224 2211 2554 2299 theologo-

260 2339 417 2384 rum
464 2325 526 2386 et
568 2320 1063 2388 deductionibus
1110 2342 1146 2387 a
1173 2322 1322 2409 jure
1371 2319 1678 2404 naturali,
1736 2319 1842 2385 sed
1889 2341 1926 2385 a
1965 2318 2202 2385 sanctis
2251 2316 2555 2385 Patribus

254 2419 619 2509 praesertim
640 2428 956 2513 excerpta.
987 2420 1213 2490 Unum
1241 2420 1582 2488 citabimus
1612 2419 2055 2509 Augustinum
2082 2442 2099 2486 :

345 2529 780 2620 Quamquam
812 2528 995 2596 enim
1013 2527 1375 2596 secundum
1402 2528 1732 2595 honorum
1759 2526 2089 2595 vocabula
2112 2549 2261 2616 quoe
2271 2524 2428 2617 jam
2456 2545 2556 2593 ec-

253 2631 461 2726 clesioe
491 2656 655 2702 usus
682 2632 996 2717 obtinuit,
1029 2633 1486 2724 Episcopatus
1492 2633 1912 2724 presbyterio
1931 2631 2152 2722 major
2170 2631 2287 2710 sit,
2322 2642 2553 2698 tamen

256 2737 328 2801 in
351 2738 593 2805 multis
615 2741 804 2807 rebus
834 2739 1251 2828 Auqustinus
1274 2740 1690 2829 Hieronymo
1728 2738 1957 2805 minor
1990 2750 2128 2805 est:
2161 2737 2316 2803 licet
2343 2735 2555 2802 etiam

260 2864 304 2906 a
324 2841 582 2908 minore
610 2845 904 2932 quolibet
928 2867 1064 2910 non
1091 2845 1182 2910 sit
1201 2843 1608 2934 refuqienda
1628 2844 1735 2909 vel
1760 2839 2197 2931 dediqnanda
2219 2838 2553 2907 correctio.

258 2945 489 3040 (Epist.
531 2948 650 3032 82,
703 2971 772 3016 n.
807 2948 919 3028 33,
960 2950 1109 3016 edit.
1162 2948 1792 3037 Benedictinorum.)
1851 2946 2033 3014 Idem
2088 2966 2240 3012 vero
2285 2943 2558 3034 Augus—

260 3060 464 3136 tinuS,
498 3054 596 3123 sic
634 3054 1024 3146 expressim,
1060 3055 1334 3143 loquens
1377 3054 1456 3120 de
1486 3052 1553 3121 S.
1585 3052 1785 3121 Paulo
1818 3054 1949 3142 'qui
1980 3052 2139 3120 dicit
2166 3073 2230 3118 se
2272 3050 2458 3119 Petro
2487 3051 2560 3119 in

266 3161 493 3227 faciem
536 3162 885 3229 restitisse:
935 3161 1084 3251 Ipse
1129 3181 1278 3227 vero
1321 3162 1587 3245 Petrus,
1622 3157 1868 3249 quoda
1917 3157 2132 3225 Paulo
2176 3157 2387 3248 fiebat
2424 3156 2562 3225 uti-

267 3268 428 3334 liter'
480 3266 790 3336 libertate
831 3265 1168 3350 caritatis,
1203 3276 1455 3334 sanctoe
1509 3278 1570 3333 et
1623 3265 1920 3356 beniqnoe
1957 3264 2222 3356 pietate
2274 3263 2561 3335 bumili-

261 3374 423 3442 tatis
453 3373 756 3465 accepit?
798 3385 995 3465 atque
1040 3374 1142 3440 ita
1181 3372 1404 3440 rarius
1434 3361 1501 3441 et
1526 3372 1826 3440 sanctius
1866 3372 2241 3462 exemplum
2273 3371 2563 3463 posteris

250 3480 579 3568 praebuit,
623 3503 753 3570 quo
781 3503 917 3548 non
956 3478 1479 3569 dediqnarentur
1522 3479 1763 3570 (sicubi
1800 3481 1976 3570 forte
2005 3479 2173 3548 recti
2218 3479 2563 3546 tramitem

260 3586 710 3677 reliquissent)
743 3585 945 3653 etiam
977 3587 1019 3652 a
1033 3585 1515 3676 posterioribus
1549 3585 1802 3676 corriqi
1819 3607 1847 3669 ;
1875 3609 2081 3676 quam
2111 3585 2403 3663 Paulus,
2431 3602 2563 3671 quo

255 3691 675 3782 confidenter
734 3689 1056 3758 auderent
1113 3690 1316 3757 etiam
1374 3691 1665 3758 minores
1713 3690 2085 3780 majoribus
2131 3713 2265 3779 pro
2339 3684 2565 3773 defen-

255 3796 470 3867 denda
523 3796 924 3889 evanqelica
965 3795 1239 3863 veritate
1274 3795 1485 3887 (salva
1530 3797 1835 3886 fraterna
1884 3795 2184 3884 caritate)
2235 3790 2556 3860 resistere.

263 3908 434 3973 Nam
481 3928 643 3974 cum
688 3903 903 3971 satius
933 3902 1025 3970 sit
1059 3926 1101 3969 a
1133 3900 1407 3970 tenendo
1449 3902 1689 3971 itinere
1718 3903 1790 3970 in
1833 3903 2030 3970 nullo
2074 3922 2278 3990 quam
2319 3897 2393 3964 in
2431 3898 2566 3968 ali-

257 4031 388 4098 quo
427 4008 797 4091 declinare,
844 4009 1059 4101 multo
1104 4020 1198 4077 est
1248 4020 1473 4076 tamen
1515 4007 1906 4076 mirabilius
1938 4017 2002 4073 et
2035 4003 2453 4074 laudabilius
2482 4006 2572 4076 li-

265 4115 493 4184 benter
520 4115 824 4206 accipere
858 4114 1320 4207 corriqentem,
1357 4137 1564 4204 quam
1596 4111 1916 4180 audacter
1946 4110 2270 4201 corriqere
2296 4110 2570 4181 devian-

276 4232 425 4289 tem.
458 4225 595 4291 Est
612 4222 760 4289 laus
786 4221 1013 4312 itaque
1021 4220 1232 4310 justoe
1255 4218 1581 4286 libertatis
1610 4216 1684 4282 in
1707 4216 1921 4283 Paulo
1950 4228 2014 4283 et
2054 4229 2305 4285 sanctoe
2338 4213 2571 4283 humi-

271 4326 499 4397 litatis
530 4328 608 4398 in
631 4330 853 4396 Petro.
893 4327 1122 4420 (Epist.
1158 4326 1225 4411 8,
1257 4347 1325 4392 n.
1356 4324 1470 4409 22,
1502 4322 1655 4388 edit.
1687 4320 1962 4409 Bened.,
1992 4332 2037 4392 t.
2069 4324 2154 4409 ΙΙ,
2186 4346 2254 4410 p.
2302 4316 2486 4404 198.)
