2930 4982
330 325 456 381 382
1306 327 1649 378 macutus

424 477 460 518 α
487 451 818 538 Canonici,
854 450 1294 521 consentiente
1320 449 1669 541 Episcopo,
1700 434 1968 539 possunt
2009 447 2451 539 capitulariter
2478 471 2626 540 per·

313 583 374 624 -«
407 578 596 645 agere
625 557 1030 626 rationabilia
1056 560 1288 624 statuta
1316 556 1764 646 praeter-Jus...
1815 553 2000 622 Unde
2047 558 2317 644 possunt
2350 559 2625 623 statuere

335 690 370 729 «
400 663 744 735 canonicos
799 663 1098 731 infirmos
1140 667 1316 731 extra
1355 662 1575 731 locum
1634 659 2000 730 residentiae
2058 681 2191 728 non
2241 660 2626 752 participare

338 796 372 833 α
404 770 483 838 de
514 768 1106 838 distributionibus.
1142 794 1176 834 ι)
2460 832 2467 833 a

424 899 460 939 «
504 872 885 965 Capitulum
915 879 1140 964 potest,
1175 872 1310 941 imo
1346 872 1611 941 deberet
1644 876 1920 940 statuere
1968 877 2041 940 ut
2088 872 2417 954 canonici,
2467 870 2634 961 legi-

337 1006 372 1044 «
411 980 572 1046 time
606 1001 737 1047 non
789 980 1119 1071 impediti,
1150 980 1591 1048 interveniant
1629 978 2057 1047 concionibus
2105 999 2252 1068 quae
2298 978 2367 1045 in
2400 999 2632 1045 eorum

334 1112 371 1147 ιι
405 1085 676 1152 ecclesia
709 1085 879 1153 fiunt
902 1087 967 1153 in
992 1085 1509 1175 Quadragesima
1533 1111 1550 1169 ;
1578 1084 1820 1175 quibus
1844 1084 2144 1175 adempto
2172 1072 2367 1152 etiam
2396 1090 2639 1153 statuto

335 1217 372 1253 «
426 1197 734 1258 tenentur
762 1192 1056 1261 assistere
1088 1192 1214 1261 sub
1250 1214 1445 1283 poena
1485 1190 1856 1259 amissionis
1880 1191 2420 1260 distributionum
2450 1191 2641 1259 illius

342 1321 376 1359 «
420 1297 576 1383 diei,
605 1319 679 1364 ex
705 1298 930 1367 iterato
950 1297 1167 1368 Sacrae
1195 1298 1733 1388 Congregationis
1755 1297 2039 1366 decreto.
2073 1321 2110 1362 »

427 1426 462 1464 «
510 1400 824 1472 Similiter
875 1426 991 1495 per
1021 1409 1644 1495 statutum-possunt
1681 1402 2024 1494 disponere
2045 1403 2218 1493 quod
2247 1425 2444 1471 nemo
2466 1405 2635 1472 reci-

341 1532 375 1571 «
422 1509 638 1598 piatur
685 1508 756 1576 in
809 1509 1233 1595 canonicum,
1289 1507 1417 1576 nisi
1464 1507 1650 1598 prius
1694 1510 1872 1598 Juret
1915 1508 2266 1598 quamdam
2321 1511 2634 1599 majorem

341 1641 375 1676 α
417 1615 828 1682 residentiam
872 1637 1073 1704 quam
1112 1615 1194 1684 sit
1229 1637 1268 1684 a
1296 1617 1450 1705 jure
1492 1620 1750 1683 statuta.
1796 1640 1831 1679 »
1869 1615 1988 1704 (De
2024 1615 2383 1699 canonicis,
2412 1615 2523 1683 lib.
2557 1617 2628 1697 4,

331 1719 428 1785 tit.
470 1719 607 1810 10.)
1905 1784 1909 1789 .

420 1826 488 1893 5ο
511 1826 880 1896 Andreucci
909 1852 924 1896 t
965 1855 1000 1893 «
1027 1827 1404 1918 Capitulum
1433 1827 1582 1895 sede
1616 1828 1834 1918 plena,
1875 1827 2028 1896 licet
2051 1828 2284 1897 habeat
2320 1828 2634 1917 jurisdic-

329 1932 575 2000 tionem
596 1932 1021 2015 habitualem,
1050 1935 1120 2002 id
1142 1940 1263 2020 est,
1291 1935 1360 2002 in
1381 1934 1641 2018 habitu,
1666 1933 1738 2001 in
1758 1934 2114 2018 dioecesi-m,
2139 1935 2405 2003 nullam
2422 1942 2631 2002 tamen

331 2038 527 2106 habet
569 2039 918 2123 actualem;
968 2040 1124 2107 hinc
1168 2038 1339 2107 nihil
1393 2044 1598 2129 potest
1635 2039 1977 2106 decernere
2028 2041 2108 2107 de
2153 2040 2261 2107 his
2306 2061 2453 2128 quae
2501 2059 2631 2106 non

330 2144 665 2234 pertinent
720 2145 800 2213 ad
846 2145 1204 2238 ipsummet
1253 2144 1642 2235 capitulum,
1681 2143 1865 2211 verbi
1892 2145 2098 2233 gratia
2136 2144 2213 2212 ad
2245 2144 2538 2214 dioecesis
2577 2149 2635 2212 et

331 2249 846 2320 dioecesanorum
890 2251 1462 2341 gubernationem,

434 2383 468 2419 (ι
517 2355 730 2425 Potest
758 2359 1020 2427 minora
1045 2359 1372 2449 quandam,
1400 2377 1548 2446 quae
1575 2356 1903 2446 pertinent
1927 2353 2009 2423 ad
2040 2354 2293 2422 bonum
2313 2357 2627 2429 ordinem

335 2467 397 2526 et
440 2462 735 2548 regimen
767 2463 1043 2553 capituli
1093 2470 1396 2551 statuere,
1446 2463 1643 2530 etiam
1684 2462 1823 2529 sine
1862 2481 2154 2552 expresso
2191 2482 2515 2529 consensu
2562 2481 2631 2529 ac

333 2563 821 2632 confirmatione
844 2566 1148 2657 Episcopi
1184 2591 1201 2634 ε
1233 2587 1438 2656 eaque
1462 2571 1695 2634 statuta
1724 2588 1855 2633 non
1885 2572 2081 2633 erunt
2109 2567 2176 2632 in
2197 2565 2410 2654 rigore
2428 2567 2623 2654 legeS,

334 2667 896 2736 sedordinationes
919 2671 1224 2759 quaedam
1252 2672 1375 2737 sub
1411 2672 1631 2760 aliqua
1682 2672 1985 2739 fidelitate
2007 2673 2380 2760 obligantes.
2431 2669 2521 2737 lta
2549 2692 2622 2737 ex

332 2777 528 2844 variis
563 2777 838 2845 textibus
883 2798 958 2844 ac
1006 2776 1383 2847 doctoribus
1430 2777 1606 2867 apud
1652 2776 1887 2846 Suarez
1929 2776 2049 2868 (Dc
2099 2777 2348 2869 lcqibus
2378 2830 2399 2861 ,
2455 2776 2505 2845 l.
2553 2779 2624 2864 4,

337 2905 395 2950 c.
428 2882 516 2973 6).
547 2882 871 2973 Arguitur
898 2905 976 2951 ex
1000 2884 1209 2974 capite
1245 2885 1416 2952 Cum
1446 2897 1696 2964 omnes,
1728 2887 1824 2951 Dc
1858 2882 2463 2953 constitutionibus.
2491 2908 2526 2949 n

434 2989 800 3059 «Graviora
829 2998 1046 3062 autem
1076 3014 1221 3081 quae
1253 2998 1553 3083 spectant
1579 2991 1660 3059 ad
1704 2991 1989 3060 ecclesiae
2034 2992 2420 3060 cathedralis
2466 3013 2627 3061 com·

335 3094 634 3182 modum,
664 3098 726 3160 et
762 3096 840 3161 ad
887 3096 1369 3164 observantiam
1426 3097 1846 3185 antiquarum
1892 3096 2471 3185 consuetudinum,
2505 3116 2626 3165 non

338 3206 542 3289 potest
584 3201 983 3291 capitulum,
1037 3225 1157 3273 nec
1217 3203 1593 3286 decernere,
1666 3223 1785 3270 nec
1840 3202 2229 3289 immutare,
2287 3210 2403 3271 aut
2450 3203 2626 3292 quid-

335 3327 535 3392 quam
588 3307 761 3375 circa
804 3307 914 3375 illa
955 3315 1231 3377 statuere
1280 3310 1421 3376 sine
1470 3329 1787 3376 consensu
1827 3308 2153 3399 Episcopi.
2197 3308 2521 3398 Arguitur
2557 3329 2624 3374 ex

336 3409 539 3498 capite
583 3409 755 3477 Cum
792 3412 1228 3499 accessissent,
1257 3417 1353 3480 De
1382 3411 1989 3494 constitutionibus,
2020 3414 2195 3504 apud
2238 3412 2471 3482 Suarez
2496 3413 2623 3481 loco

333 3517 547 3583 citato.
997 3583 1000 3586 ,

433 3650 468 3687 «
493 3620 808 3702 Quaenam
838 3644 990 3691 vero
1017 3625 1148 3691 sint
1173 3629 1236 3692 et
1262 3626 1457 3714 cujus
1488 3624 1746 3713 generis
1771 3645 1848 3692 ea
1888 3626 2168 3713 minora,
2196 3647 2344 3715 quae
2370 3627 2622 3716 possunt

335 3751 372 3794 a
424 3731 706 3820 capitulo
764 3731 956 3797 statui
1010 3731 1148 3798 sine
1185 3731 1683 3801 confirmatione
1756 3730 2080 3822 Episcopi,
2136 3733 2509 3800 reseruntur
2548 3726 2621 3794 ab

335 3833 646 3904 Anacleto
683 3836 1096 3904 Reiffenstuel
1140 3837 1260 3927 (tit.
1314 3837 1383 3924 2,
1435 3842 1529 3905 De
1558 3830 2194 3927 constitutionibus),
2242 3860 2446 3927 eaque
2488 3838 2627 3902 sunt

335 3937 711 4025 hujusmodi
770 3965 785 4011 ε
836 3964 900 4009 v.
952 3963 1016 4029 g.
1072 3944 1244 4031 quod
1296 3950 1470 4016 certo
1533 3948 1727 4015 modo
1780 3944 2173 4036 quotidianae
2224 3942 2624 4011 obventiones

336 4043 831 4127 distribuantur,
883 4049 1056 4138 quod
1087 4050 1200 4117 tali
1248 4051 1478 4118 ordine
1510 4058 1623 4120 aut
1666 4054 1747 4121 ad
1775 4052 2041 4144 pulsum
2089 4052 2290 4141 hujus
2334 4048 2436 4116 vel
2459 4046 2621 4114 illius

336 4168 670 4236 campanae
710 4155 1011 4222 canonici
1061 4157 1141 4225 ad
1201 4158 1507 4241 chorum,
1560 4165 1673 4226 aut
1726 4158 2094 4249 capitulum
2143 4162 2481 4234 vocentur,
2527 4148 2618 4217 vel

334 4253 773 4323 determinatis
821 4261 1223 4348 temporibus
1275 4264 1574 4332 canonici
1625 4262 1824 4332 etiam
1880 4285 2011 4331 non
2065 4261 2274 4330 vocati
2316 4261 2400 4329 ad
2455 4255 2617 4348 capi·

334 4361 551 4429 tulum
599 4368 1041 4454 compareant,
1081 4372 1205 4435 etc.
1257 4368 1338 4437 Et
1367 4369 1731 4440 universim
1769 4391 1845 4440 ea
1875 4369 2001 4441 sere
2033 4369 2255 4440 omnia
2283 4387 2433 4459 quae
2475 4382 2617 4434 con-
