2930 4982
349 323 431 378 94
1353 328 1697 375 TnAc'rArus

354 477 390 517 «
432 455 506 519 ut
534 451 604 517 in
627 447 851 517 Galliae
869 452 932 514 et
948 444 1377 536 Delphinatus
1400 446 1690 514 ecclesiis
1715 445 2200 513 cathedralibus
2225 457 2289 514 et
2314 454 2634 542 metropo-

357 583 391 623 «
432 557 653 625 litanis
681 554 1082 623 addiceretur
1100 552 1447 643 praebenda
1469 551 1852 640 theologalis
1876 553 2122 620 doctori
2149 552 2282 621 sive
2304 554 2631 628 licentiato

355 694 390 735 ι(
432 652 525 733 in'¹
548 663 898 752 theologia,
938 667 1009 730 ut
1034 661 1137 728 bis
1160 660 1390 727 saltem
1425 661 1495 728 in
1516 661 1924 729 hebdomada
1965 658 2334 751 Scripturas
2360 664 2627 755 legeret,

357 797 391 835 «
436 770 747 837 referente
782 766 1234 835 Thomassino.
1270 764 1386 856 (De
1421 764 1675 850 Benei'„
1721 790 1791 857 p.
1829 790 1877 849 1,
1926 766 1974 834 l.
2016 764 2099 854 ll,
2149 789 2207 834 c.
2259 768 2368 852 10,
2414 792 2483 839 n.
2532 771 2630 863 3.)

355 904 392 946 «
427 876 714 946 Profecto
750 880 967 942 autem
1010 893 1275 939 omnem
1323 871 1782 962 perfectionem
1837 873 2220 961 hujusmodi
2274 873 2633 966 disciplinae

355 1010 389 1048 «
433 982 803 1051 Concilium
835 977 1295 1046 Tridentinum
1322 977 1726 1066 adjunxit.»
1769 973 1983 1069 (Card.
2029 977 2241 1062 Petra,
2275 976 2530 1048 Comm.
2565 980 2635 1049 in

348 1090 569 1159 Const.
615 1086 824 1169 Quasi
859 1085 1005 1152 lnn.
1039 1083 1145 1166 Vl,
1180 1082 1473 1162 Summ„
1512 1105 1582 1152 n.
1615 1081 1713 1172 8.)

435 1196 538 1263 En
559 1192 922 1261 Tridentini
945 1189 1217 1258 Concilii
1248 1189 1630 1256 decretum.
1667 1187 1929 1255 Eadem
1954 1202 2408 1258 sacro-sancta
2435 1214 2633 1282 syno-

347 1303 496 1390 dus,
520 1302 662 1393 piis
699 1303 1128 1367 Summarum
1169 1295 1582 1385 Pontificum
1620 1307 1684 1362 et
1708 1293 2160 1385 probatorum
2202 1299 2636 1370 conciliorum

347 1403 930 1477 constitutionibus
958 1402 1307 1487 inhoerens,
1337 1424 1574 1492 easque
1609 1402 2013 1491 amplectens
2037 1414 2101 1471 et
2128 1404 2264 1472 illis
2285 1404 2596 1496 adjiciens
2605 1431 2637 1493 ;

345 1536 428 1581 ne
471 1513 749 1582 coelestis
786 1510 904 1578 ille
943 1531 1287 1578 sacrorum
1323 1509 1652 1576 librorum
1691 1509 2059 1591 thesaurus,
2108 1534 2302 1601 quem
2343 1514 2637 1604 Spiritus

343 1631 614 1688 sanctus
624 1639 887 1686 summa
903 1614 1315 1683 liberalitate
1323 1614 1700 1683 hominibus
1716 1614 2024 1705 tradidit,
2038 1618 2374 1707 neqlectus
2374 1620 2635 1711 jaceat,

345 1727 591 1794 statuit
618 1737 684 1792 et
719 1722 1029 1810 decrevit,
1072 1720 1252 1811 quod
1281 1720 1353 1788 in
1384 1721 1532 1788 illis
1571 1723 1856 1791 ecclesiis
1898 1724 1970 1790 in
1999 1723 2233 1814 quibus
2253 1726 2637 1815 praebendae

345 1844 465 1900 aut
483 1830 1050 1922 praestimonium,
1085 1850 1199 1894 seu
1229 1826 1425 1894 aliud
1449 1829 1679 1918 quovis
1709 1829 1978 1898 nomine
2007 1843 2470 1922 nuncupatum
2516 1836 2637 1903 sti-

338 1934 662 2025 pendium
673 1957 806 2024 pro
839 1932 1193 2001 lectoribus
1219 1954 1424 2000 sacrae
1475 1933 1822 2024 theoloqioe
1853 1933 2249 2025 deputatum
2277 1940 2632 2029 reperitur,

344 2040 687 2131 Episcopi,
714 2038 1224 2129 Archiepiscopi,
1260 2038 1587 2128 primates
1613 2051 1679 2108 et
1708 2039 1836 2107 alii
1859 2040 2159 2109 locorum
2182 2042 2507 2111 ordinarii
2531 2067 2639 2113 eos

345 2148 461 2237 qui
472 2145 932 2237 praebendam,
961 2157 1080 2211 aut
1100 2144 1659 2234 prcestimonium,
1692 2167 1805 2212 seu
1827 2145 2232 2236 stipendium
2254 2147 2644 2238 hujusmodi

343 2252 665 2333 obtinent,
690 2251 783 2320 ad
801 2250 1007 2342 ipsius
1029 2250 1397 2339 Scripturoe
1417 2273 1624 2318 sacrce
1652 2251 2126 2341 expositionem
2155 2264 2219 2320 et
2242 2253 2641 2344 interpreta-

345 2360 587 2426 tionem
594 2379 723 2447 per
745 2378 812 2423 se
829 2356 1028 2446 ipsos,
1051 2355 1113 2420 si
1142 2353 1362 2422 idonei
1373 2355 1656 2444 fuerint,
1680 2356 1986 2446 alioquin
2000 2380 2123 2448 per
2140 2357 2449 2425 idoneum
2486 2360 2639 2428 sub-

341 2464 658 2533 stitutum
716 2459 800 2528 ab
857 2457 1015 2550 ipsis
1071 2458 1443 2550 Episcopis,
1498 2460 2046 2551 Archiepiscopis,
2091 2460 2521 2550 primatibus,
2571 2477 2645 2534 et

344 2569 498 2636 aliis
529 2570 825 2635 locorum
869 2564 1225 2632 ordinariis
1272 2566 1681 2655 eliqendum,
1723 2565 1928 2632 etiam
1957 2587 2081 2656 per
2117 2566 2643 2639 subtractionem

335 2677 689 2765 fructuum
741 2683 983 2763 coqant
1018 2683 1083 2739 et
1115 2672 1551 2762 compellant.
1597 2676 1694 2739 De
1752 2683 1983 2739 caetero
2029 2694 2181 2740 vero
2230 2672 2631 2763 praebenda,

329 2780 874 2872 praestimonium
903 2789 1026 2845 aut
1052 2777 1454 2867 stipendium
1474 2776 1861 2867 hujusmodi
1891 2777 2161 2845 nonnisi
2165 2782 2469 2869 personis
2488 2781 2636 2849 ido·

341 2886 482 2956 neis
506 2888 934 2977 conferantur
956 2904 985 2969 ,·
1005 2895 1068 2951 et
1092 2884 1296 2951 aliter
1318 2885 1508 2974 facta
1524 2882 1831 2974 provisio
1860 2883 2064 2954 nulla
2086 2885 2174 2952 sit
2203 2897 2268 2953 et
2292 2886 2624 2956 invalida.

428 2995 512 3060 In
537 2992 815 3058 ecclesiis
840 3002 1066 3058 autem
1086 2990 1623 3080 metropolitanis
1646 2990 1751 3057 vel
1779 2990 2273 3059 cathedralibus
2297 2992 2381 3083 (si
2399 2993 2634 3061 civitas

339 3097 612 3189 insiqnis
647 3098 753 3164 vel
781 3096 1172 3186 populosa),
1217 3119 1295 3162 ac
1324 3096 1529 3162 etiam
1563 3096 1637 3163 in
1674 3096 2049 3187 colleqiatis
2089 3098 2518 3165 ediscentibus
2565 3093 2651 3168 in¹

342 3205 570 3293 aliquo
599 3201 852 3292 insiqni
876 3200 1147 3292 oppido,
1181 3200 1384 3268 etiam
1411 3200 1676 3268 nullius
1707 3200 1992 3269 dioecesis
2032 3203 2113 3283 (si
2143 3202 2239 3269 ibi
2265 3204 2476 3270 clerus
2502 3226 2635 3271 nu-

340 3331 628 3378 merosus
659 3307 920 3397 fuerit),
964 3306 1082 3374 ubi
1116 3306 1314 3378 nulla
1356 3305 1727 3397 praebenda
1777 3318 1897 3373 aut
1932 3309 2472 3401 praestimonium
2515 3332 2632 3378 seu

339 3412 743 3505 stipendium
767 3410 1152 3500 hujusmodi
1173 3411 1572 3502 deputatum
1597 3412 1948 3500 reperitur,
1961 3413 2330 3501 praebenda
2358 3437 2631 3504 quomo-

338 3522 699 3609 documque
747 3518 1220 3610 (praeterquam
1270 3542 1350 3585 ex
1392 3540 1592 3585 causa
1634 3518 2118 3608 resiqnationis)
2159 3521 2382 3612 primo
2429 3545 2632 3590 vaca-

342 3641 519 3697 tura.
533 3680 547 3696 .
563 3678 578 3694 .
594 3677 611 3704 ‚
633 3622 727 3691 ad
742 3645 892 3691 eum
914 3642 1107 3689 usum
1130 3622 1270 3712 ipso
1283 3624 1468 3712 facto
1478 3634 1807 3713 perpetuo
1830 3625 2193 3693 constituta
2217 3638 2279 3693 et
2305 3625 2632 3717 deputata

336 3733 786 3821 intelliqalur.
820 3732 915 3797 Et
946 3740 1269 3819 quatenus
1314 3729 1385 3796 in
1421 3727 1585 3819 ipsis
1631 3731 1911 3799 ecclesiis
1942 3732 2135 3799 nulla
2170 3732 2277 3798 vel
2312 3755 2447 3800 non
2484 3735 2633 3823 suf-

334 3838 563 3928 ficiens
584 3834 943 3925 praebenda
981 3835 1179 3923 foret,
1215 3834 1775 3923 metropolitanus
1811 3837 1919 3903 vel
1953 3837 2291 3928 episcopus
2316 3839 2474 3927 ipse,
2498 3861 2628 3928 per

338 3941 853 4032 assiqnationem
889 3941 1236 4031 fructuum
1274 3937 1567 4028 alicujus
1601 3940 1920 4031 simplicis
1962 3942 2341 4033 beneficii...
2386 3943 2465 4011 de
2502 3967 2627 4011 ca-

322 4049 543 4141 pituli
581 4046 854 4113 consilio
902 4047 1001 4113 ita
1025 4042 1410 4136 provideat,
1459 4056 1537 4111 ut
1583 4046 1733 4135 ipsa
1774 4071 1978 4116 sacrae
2024 4051 2389 4140 Scripturoe
2430 4050 2628 4117 lectio

337 4155 748 4226 habeatur...
780 4152 1041 4219 Statuit
1065 4152 1292 4220 eadem
1320 4163 1554 4221 sancta
1584 4153 1897 4242 Synodus
1913 4157 2241 4224 neminem
2273 4156 2367 4224 ad
2385 4156 2634 4248 hujus-

337 4260 520 4333 modi
545 4257 842 4328 lectionis
871 4256 1200 4345 officium,
1238 4269 1379 4323 tam
1391 4259 1664 4348 publice
1694 4283 1896 4350 quam
1921 4262 2241 4351 privatim
2253 4259 2638 4360 ‘admittens

336 4370 499 4438 dum
516 4390 668 4457 esse,
689 4363 808 4457 qui
809 4362 1008 4456 prius
1034 4362 1118 4431 ab
1133 4363 1462 4456 Episcopo
1488 4364 1639 4450 loci,
1659 4365 1738 4434 de
1763 4367 1930 4456 vita,
1952 4371 2244 4446 moribus
2265 4380 2330 4438 et
2353 4367 2630 4437 scientia
