2930 4982
1149 342 1231 389 nr.
1276 342 1607 392 cernuus.
2398 339 2522 399 225

267 464 517 554 primam
545 462 731 531 illam
759 462 1201 552 collationem,
1229 464 1493 541 nullum
1518 464 1728 554 quoad
1751 463 1908 533 alias
1929 464 2393 556 subsequentes
2420 493 2528 542 va-

265 570 517 638 cationes
570 568 907 637 indultum
961 568 1392 639 obtinuerunt
1445 593 1462 639 :
1512 570 1773 639 nullum
1826 569 2189 662 proferunt.
2247 572 2523 648 Nullum

265 676 426 744 etiam
457 674 803 743 intervenit
829 679 1118 765 pactum,
1148 697 1277 767 quo
1302 676 1637 768 capitula
1610 698 1764 767 Jure
1790 698 1908 746 suo
1931 677 2278 748 cesserint
2260 702 2329 749 in
2352 682 2527 755 favo-

264 801 377 850 rem
405 780 892 872 Episcoporum.
931 780 1119 850 Unde
1154 803 1375 851 revera
1404 782 1672 851 nullum
1702 782 1944 851 habent
1971 782 2330 855 Galliarum
2358 787 2525 893 Epi-

261 887 413 1009 scopi
435 887 623 957 dictae
647 909 780 956 suae
802 887 1218 978 possessionis
1238 889 1599 958 coloratum
1621 888 1915 958 titulum.
1938 890 2217 960 Proinde
2234 894 2289 961 si
2310 915 2526 967 neces-

260 994 440 1062 sarius
493 993 653 1084 ipsis
703 995 862 1062 foret
912 993 1143 1063 titulus
1189 995 1271 1063 ad
1328 995 1623 1085 legitime
1683 995 2244 1087 praescribendum
2308 1009 2529 1071 contra

260 1101 542 1192 capitula,
575 1123 649 1170 ex
684 1101 810 1170 hoc
844 1101 1021 1170 tituli
1052 1101 1306 1170 defectu
1335 1102 1638 1172 censendi
1665 1102 1875 1173 forent
1902 1101 2199 1172 nondum
2239 1104 2529 1195 legitime

258 1208 727 1298 praescripsisse.
755 1209 877 1295 At,

324 1314 391 1381 2ο
427 1313 655 1385 Merito
678 1314 891 1385 forsan
916 1313 1306 1383 controverti
1328 1320 1536 1406 potest
1552 1337 1635 1384 an
1667 1317 1821 1408 ipsis
1843 1318 1915 1385 in
1936 1318 2238 1408 praesenti
2260 1323 2527 1392 materia

258 1421 636 1490 necessarius
687 1422 769 1488 sit
812 1421 1066 1489 titulus.
1117 1420 1470 1510 Equidem,
1522 1427 1597 1489 ut
1631 1422 1946 1509 vidimus,
1995 1425 2390 1505 necessarius
2439 1437 2532 1497 est

257 1526 463 1596 titulus
488 1525 753 1618 quando
768 1526 888 1617 jus
915 1547 1263 1595 commune
1281 1526 1745 1617 praescribenti
1766 1528 2019 1597 resistit
2032 1550 2064 1613 ;
2085 1535 2149 1598 et
2173 1530 2437 1601 aliunde
2462 1537 2531 1604 in

256 1635 534 1723 praesenti
564 1655 715 1704 casu
733 1635 845 1724 jus
868 1654 1223 1704 commune
1258 1631 1601 1724 Episcopis
1633 1632 1861 1702 Galliae
1890 1633 2121 1726 aliquo
2159 1657 2312 1705 vero
2340 1659 2532 1707 sensu

255 1739 499 1821 resistit;
538 1738 863 1829 siquidem
883 1740 995 1828 Jus
1021 1759 1371 1807 commune
1393 1739 1682 1829 capitulo
1705 1739 1909 1808 simul
1932 1746 1996 1808 et
2022 1739 2367 1835 Episcopo,
2396 1766 2529 1816 non

252 1850 454 1912 autem
480 1845 603 1923 soli
639 1844 977 1936 Episcopo,
1016 1843 1434 1912 canonicatus
1457 1843 1836 1913 conferendi
1865 1845 2235 1915 facultatem
2262 1851 2534 1938 regula-

251 1950 389 2020 riter
415 1951 670 2022 tribuit.
712 1950 839 2021 Sed
867 1952 1053 2040 juxta
1084 1969 1281 2038 supra
1309 1949 1569 2016 citatam
1607 1949 1980 2038 aliquorum
2009 1953 2424 2034 sententiam,
2453 1958 2535 2024 ad

249 2056 675 2126 inducendam
716 2055 891 2124 tituli
934 2054 1372 2124 necessitatem
1390 2106 1409 2137 ,
1456 2074 1593 2122 non
1637 2055 1879 2124 sufficit
1924 2060 2000 2125 ut
2033 2059 2142 2147 jus
2189 2079 2537 2131 commune

246 2163 704 2252 qualicumque
728 2162 923 2230 modo
943 2160 1391 2252 praescribenti
1411 2159 1818 2228 contrarium
1841 2159 1950 2241 sit,
1979 2167 2073 2227 ast
2093 2162 2446 2249 requiritur
2468 2174 2541 2232 ut

241 2269 298 2336 ei
340 2268 615 2358 fortiter
654 2265 918 2335 resistat
934 2287 961 2349 ‚·
1004 2266 1072 2332 id
1108 2270 1205 2331 est
1240 2263 1462 2354 (prout
1502 2263 2006 2351 intelligendum
2048 2264 2354 2358 videtur),
2406 2289 2542 2338 rem

237 2371 424 2437 circa
466 2392 665 2461 quam
706 2375 996 2438 versatur
1022 2367 1446 2459 praescriptio,
1480 2388 1776 2459 expresse
1800 2389 1876 2436 ac
1914 2368 2085 2438 clara
2118 2369 2264 2460 lege
2303 2372 2542 2443 tribuat

239 2474 449 2544 alteri.
489 2473 693 2550 Porro
712 2478 828 2570 jus
855 2475 1252 2545 simultaneae
1296 2473 1682 2558 collationis,
1723 2475 1839 2544 etsi
1873 2498 1993 2568 pro
2005 2476 2173 2568 jure
2204 2482 2543 2551 communi

242 2580 617 2653 habendum
660 2586 767 2670 sit,
814 2604 947 2653 non
987 2589 1203 2652 tamen
1255 2602 1555 2673 eoepresse
1593 2581 1810 2673 aliqua
1849 2584 2111 2674 speciali
2139 2584 2282 2676 lege
2312 2588 2539 2657 decer-

245 2687 447 2775 nitur3
483 2691 594 2760 sed
624 2696 877 2759 tantum
909 2712 1025 2782 per
1052 2689 1422 2758 discursum
1464 2688 1794 2778 colligitur
1830 2711 1907 2757 ex
1931 2691 2131 2759 variis
2160 2692 2332 2779 juris
2354 2695 2540 2761 texti-

246 2791 393 2881 buS,
444 2811 714 2863 necnon
736 2817 812 2863 ex
846 2793 1293 2863 Romanarum
1334 2792 1937 2883 Congregationum
1976 2793 2066 2858 ita
2106 2791 2542 2882 interpretan-

246 2896 415 2965 tium
446 2900 854 2987 auctoritate,
881 2920 955 2967 ac
979 2899 1322 2967 communi
1350 2898 1695 2966 doctorum
1722 2896 2061 2965 sententia.
2093 2894 2283 2963 Unde
2328 2895 2541 2967 forsan

249 3002 389 3089 quis
435 3002 654 3071 dicere
696 3009 905 3094 posset
937 3026 956 3070 ι
987 3000 1248 3071 Resistit
1281 3001 1549 3091 quidem
1592 3002 1779 3072 dictae
1808 3000 2279 3092 Episcoporum
2321 3000 2543 3074 Galliae

256 3109 631 3195 possessioni
650 3110 767 3200 jus
796 3128 1178 3196 commune,
1211 3108 1321 3176 sed
1347 3111 1481 3174 no'n
1505 3106 1780 3197 fortiter
1804 3127 1918 3176 seu
1946 3127 2022 3176 eo
2048 3108 2242 3176 modo
2269 3110 2385 3198 qui
2426 3130 2542 3179 ne-

257 3215 595 3285 cessarium
640 3215 831 3284 faciat
875 3213 1169 3283 titulum.
1215 3213 1644 3305 Quapropter,
1694 3214 2141 3284 difficultatem
2185 3215 2355 3286 hanc
2396 3216 2539 3288 aliis

260 3321 712 3391 enucleandam
736 3322 1071 3391 remittens
1076 3371 1098 3410 ‚
1120 3321 1429 3394 intactam
1448 3320 1753 3412 relinquo
1773 3321 2195 3413 quaestionem
2219 3322 2426 3410 illam,
2454 3347 2539 3394 an
2558 3349 2563 3353 ·

261 3421 582 3520 Episcopis
608 3428 832 3498 Galliae
848 3480 868 3517 ,
895 3429 976 3498 ad
1005 3428 1339 3520 praefatam
1372 3434 1596 3498 contra
1634 3429 1915 3521 capitula
1956 3421 2537 3521 praescriptionem,

263 3534 641 3603 necessarius
663 3536 747 3603 sit
771 3556 978 3602 necne
1001 3533 1250 3602 titulus.

341 3636 423 3706 V.
468 3640 697 3730 Defuit
734 3637 1075 3729 Episcopis
1108 3636 1357 3706 Gallice
1385 3636 1516 3703 illa
1552 3637 1791 3724 species
1837 3635 2023 3704 bonae
2051 3636 2248 3724 fidei,
2283 3658 2430 3724 quae
2459 3637 2550 3703 ad

264 3738 623 3831 leqitimam
655 3741 1240 3837 praescriptionem
1292 3740 1677 3828 requiritur.
1727 3774 1819 3789 -
1863 3737 2011 3805 Non
2056 3740 2342 3808 dicimus
2391 3741 2545 3832 ipsis

263 3842 527 3921 defuisse
575 3850 837 3920 bonam·
852 3846 1079 3940 fidem.
1122 3841 1249 3915 Pro
1287 3843 1654 3913 indubitato
1681 3864 1717 3912 e
1744 3847 1969 3911 contra
1990 3843 2312 3914 babemus
2347 3848 2544 3922 dictos

262 3959 584 4043 praesules,
634 3963 775 4050 post
818 3960 1146 4048 peractam
1186 3952 1401 4045 prima
1439 3951 1582 4021 vice
1623 3950 1998 4022 vacantium
2040 3953 2544 4029 canonicatuum

262 4060 692 4153 collationem,
725 4084 858 4132 non
900 4084 975 4132 ex
1016 4059 1289 4140 malitia,
1333 4060 1444 4129 sed
1472 4058 1645 4129 bona
1681 4058 1809 4127 fide
1849 4057 2305 4150 subsequentes
2347 4067 2551 4135 etiam

262 4168 629 4242 collationes
655 4170 784 4240 sibi
799 4169 1119 4239 exclusive
1144 4168 1514 4259 usurpasse.
1539 4164 1717 4257 Ipsos
1737 4165 2010 4257 proinde
2028 4167 2277 4238 nullius
2300 4172 2552 4262 peccati

260 4292 400 4344 reos
423 4278 725 4348 tacimus.
751 4277 872 4347 Ast
896 4278 1173 4347 omnino
1197 4280 1452 4345 certum
1481 4278 1575 4341 est
1591 4294 1666 4341 ex
1688 4273 1934 4366 duplici
1963 4298 2157 4347 causa
2178 4277 2336 4346 oriri
2362 4288 2553 4364 posse

265 4375 501 4453 bonam
532 4386 730 4455 fidem
765 4384 835 4453 in
858 4405 933 4453 eo
961 4384 1077 4474 qui
1110 4382 1237 4452 sibi
1264 4380 1515 4471 aliquid
1539 4386 1808 4473 usurpat
1835 4384 2011 4472 quod
2040 4401 2246 4451 suum
2267 4396 2402 4447 non
2429 4370 2551 4436 est.

2194 4494 2267 4542 η
