2930 4982
350 321 474 378 236
1323 326 1669 373 maenius

357 473 391 511 «
421 460 644 516 tamen
666 446 917 538 proevio
936 445 1241 514 eoeamine
1260 456 1324 513 et
1349 442 1831 535 approbatione
1849 455 2043 513 erunt
2069 443 2156 512 ab
2181 444 2626 535 amplitudine

354 576 390 617 «
419 564 538 621 tua
567 550 956 643 deputandi.
990 549 1102 619 Ad
1120 549 1509 633 secundum,
1545 562 1725 617 etc...
1770 574 1804 615 »

434 657 783 748 Postquam
827 658 968 726 haec
1021 657 1411 725 documenta
1460 656 1683 725 retulit
1709 656 1941 725 Garcia
1964 657 2354 748 subjungit:
2400 686 2436 724 «
2465 660 2631 730 Prae-

354 792 389 833 «
416 766 586 835 dicta
630 767 937 835 resolutio
978 768 1044 831 et
1089 763 1552 833 declarationes
1594 785 1790 833 sacrae
1822 762 2354 854 Congregationis
2398 790 2630 859 appro-

356 898 391 937 «
419 873 657 941 bantur
708 879 771 941 et
798 872 1268 943 confirmantur
1297 893 1410 963 per
1457 872 1651 939 breve
1704 869 1866 940 Sixti
1892 871 1958 941 V
1992 874 2278 962 positum
2313 895 2430 963 per
2455 873 2623 943 Man.

355 1004 389 1044 «
417 978 776 1067 Rodriguez
799 979 865 1046 in
898 978 1275 1048 collectione
1301 977 1804 1069 privilegiorum
1826 977 2259 1067 regularium,
2309 980 2492 1049 bulla
2519 982 2627 1067 22,

356 1109 388 1147 «
414 1082 571 1153 Sixti
603 1081 689 1166 V,
721 1106 869 1180 pag.
911 1083 1169 1153 1173.»
1206 1084 1447 1153 Inutile
1469 1085 1778 1153 duximus
1824 1084 2043 1175 plures
2077 1105 2424 1174 congerere
2457 1087 2631 1158 illius

346 1188 875 1278 Congregationis
901 1190 1385 1265 declarationes,

435 1298 503 1363 4⁰
517 1297 840 1365 Probatur
849 1299 1226 1367 auctoritate
1240 1295 1308 1366 S.
1335 1297 1517 1365 Rotae
1537 1296 1869 1365 Romanae.
1889 1332 1982 1348 -
1999 1293 2276 1363 Unicam
2292 1296 2630 1367 citabimus

345 1405 544 1494 hujiis
593 1404 936 1473 tribunalis
979 1405 1403 1493 decisionem,
1439 1405 1551 1474 sed
1598 1405 1671 1472 in
1703 1425 1837 1492 qua
1864 1402 2240 1472 indicantur
2265 1403 2404 1473 aliae
2436 1426 2633 1494 quam

349 1510 678 1600 plurimae.

445 1642 478 1681 «
519 1617 808 1686 Vacante
836 1619 1077 1687 vicaria
1101 1623 1430 1709 perpetua,
1455 1617 1642 1685 unita
1668 1616 1953 1686 ecclesiae
1992 1615 2344 1685 cathedrali
2364 1616 2633 1686 civitatis

358 1745 392 1785 «
420 1721 728 1809 Reatinae,
749 1723 1325 1792 reverendissimus
1351 1723 1712 1815 Episcopus
1732 1723 1967 1792 indixit
1989 1745 2420 1812 concursum3
2445 1744 2482 1792 a
2504 1746 2634 1814 qua

358 1826 774 1895 «indictione
831 1827 1075 1919 (habita
1121 1828 1368 1921 notitia)
1399 1851 1516 1921 per
1557 1829 1919 1920 capitulum
1960 1835 2023 1898 et
2073 1828 2416 1898 canonicos
2454 1829 2637 1899 dictae

358 1958 392 1996 «
421 1932 803 2002 cathedralis
826 1935 1110 2004 ecclesiae
1133 1934 1255 2003 fuit
1284 1936 1661 2026 interposita
1683 1933 2044 2027 appellatio.
2074 1932 2226 2022 Sed,
2253 1958 2327 2004 ea
2363 1936 2636 2004 minime

358 2061 394 2101 «
421 2041 684 2120 attenta,
725 2061 1112 2110 concursum
1149 2038 1532 2133 complevit3
1566 2042 1933 2131 iterumque
1972 2041 2409 2132 appellatione
2444 2043 2637 2110 inter-

359 2167 394 2208 «
421 2145 625 2233 posita
644 2167 762 2215 nec
793 2147 1033 2238 pariter
1056 2154 1316 2233 attenta,
1347 2148 1615 2218 Petrum
1645 2147 1942 2218 Scossam
1975 2148 2047 2215 in
2076 2147 2394 2216 vicarium
2423 2147 2627 2238 elegit.

359 2250 395 2311 '«
423 2247 550 2329 Qui
590 2272 744 2322 cum
795 2254 1091 2340 ulteriuS,
1140 2258 1210 2324 in
1248 2261 1542 2347 spretum
1585 2253 2003 2325 inhibitionis
2028 2253 2269 2323 Rotalis
2293 2253 2513 2323 sibiet
2543 2255 2631 2321 vi-

363 2380 397 2418 «
436 2359 611 2426 cario
641 2359 720 2427 D.
750 2360 1051 2454 Episcopi
1076 2363 1496 2454 personaliter
1532 2367 1925 2454 praesentatae
1953 2362 2419 2453 possessionem
2462 2362 2635 2430 illius

361 2485 395 2525 «
426 2461 622 2531 fuerit
671 2473 1022 2552 assecutus,
1070 2467 1359 2537 dubitavi
1413 2467 1532 2559 (1),
1568 2467 1674 2537 An
1725 2478 1973 2537 constet
2011 2465 2092 2535 de
2120 2466 2469 2535 attentatis
2491 2489 2636 2557 quoe

363 2596 397 2632 «
425 2569 699 2636 veniant
725 2572 1120 2661 revocanda,
1142 2586 1207 2641 et
1233 2575 1322 2641 sit
1344 2573 1815 2665 apponendum
1841 2585 2271 2665 sequestrum.
2296 2610 2380 2624 —
2411 2571 2492 2641 Et
2514 2572 2635 2639 do-

361 2700 396 2738 «
426 2674 593 2741 mini
635 2676 1013 2748 affirmative
1042 2681 1538 2770 responderunt.
1574 2707 1608 2746 »

453 2781 775 2851 «Constat
804 2784 1129 2874 siquidem
1155 2786 1234 2854 de
1263 2788 1582 2856 attentatis
1616 2792 1752 2856 tam
1784 2793 2076 2879 respectu
2111 2786 2633 2856 reverendissimi

366 2915 399 2951 «
432 2887 511 2956 D.
537 2889 864 2982 Episcopi,
885 2914 1085 2981 quam
1110 2891 1350 2962 Scossae
1369 2895 1452 2966 ab
1477 2894 1705 2962 eodem
1719 2894 1901 2962 electi
1929 2918 1946 2963 ε
1971 2898 2268 2986 respectu
2285 2893 2467 2962 enim
2487 2891 2539 2960 E
2546 2892 2634 2982 pi-

365 3023 399 3060 «
428 2997 632 3088 scopi,
646 2998 808 3066 dum
827 2999 1134 3088 praedicta
1146 3001 1386 3069 vicaria
1403 3000 1590 3068 unita
1608 3001 1731 3069 fuit
1748 3002 1937 3071 dictae
1956 3000 2308 3069 cathedrali
2327 2998 2630 3081 ecclesiae,

365 3128 400 3168 «
422 3105 534 3192 jus
565 3105 942 3173 nominandi
963 3129 1075 3175 seu
1104 3107 1453 3199 deputandi
1476 3108 1795 3177 vicarium
1821 3113 2063 3199 spectat
2090 3108 2174 3176 ad
2199 3106 2560 3198 capitulum
2579 3112 2638 3174 et

365 3235 401 3273 «
429 3214 797 3296 canonicos,
830 3235 1113 3303 quorum
1134 3216 1418 3284 ecclesiae
1444 3216 1765 3306 reperitur
1793 3215 1961 3283 facta
1990 3215 2176 3299 unio,
2193 3215 2380 3304 juxta
2400 3212 2637 3282 consti-

363 3340 400 3381 «
428 3318 747 3386 tutionem
781 3326 1018 3389 sanctae
1070 3323 1402 3391 memorias
1430 3322 1532 3391 Pii
1564 3320 1652 3409 V,
1685 3322 1931 3413 pluries
1966 3320 2408 3406 canonizatam
2437 3326 2570 3387 tam
2601 3340 2640 3388 a

366 3446 401 3489 «
427 3419 619 3492 Sacra
665 3423 1171 3515 congregatione
1199 3429 1486 3511 concilii,
1523 3435 1594 3496 ut
1620 3428 1909 3496 referunt
1949 3427 2257 3496 Gonzales
2286 3427 2392 3518 (ad
2420 3449 2561 3517 reg.
2599 3425 2639 3494 8

366 3554 399 3594 «
426 3526 707 3598 Cancell.
742 3532 937 3620 gloss.
981 3533 1048 3617 9,
1081 3534 1123 3624 ξ
1151 3533 1217 3620 3,
1247 3556 1315 3602 n.
1347 3533 1859 3624 53),-Garcia.‚.,
1903 3557 2102 3625 quam
2129 3556 2169 3602 a
2214 3534 2376 3603 Rota
2405 3532 2532 3624 (ibi
2556 3532 2640 3601 ci-

366 3663 399 3701 «
431 3648 662 3706 tantur
674 3638 913 3729 plures
944 3642 1133 3708 Rotae
1163 3640 1565 3733 decisiones).
1609 3641 1744 3711 Nec
1780 3648 1875 3711 est
1902 3641 2082 3710 locus
2107 3639 2486 3723 concursui,
2532 3638 2641 3708 sed

363 3769 398 3808 «
424 3745 742 3814 institutio
773 3745 914 3814 fieri
944 3746 1128 3815 debet
1166 3747 1247 3815 ad
1278 3748 1658 3818 electionem
1685 3754 1747 3817 et
1777 3748 2295 3817 nominationem
2338 3746 2637 3828 illorum,

365 3872 398 3911 «
426 3870 574 3918 curn
600 3852 1061 3941 approbatione
1087 3854 1417 3924 Ordinarii
1444 3855 1565 3946 (ibi
1590 3856 1833 3924 iterum
1856 3854 2154 3924 citantur
2175 3852 2502 3944 plurimce
2539 3850 2645 3920 de-

365 3978 398 4018 «
421 3955 734 4046 cisiones).
768 3958 1017 4029 Indicto
1036 3960 1254 4050 itaque
1273 3983 1595 4031 concursu
1622 3962 1812 4031 licuit
1828 3962 2017 4031 dictis
2043 3961 2324 4053 capitulo
2357 3967 2421 4030 et
2448 3980 2642 4029 cano-

363 4085 398 4125 «
425 4060 593 4128 nicis
646 4064 994 4155 appellare3
1050 4071 1114 4136 et
1158 4074 1624 4158 consequenter
1672 4075 1806 4137 tam
1850 4069 2405 4160 complementum
2460 4065 2643 4134 illius

363 4192 397 4232 «
424 4187 804 4259 concursus,
819 4174 1020 4262 quam
1037 4176 1176 4266 ipsa
1197 4176 1443 4259 electi0,
1471 4178 1820 4268 omniaque
1833 4184 2006 4267 gesta
2031 4182 2174 4269 post
2192 4175 2643 4268 interpositam

349 4389 386 4436 d
414 4311 487 4438 (lg
517 4311 618 4362 Ista
643 4325 741 4363 vox
762 4313 1000 4370 dubitavi
1029 4318 1083 4366 in
1111 4317 1241 4379 stylo
1263 4316 1404 4369 Rotae
1433 4319 1683 4383 significat
1704 4321 1945 4385 proposui
1971 4321 2111 4370 Rotoe
2136 4318 2227 4369 hoc
2248 4316 2475 4369 dubium
2497 4316 2640 4366 deci-

348 4435 352 4442 ,
391 4403 449 4438 en
490 4407 598 4442 um.
