2930 4982
1163 330 1239 375 ns
1285 330 1612 381 carnotus,
2409 330 2533 387 263

259 467 293 507 «
323 443 493 511 ritur
541 445 634 528 N,
687 443 779 512 ad
826 434 1368 536 conqreqabzdum
1427 461 1491 515 et
1547 450 1936 541 conqreqari
1971 452 2359 541 faciendum
2413 479 2540 547 pro

257 579 294 619 ι(
321 548 500 617 die...
553 550 933 640 capitulum
964 552 1393 640 cathedralis,
1425 566 1504 622 ut
1543 557 1744 624 moris
1776 568 1898 643 est,
1928 557 2000 625 in
2026 558 2171 628 loco
2204 561 2436 648 solite,
2471 562 2544 632 in

260 682 297 722 ι(
329 676 450 744 quo
491 653 693 721 citari
718 656 938 745 possit
952 656 1246 747 juridice
1274 681 1409 750 pro
1435 660 1709 749 justitia
1742 661 2283 733 administranda
2297 688 2323 749 ,·
2369 665 2544 735 alias

257 759 665 828 «habebitur
687 783 822 852 pro
868 763 1074 831 citato
1106 787 1237 855 per
1271 767 1673 856 affl-‘cionem
1707 770 1779 838 in
1824 770 1966 839 loco
2005 794 2120 840 seu
2152 772 2376 841 valvis
2416 771 2549 842 loci

252 893 285 931 «
312 865 630 957 capituli,
684 867 1007 958 instante,
1062 877 1185 939 etc.
1240 897 1276 937 ›>
1334 872 1725 964 (Monacelli,
1780 882 1960 967 parte
2016 876 2127 958 111,
2186 879 2285 947 tit.
2343 878 2413 967 3,
2461 877 2541 947 ad

244 974 436 1042 form.
475 975 585 1057 19,
613 974 831 1044 adnot.
866 975 963 1066 5.)

328 1082 446 1148 14⁰
482 1078 705 1160 Quoad
743 1081 1072 1172 praedicta,
1108 1083 1366 1152 videtur
1394 1085 1590 1155 hodie
1620 1087 1690 1155 in
1722 1086 1930 1157 Gallia
1960 1088 2181 1178 vigere
2204 1094 2268 1157 et
2290 1108 2549 1158 servan·

240 1189 404 1255 dum
434 1208 567 1255 esse
600 1188 708 1275 jus
748 1209 1123 1257 commune.
1161 1190 1474 1260 Recentes
1507 1194 1685 1262 enim
1714 1194 2077 1264 Galliarum
2107 1193 2394 1263 ecclesiae
2424 1193 2555 1288 spb

233 1295 382 1382 jure
416 1294 759 1360 communi
789 1300 944 1361 ortae
974 1300 1035 1362 et
1064 1297 1424 1364 constitutae
1450 1304 1627 1382 sunt,
1657 1306 1732 1367 ut
1757 1299 1918 1367 alibi
1941 1298 2380 1389 probavimus.
2417 1296 2553 1367 Nec

237 1399 703 1468 attendendum
737 1405 833 1468 est
862 1403 975 1489 jus
1020 1402 1412 1492 particulare
1460 1403 1620 1471 olim
1670 1405 1958 1472 ecclesiis
2006 1404 2344 1493 gallicanis
2388 1403 2546 1472 sorte

235 1505 678 1596 acquisitum3
727 1507 1021 1574 extinctae
1064 1507 1239 1576 enim
1277 1514 1434 1576 sunt
1480 1509 1610 1576 illae
1656 1510 1992 1597 ecclesiae3
2043 1509 2316 1577 extincta
2356 1508 2548 1599 proin

238 1612 438 1680 simul
478 1613 634 1703 ipsis
667 1612 1051 1682 inhaerentia
1094 1614 1459 1706 privilegia.
1502 1615 1690 1685 Unde
1731 1615 1858 1684 nisi
1886 1637 1923 1684 a
1953 1621 2243 1707 tempore
2275 1636 2547 1684 concor·

233 1719 368 1786 dati
410 1741 446 1785 a
493 1717 727 1787 Sancta
767 1718 932 1788 Sede
979 1720 1118 1810 juri
1147 1721 1511 1791 Ncommuni
1549 1722 1616 1790 in
1666 1722 1998 1812 aliquibus
2041 1722 2423 1811 derogatum
2469 1722 2555 1789 sit

223 1826 445 1914 quoad
469 1834 756 1894 recentes
791 1825 1015 1894 Galliae
1042 1828 1364 1911 ecclesias,
1390 1830 1503 1918 jus
1535 1849 1890 1897 commune
1920 1828 1991 1897 in
2022 1828 2114 1897 eis
2146 1828 2367 1917 vigere
2396 1849 2550 1897 cen-

231 1933 511 1999 sendum
552 1956 569 1999 :
606 1954 798 2023 porro
845 1934 1059 2022 quoad
1105 1935 1446 2001 materiam
1497 1937 1832 2023 praesentis
1885 1936 2307 2025 paragraphi,
2362 1933 2548 2001 nulla

230 2039 556 2131 reperitur
582 2039 745 2106 facta
775 2039 1157 2128 hujusmodi
1185 2040 1542 2128 derogatio,

322 2146 439 2213 15⁰
484 2143 708 2225 Quoad
753 2144 1077 2212 hodierna
1114 2144 1442 2236 Hispaniae
1464 2146 1784 2236 capitula,
1819 2145 2284 2213 attendendum
2314 2149 2409 2212 est
2433 2165 2546 2213 re-

224 2273 391 2318 cens
421 2250 881 2317 concordatum
910 2251 1016 2317 Pii
1040 2250 1134 2318 lX
1157 2273 1317 2318 cum
1345 2251 1690 2319 Gubernio
1718 2251 2099 2340 HispanicO,
2127 2250 2368 2316 mensis
2396 2271 2546 2339 sep-

226 2354 515 2431 tembris
546 2353 749 2438 18513
782 2356 851 2421 in
877 2375 1009 2442 quo
1037 2354 1130 2422 sic
1159 2355 1437 2423 habetur
1465 2357 1736 2424 articulo
1767 2357 1850 2424 14
1883 2381 1900 2424 z
1937 2381 1971 2420 «
1996 2354 2545 2444 Quotiescumque

228 2484 266 2525 «
315 2458 602 2550 capitulo
623 2459 885 2550 praesint
909 2459 1419 2552 (Archiepiscopi
1440 2467 1502 2530 et
1517 2461 1874 2554 Episcopi),
1899 2482 2127 2530 vocem
2144 2467 2205 2529 et
2223 2466 2446 2529 votum
2462 2460 2533 2530 in

186 2603 204 2610 -
236 2591 271 2630 ι(
304 2566 388 2633 iis
403 2565 707 2633 omnibus
718 2567 986 2655 negotiis
1005 2567 1368 2654 habebunt,
1390 2589 1536 2657 quae
1552 2590 1777 2637 eorum
1793 2588 2134 2658 personam
2149 2566 2391 2634 directe
2402 2587 2535 2634 non

217 2671 272 2734 ‘<‹
302 2670 620 2751 afficiant3
653 2694 727 2740 ac
755 2677 1086 2762 praeterea,
1137 2672 1255 2739 ubi
1291 2673 1752 2763 capitularium
1799 2673 2111 2760 suffragia
2156 2673 2285 2739 sint
2320 2671 2531 2760 paria,

234 2801 269 2840 a
300 2762 606 2865 Episcopi
622 2782 848 2844 votum
866 2800 1008 2846 rem
1036 2779 1324 2846 definiet.
1351 2779 1429 2846 In
1455 2779 1746 2868 qualibet
1767 2799 2198 2867 personarum
2223 2777 2536 2842 electione

234 2906 272 2943 (ι
305 2900 426 2947 seu
476 2881 925 2948 nominatione
968 2882 1048 2949 ad
1102 2882 1464 2971 capitulum
1508 2886 1858 2971 spectante,
1912 2884 2112 2968 prout
2155 2875 2538 2965 capitulares

236 3013 269 3052 ι(
297 2985 555 3053 fuerint
573 2985 918 3066 sexdecim,
946 2987 1179 3073 viginti
1208 2992 1322 3053 aut
1351 3009 1574 3075 supra,
1604 2975 1755 3063 tria,
1781 2989 2087 3073 quatuor,
2113 2981 2218 3050 vel
2237 2981 2537 3071 quinque

236 3117 270 3153 «
305 3096 458 3157 vota
489 3090 758 3157 habebit
793 3090 1176 3181 Episcopus.
1227 3090 1411 3169 Quod
1453 3091 1508 3158 si
1538 3090 1650 3158 hic
1694 3087 1979 3179 capitulo
2023 3087 2296 3154 minime
2342 3087 2531 3168 adsit,

241 3195 515 3283 «aliqui
552 3195 631 3261 de
677 3217 797 3263 suo
834 3198 1089 3285 gremio
1131 3197 1419 3289 deputati
1448 3179 1644 3264 illum
1678 3196 1758 3263 ad
1788 3200 1934 3263 vota
1962 3194 2332 3284 recipienda
2378 3214 2532 3262 con-

241 3325 274 3365 «
304 3300 591 3369 venient.
639 3326 673 3367 »
719 3302 848 3370 Ubi
901 3304 1159 3372 videtur
1187 3304 1456 3372 concedi
1497 3326 1728 3372 vocem
1770 3303 2091 3393 Episcopo
2128 3302 2200 3368 in
2225 3300 2529 3371 omnibus

239 3406 506 3495 negotiis
533 3427 679 3495 quae
709 3406 915 3497 ipsius
944 3432 1291 3499 personam
1334 3432 1468 3478 non
1501 3409 1883 3500 respiciunt.
1932 3407 2070 3477 Imo
2100 3407 2170 3475 in
2202 3408 2530 3476 electioni-

238 3510 356 3581 bus
384 3534 499 3580 seu
529 3514 1092 3583 ‘nominationibus
1126 3515 1207 3583 ad
1238 3516 1602 3607 capitulum
1630 3516 2137 3606 pertinentibus,
2170 3513 2529 3604 Episcopus

237 3616 422 3705 plura
452 3623 596 3686 vota
623 3619 851 3706 habet-3
883 3626 949 3687 et
972 3623 1188 3688 valent
1214 3622 1329 3689 illa
1362 3629 1510 3691 vota
1550 3622 1856 3712 Episcopi
1894 3622 2094 3688 etiam
2145 3619 2289 3686 data
2324 3623 2530 3685 extra-

238 3725 697 3813 capitulariter‚
738 3725 805 3791 id
838 3730 956 3809 est,
993 3725 1248 3792 etiamsi
1286 3727 1568 3816 capitulo
1606 3748 1739 3792 non
1771 3726 2042 3794 assistat.
2091 3721 2269 3789 Dum
2313 3728 2530 3790 autem

236 3828 325 3897 ibi
360 3831 579 3919 agitur
611 3830 693 3906 de,
728 3830 1283 3899 nominationibus
1332 3830 1412 3899 ad
1442 3832 1802 3922 capitulum
1845 3830 2346 3922 pertinentibus,
2394 3851 2528 3899 non

242 3935 515 4027 intelligi
539 3939 776 4010 debent
817 3939 1293 4010 nominationes
1321 3940 1400 4009 ad
1429 3940 1848 4010 canonicatus
1876 3943 2175 4008 vacantes
2198 3962 2217 4023 3
2253 3937 2362 4006 sed
2390 3944 2530 4008 tan·

241 4045 377 4109 tum
406 4044 482 4110 ad
516 4043 640 4111 alia
666 4045 873 4112 officia
911 4052 1021 4113 aut
1062 4047 1315 4113 munia.
1357 4046 1451 4114 De
1489 4046 1829 4115 collatione
1868 4049 2089 4112 autem
2131 4042 2525 4133 dignitatum

244 4152 299 4212 et
335 4150 860 4235 canonicatuum,
907 4152 1294 4242 dispositum
1332 4158 1425 4219 est
1464 4153 1738 4218 articulo
1797 4153 1878 4219 18
1925 4152 2215 4245 ejusdem
2258 4173 2523 4221 concor-

246 4250 363 4317 dati
376 4280 395 4340 3
440 4254 511 4321 in
546 4277 700 4344 qu0,
745 4263 1084 4347 postquam
1116 4257 1393 4326 Summo
1431 4256 1736 4346 Pontifici
1777 4263 2095 4326 reservata
2137 4262 2230 4324 est
2274 4254 2529 4336 collatio

248 4361 654 4430 canonicatus
690 4364 990 4433 cantoriae
1022 4366 1093 4432 in
1130 4366 1442 4434 omnibus
1485 4365 1999 4458 metropolitanis
2043 4359 2332 4432 ecclesiis
2364 4361 2427 4419 et
2457 4353 2528 4415 in
