2930 4982
354 375 381 428 1
398 374 432 427 3
444 374 478 426 4
1331 379 1673 427 TRACTATL'S

360 528 394 568 «
435 524 588 570 cum
613 521 767 569 voce
792 499 860 566 in
881 499 1190 590 capitulo,
1221 505 1343 568 etc.
1371 501 1435 568 A
1458 504 1993 589 quantocumque
2010 504 2300 589 tempore
2325 503 2644 572 nominati

359 636 394 677 «
434 609 702 694 fuerint,
734 627 1080 695 nunquam
1110 606 1326 672 ullum
1357 606 1708 695 acquirunt
1745 606 1858 693 jus
1887 604 2327 695 praecedentiae
2363 606 2431 673 in
2463 630 2650 677 veros

361 742 394 781 «
435 715 780 783 canonicos
833 719 895 780 et
942 734 1171 780 eorum
1234 714 1658 802 coadjutores.
1727 710 1916 780 Unde
1969 717 2032 780 et
2087 712 2296 780 fictitii
2353 717 2642 784 canonici

358 848 392 889 «
431 822 833 890 dictitantur.
867 842 903 882 »
1623 810 1627 819 ’

441 926 640 994 Porro
686 925 861 1015 quod
915 925 1002 992 ita
1060 926 1511 993 universaliter
1549 924 1745 992 hodie
1790 923 2261 1013 frequentatur,
2287 927 2506 993 simul
2551 927 2646 994 di-

351 1034 637 1103 cendum
663 1039 756 1099 est
781 1030 1177 1127 legitimum.
1213 1031 1382 1100 Nam
1407 1034 1475 1099 in
1504 1031 1849 1123 praeallatis
1878 1030 2086 1099 Sacrae
2110 1030 2648 1121 Congregationis

352 1137 612 1208 concilii
664 1137 1071 1206 documentis
1101 1144 1163 1206 et
1209 1140 1350 1206 aliis
1399 1137 1791 1228 quibusdam
1843 1159 1989 1227 quae
2037 1138 2313 1228 adjungi
2359 1145 2646 1229 possent,

351 1244 651 1313 videmus
680 1244 762 1310 ab
786 1242 1321 1312 eminentissimis
1351 1242 1648 1310 Patribus
1678 1263 1810 1310 non
1840 1241 2175 1332 reprobari
2201 1243 2398 1309 talem
2438 1244 2660 1326 eccle-⁴

353 1351 599 1418 siarum
633 1350 885 1439 praxim
914 1376 930 1436 3
960 1351 1153 1417 etiam
1193 1349 1454 1438 quando
1491 1348 1842 1416 canonicus
1878 1353 1972 1415 est
2014 1370 2190 1416 mere
2219 1348 2636 1429 honorarim,

354 1461 415 1524 et
443 1456 706 1523 nullum
743 1460 998 1545 praestat
1025 1462 1137 1522 aut
1164 1460 1464 1545 praestare
1496 1460 1753 1521 tenetur
1797 1453 2081 1521 ecclesiae
2111 1454 2218 1520 cui
2255 1454 2651 1522 adscribitur*

355 1562 718 1641 servitium,
758 1569 830 1627 ut
861 1562 928 1628 in
956 1562 1492 1652 szvporeqz'ensz‘,
1522 1563 1563 1627 4
1591 1561 1769 1651 junii
1805 1559 2000 1629 1836.
2037 1561 2439 1650 Legitimitas
2470 1561 2650 1629 illius

359 1669 570 1759 praxis
600 1667 750 1735 inde
774 1669 969 1735 etiam
999 1670 1136 1737 erui
1166 1673 1388 1758 potest,
1419 1668 1593 1757 quod
1637 1668 1818 1734 nulla
1849 1668 1907 1735 ei
1943 1668 2263 1735 contraria
2305 1667 2402 1734 lex
2441 1667 2644 1735 eccle·

359 1773 610 1841 slastica
635 1774 850 1843 afferri
871 1775 1091 1866 possit.
1117 1773 1274 1843 Jura
1297 1776 1475 1843 enim
1491 1796 1638 1863 quae
1658 1773 2006 1866 prohibent
2029 1774 2232 1841 creari
2252 1777 2644 1841 canonicum

359 1880 499 1947 sine
541 1880 888 1971 praebenda
929 1887 1038 1948 aut
1078 1883 1498 1971 exspectativa
1534 1880 1925 1972 praebendae,
1957 1878 2298 1948 commode
2332 1879 2643 1970 interpre-

361 1990 582 2053 tantur
604 1988 683 2055 de
713 1987 1040 2056 canonicis
1063 1989 1323 2080 proprie
1360 1988 1572 2072 dictis,
1599 1989 1684 2054 ita
1711 1994 1784 2054 ut
1814 1986 2197 2076 applicanda
2226 2007 2359 2053 non
2387 1987 2646 2053 veniant

362 2092 758 2174 honorariis,
789 2095 901 2184 qui
920 2097 1030 2184 jus
1055 2096 1343 2163 canoniae
1370 2097 1633 2186 proprie
1661 2096 1910 2163 dictum
1934 2116 2066 2161 non
2104 2094 2368 2161 habent.
2402 2093 2484 2160 Et
2510 2099 2645 2160 tan·

363 2198 513 2266 dem
556 2199 768 2291 praxis
808 2222 952 2289 quae
999 2202 1088 2268 ita
1130 2202 1449 2290 generalis
1479 2202 1679 2269 evasit
1721 2206 1781 2269 et
1815 2202 1922 2268 cui
1957 2201 2217 2268 assentit
2245 2200 2446 2287 stylus
2490 2219 2648 2265 con-

363 2308 815 2396 gregationum
850 2305 1313 2390 Romanarum,
1332 2304 1499 2377 ⁸satis
1523 2332 1594 2376 ex
1624 2309 1745 2376 hoc
1775 2309 1913 2399 ipso
1939 2307 2381 2393 canonizatur,
2408 2307 2461 2373 si
2488 2304 2644 2394 quid

364 2410 552 2479 dubii
577 2415 750 2481 circa
778 2416 917 2502 ejus
946 2415 1286 2482 liceitatem
1311 2423 1498 2482 antea
1528 2415 1859 2483 obfuisset.

454 2517 593 2585 Imo
627 2541 820 2587 nemo
868 2541 1001 2587 non
1043 2520 1217 2589 videt
1258 2544 1457 2611 quam
1494 2523 1648 2589 utile
1694 2523 1775 2590 sit
1810 2523 1879 2590 in
1907 2521 2214 2600 Ecclesia,
2265 2540 2443 2609 posse
2479 2519 2647 2584 viros

349 2623 843 2714 ‘ecclesiasticos‘
863 2627 978 2714 qui
1006 2626 1085 2694 de
1115 2627 1427 2717 religione
1450 2628 1616 2696 bene
1651 2628 1867 2695 meriti
1897 2632 2070 2715 sunt,
2097 2626 2360 2718 publico
2379 2624 2652 2692 honoris

363 2732 733 2798 testimonio
760 2731 842 2798 ab
864 2731 1198 2824 Episcopis
1225 2740 1287 2802 et
1323 2735 1620 2825 capitulis
1648 2734 2080 2804 condecorari.

1453 3019 1490 3095 ξ
1533 3021 1573 3077 4

474 3197 584 3235 NON
615 3196 804 3235 Porsssr
829 3197 1108 3236 Episcopus
1137 3198 1431 3236 cANomeos
1464 3199 1800 3237 nononamos
1838 3199 2041 3238 camur.
2069 3200 2271 3245 ansoni:
2300 3197 2546 3238 CAPITULt

1365 3295 1656 3335 consaxsu.
1897 3277 1900 3284 ’

448 3466 553 3534 Sic
581 3465 1284 3536 habetScarfantonius
1317 3469 1438 3559 (De
1461 3469 1822 3550 canonici&
1861 3471 1979 3538 lib.
2010 3493 2055 3556 ι,
2093 3471 2189 3537 tit.
2223 3493 2355 3552 xiv,
2387 3490 2453 3534 n.
2497 3466 2600 3556 13)
2628 3489 2652 3531 τ’

365 3598 402 3640 «
427 3571 678 3641 Creatio
729 3577 952 3640 autern
1030 3573 1356 3642 dictorum
1418 3576 1886 3643 canonicorum
1936 3576 2439 3643 honorariorum
2521 3592 2649 3639 non

366 3704 400 3742 «
430 3684 633 3770 potest
669 3679 807 3745 fieri
851 3700 885 3745 a
916 3677 1050 3745 solo
1092 3678 1409 3770 Episcopo
1446 3703 1462 3760 ;
1497 3681 1606 3748 sed
1636 3682 1708 3748 in
1739 3681 1850 3749 illa
1896 3687 1988 3749 est
2018 3680 2410 3749 necessarius
2457 3678 2649 3743 etiam

362 3808 397 3848 «
431 3788 700 3875 capituli
731 3808 1049 3856 assensus
1082 3810 1116 3850 >2

442 3887 755 3957 Eamdetn
806 3893 1002 3959 tradit
1059 3891 1420 3958 doctrinam
1477 3913 1672 3983 supra
1729 3892 1962 3960 citatus
2012 3889 2215 3957 Nardi
2272 3914 2287 3957 :
2359 3914 2395 3953 «
2445 3886 2659 3956 Valde

365 3996 782 4083 «conspicua
849 3998 1106 4065 videtur
1166 3999 1586 4086 praerogativa
1645 3997 1755 4065 illa
1786 4048 1804 4084 ‚
1857 4020 1988 4087 qua
2045 4001 2313 4088 possunt
2366 3992 2648 4084 capitula

361 4121 396 4161 «
430 4096 812 4166 honorarios
877 4123 1092 4170 creare
1146 4103 1492 4170 canonicos
1525 4157 1544 4188 ,
1622 4125 1778 4170 cum
1832 4103 2016 4170 nulla
2070 4101 2195 4168 alia
2262 4099 2639 4178 auctoritas,

361 4227 396 4268 «
429 4209 660 4294 praeter
713 4207 1138 4296 pontificiam,
1195 4209 1390 4275 talem
1449 4209 1799 4276 concedere
1854 4210 2173 4276 honorem
2223 4206 2447 4271 valeat.
2514 4200 2646 4270 Ve-

357 4336 390 4376 «
423 4333 574 4378 rum
615 4317 711 4381 est
763 4318 980 4378 tamen
1009 4363 1026 4390 ,
1079 4314 1245 4381 sicut
1295 4315 1657 4407 Episcopus
1708 4317 1847 4383 sine
1893 4315 2160 4407 capituli
2212 4331 2472 4380 assensu
2523 4308 2648 4375 ho·

361 4441 393 4480 «
427 4420 718 4488 norarios
773 4418 1119 4487 canonicos
1162 4419 1371 4490 facere
1419 4423 1668 4510 nequit,
1719 4423 1806 4489 ita
1848 4444 1885 4490 a
1935 4420 2220 4511 capitulo
2270 4419 2502 4486 factam
2530 4433 2650 4480 no·
