2930 4982
386 339 413 395 1
431 339 464 393 8
474 340 509 395 8
1350 346 1691 393 ‘ruentes

380 475 472 537 est
502 494 517 538 ε
577 468 1124 557 Conqreqationes
1152 467 1535 558 hujusmodi
1564 466 1973 558 capitulares
2000 465 2336 534 habendas
2363 489 2499 533 non
2538 488 2664 533 esse

381 598 452 643 eo
501 590 789 665 tempore
817 598 942 665 quo
991 573 1222 641 divina
1258 574 1680 642 celebrantur
1715 574 1966 664 officia,
2020 573 2150 640 nisi
2184 595 2387 641 causa
2431 573 2663 662 aliqua

382 705 623 773 urqens
654 705 762 749 eas
788 681 881 749 ad
906 680 1101 765 aliud
1121 692 1378 771 tempus
1396 705 1531 749 uon
1547 692 1898 772 pateretur
1942 679 2245 771 differri:
2278 677 2458 769 quod
2476 679 2538 745 si
2563 678 2662 745 lzoe

354 787 914 877 'conqreqationes
960 787 1203 877 absque
1242 810 1444 855 causa
1475 786 1829 878 proedicta,
1869 799 2160 876 tempore
2204 783 2665 852 celebrationis

382 894 758 962 divinorum
804 894 1055 961 habitae
1076 895 1352 984 fuerint,
1393 897 1787 963 canonicum
1816 895 1976 984 jure
2002 892 2084 960 ab
2116 892 2219 959 his
2250 903 2325 958 ut
2349 891 2547 958 choro
2560 893 2669 959 in·

384 1002 542 1068 tersi
547 1011 572 1066 t
580 1023 776 1091 posse
797 1000 1035 1086 abesse,
1064 1025 1180 1069 nec
1191 1015 1552 1093 propterea
1577 1026 1708 1070 esse
1734 999 2221 1068 mulctandum.
2253 999 2410 1066 ltem
2443 999 2665 1066 eadem

381 1103 573 1173 Sacra
609 1106 1035 1195 Congregatio
1082 1108 1411 1198 respondit
1447 1132 1462 1174 ε
1511 1111 1736 1196 Neque
1766 1107 2202 1197 Episcopum,
2233 1126 2438 1193 neque
2487 1105 2664 1195 capi-

384 1208 608 1276 tulum
636 1209 864 1278 debere
890 1213 1142 1300 exiqere
1166 1213 1511 1279 rationum
1533 1211 1991 1294 redditionem,
2026 1224 2314 1300 tempore
2343 1232 2469 1298 quo
2492 1210 2658 1277 reei-

382 1330 614 1385 tantur
632 1319 812 1385 horae
835 1319 1164 1386 canonicae
1191 1330 1255 1386 et
1275 1318 1509 1386 divina
1528 1319 1968 1386 celebrantur.
2001 1316 2173 1396 Quas
2196 1315 2552 1384 decisiones
2571 1337 2662 1382 re-

380 1424 500 1491 fert
524 1423 1006 1493 Scarsantonius
1035 1426 1106 1515 (t.
1141 1426 1220 1510 ll,
1255 1448 1401 1516 pag.
1430 1425 1499 1505 3,
1526 1426 1719 1492 editio
1740 1424 1960 1507 Lucae,
1995 1422 2216 1513 1723).

471 1528 583 1596 lv.
618 1529 837 1608 Quoad
873 1530 1169 1598 ordinem
1197 1530 1458 1598 sedendi
1496 1531 1562 1597 in
1590 1530 1897 1618 capitulo,
1950 1553 1982 1592 «
2014 1529 2229 1618 prima
2262 1527 2440 1594 sedes
2492 1547 2664 1593 com-

386 1661 419 1699 «
452 1635 609 1726 petit
641 1636 1000 1724 praesidenti
1037 1637 1338 1726 capituli,
1374 1636 1491 1703 etsi
1520 1637 1764 1704 adesset
1786 1635 2140 1726 Episcopus
2175 1642 2251 1702 ut
2275 1634 2660 1719 canonicus3

386 1768 421 1807 «
455 1742 569 1830 qui
598 1748 814 1808 tamen
850 1744 935 1810 ob
984 1743 1241 1810 culmen
1293 1765 1425 1811 suoe
1460 1743 1820 1830 dignitatis,
1863 1742 2038 1809 sedet
2081 1742 2149 1808 in
2190 1739 2473 1830 capitulo
2526 1745 2666 1829 post

383 1873 416 1912 «
452 1852 925 1940 praesidenlem,
984 1873 1112 1918 non
1173 1856 1411 1918 attento
1456 1850 1674 1941 ipsum
1725 1852 1795 1917 in
1849 1850 2212 1939 receptione
2271 1846 2664 1915 canonicalis

387 1981 420 2019 «
455 1958 815 2046 praebendae
844 1980 978 2025 esse
1002 1959 1146 2026 aliis
1176 1958 1506 2026 canonicis
1548 1960 1990 2049 posteriorem.
2023 1957 2089 2025 Si
2135 1978 2284 2023 vero
2310 1955 2666 2046 Episcopus

386 2064 834 2130 «interveniat
866 2065 1173 2154 capitulo,
1211 2087 1342 2132 non
1389 2071 1460 2131 ut
1500 2066 1881 2149 canonicus,
1916 2063 2026 2131 sed
2072 2070 2145 2131 ut
2171 2062 2554 2153 Episcopus,
2595 2062 2666 2127 in

385 2192 418 2231 «
448 2169 703 2236 casibus
748 2170 989 2259 quibus
1044 2172 1238 2238 habet
1279 2173 1393 2259 jus
1468 2171 1874 2238 coadunandi
1936 2169 2322 2259 capitulum,
2372 2168 2547 2234 sedet
2599 2167 2667 2234 in

383 2299 418 2338 «
451 2277 666 2364 prima
699 2277 843 2344 sede
872 2277 1162 2369 capituli,
1204 2300 1350 2366 quae
1383 2277 1570 2344 debet
1598 2299 1732 2343 esse
1763 2276 2099 2366 pulchrior
2135 2280 2196 2342 et
2223 2274 2508 2341 ornatior
2538 2294 2666 2340 cae-

387 2406 420 2443 «
453 2383 624 2447 teris,
655 2421 745 2432 —
767 2384 1130 2451 eanonicus
1160 2393 1220 2450 et
1250 2386 1423 2450 idem
1445 2383 1748 2474 Episcopi
1776 2384 2057 2450 vicarius
2096 2380 2432 2471 generalis,
2468 2382 2538 2447 in
2562 2402 2668 2447 ca-

383 2511 417 2549 «
459 2487 663 2574 pitulo
696 2497 758 2555 et
786 2491 1397 2578 congregationibus
1432 2489 1894 2580 capitularibus
1932 2489 2104 2557 sedet
2134 2490 2204 2556 in
2231 2488 2362 2555 loco
2390 2486 2670 2554 sibi*de-

388 2616 422 2653 «
453 2591 586 2658 bito
613 2599 686 2658 ut
726 2595 1058 2676 canonice,
1108 2595 1290 2662 nullo
1317 2595 1539 2662 habito
1570 2603 1863 2684 respectu
1891 2597 1970 2664 ad
2001 2597 2295 2664 officium
2317 2591 2670 2660 vicariatus

382 2721 414 2758 «
443 2697 613 2784 quod
659 2699 911 2764 retinet.
954 2738 1044 2751 —
1080 2699 1569 2768 Reluctantibus
1616 2704 1970 2787 canoniciS,
2006 2705 2337 2791 nequeunt
2372 2697 2669 2790 praedicti

383 2827 418 2865 «
446 2800 675 2868 vicarii
709 2802 1009 2870 interesse
1039 2804 1321 2894 capitulo
1349 2807 1509 2872 dum
1558 2805 1625 2871 in
1666 2828 1740 2872 eo
1784 2812 2095 2876 tractatur
2112 2807 2201 2874 de
2242 2827 2312 2872 re
2341 2809 2670 2894 spectante

386 2933 414 2968 «
450 2907 527 2974 ad
554 2906 945 3000 Episcopum
976 2911 1302 3002 (Barbosa,
1332 2914 1429 2978 De
1476 2913 1825 2992 canonieiS,
1858 2936 1915 2980 c.
1949 2915 2060 2999 42,
2094 2935 2160 2979 n.
2203 2910 2308 3001 12)
2330 2937 2347 2997 ;
2373 2911 2554 3000 quia,
2594 2933 2670 2978 eo

384 3039 419 3075 «
447 3013 585 3102 ipso
605 3017 778 3103 quod
799 3024 1133 3107 suspectus
1146 3020 1438 3086 redditur
1456 3019 1838 3110 EpiscopuS‚
1867 3024 2327 3108 consequenter
2352 3023 2504 3083 sunt
2525 3038 2671 3084 sus-

382 3142 414 3181 «
446 3121 612 3207 pecti
640 3123 779 3208 ejus
802 3124 1130 3192 officiales,
1161 3150 1195 3188 »
1237 3124 1704 3218 (CeccoperiuS,
1734 3125 1777 3192 l.
1802 3124 1919 3209 IV,
1948 3126 2046 3191 tit.
2083 3123 2195 3213 nv.)

462 3223 546 3292 V.
616 3225 710 3293 De
757 3230 1039 3297 oratione
1088 3232 1560 3321 praemittenda,
1610 3240 1671 3297 et
1716 3253 1796 3297 an
1830 3231 1907 3297 ad
1944 3233 2239 3320 juniores
2280 3234 2523 3319 spectet
2564 3229 2670 3295 vel

375 3331 591 3418 potius
607 3334 682 3397 ad
711 3334 1035 3422 digniores
1059 3359 1243 3404 suam
1273 3346 1420 3405 ante
1445 3337 1602 3404 alios
1624 3337 1908 3426 proferre
1931 3337 2334 3418 sententiam,
2357 3343 2417 3401 et
2436 3341 2669 3403 coetera

374 3436 777 3523 hujusmodi,
832 3442 1035 3508 solent
1076 3449 1304 3510 statuta
1350 3442 1763 3533 particularia
1804 3449 1865 3509 et
1903 3443 2399 3510 consuetudines
2434 3441 2670 3509 locales

375 3542 806 3613 determinare
836 3573 853 3630 ;
884 3553 1074 3637 atque
1105 3549 1234 3616 illis
1257 3548 1561 3615 standum
1590 3554 1705 3616 est.

1316 3822 1602 3885 CAPUT
1657 3825 1711 3883 X

979 4001 1054 4043 DE
1096 4000 1253 4046 MODO
1300 4000 1575 4046 CAPIENDI
1626 4002 2045 4048 POSSESSIONEM

472 4204 505 4241 «
532 4175 849 4247 Possessio
900 4187 1316 4255 canonicatus
1358 4188 1967 4277 quomodocumque
2011 4192 2218 4276 capta,
2267 4184 2460 4251 etiam
2527 4206 2670 4251 non

382 4283 901 4377 «capitulariter,
962 4296 1056 4355 est
1133 4296 1649 4378 manutenibilis,
1723 4294 1983 4382 quando
2070 4291 2431 4381 capitulum
2515 4311 2672 4379 pos-

381 4418 415 4457 «
448 4392 793 4461 sessionem
832 4395 974 4485 capi
1000 4396 1273 4483 denegat
1305 4400 1399 4466 vel
1432 4400 1705 4490 impedit
1729 4401 1866 4467 sine
1901 4401 2072 4489 justa
2098 4419 2311 4465 causa.
2341 4421 2373 4460 »
2412 4394 2671 4483 (Mona-
