2930 4982
1186 326 1262 371 DE
1308 325 1638 373 culmus·
2444 320 2468 372 1
2489 318 2565 373 57

295 447 563 516 officium
594 445 926 537 spirituale
965 466 1002 513 a
1041 445 1425 513 beneficiato
1454 445 1844 535 explendum
1875 467 1892 524 ;
1925 443 1994 514 3⁰
2022 455 2096 512 ut
2125 446 2268 535 ejus
2316 447 2573 517 collatio

295 555 360 620 ad
380 573 672 643 personas
705 550 1164 619 ecclesiasticas
1198 552 1557 641 pertineat;
1600 553 1667 618 4⁰
1697 556 1770 619 ut
1794 549 2238 619 ecclesiasticis
2276 555 2572 642 personis

292 657 731 725 conferendum
781 657 862 725 sit
889 680 906 741 ;
956 657 1025 724 5ο
1074 661 1149 723 ut
1194 656 1302 724 det
1345 659 1457 746 jus
1511 657 1591 724 ad
1659 646 2006 746 proventus
2054 656 2523 726 ecclesiasticos
2548 687 2566 747 ;

293 766 348 833 6⁰
369 764 608 833 addunt
636 764 860 853 aliqui,
900 769 976 831 ut
1000 766 1110 854 jus
1144 765 1311 832 illud
1354 765 1438 832 sit
1480 769 1893 855 perpetuum,
1942 763 2007 831 id
2048 768 2164 851 est,
2196 769 2273 831 ut
2314 786 2448 833 non
2492 766 2572 834 sit

289 872 623 939 revocabile
657 872 739 939 ad
770 876 1041 951 nutum3
1084 872 1193 939 sed
1237 870 1430 938 multi
1470 872 1823 939 canonistae
1856 876 2115 938 censent
2146 872 2317 940 hanc
2347 895 2572 964 perpe·

290 981 559 1048 tuitatem
602 980 851 1068 requiri
895 978 1163 1068 quidem
1208 984 1283 1045 ut
1323 977 1721 1045 beneficium
1763 980 1848 1046 sit
1884 983 2299 1069 perpetuum,
2348 986 2410 1046 et
2441 1003 2570 1048 non

286 1086 561 1153 manuale
587 1107 709 1153 seu
732 1086 1096 1153 revocabile
1124 1085 1203 1152 ad
1235 1089 1495 1167 nutum,
1526 1105 1657 1151 non
1688 1088 1912 1152 autem
1941 1089 2013 1150 ut
2036 1083 2118 1150 sit
2156 1104 2303 1151 vere
2337 1084 2574 1153 benefl-

285 1191 440 1260 cium
463 1189 872 1258 strationem
891 1189 1122 1257 habeat
1146 1189 1298 1257 boni
1320 1188 1760 1257 ecclesiastici.

357 1295 814 1386 Expendamus
861 1316 1039 1363 nunc
1097 1317 1182 1363 an
1236 1294 1421 1363 dictae
1469 1292 1789 1362 Gubernii
1844 1293 2191 1384 pensiones
2235 1293 2452 1384 aliqua
2495 1318 2570 1365 ex

284 1401 450 1470 dictis
475 1401 959 1470 conditionibus
988 1407 1275 1469 careant.

362 1510 421 1575 1⁰
447 1510 830 1578 Constitutae
866 1514 1019 1576 sunt
1050 1510 1119 1576 in
1146 1508 1547 1577 dotationem
1593 1507 1675 1575 ab
1714 1507 2088 1576 auctoritate
2119 1507 2571 1589 ecclesiastica,

280 1614 336 1682 id
362 1624 471 1701 est,
500 1640 537 1684 a
563 1616 731 1685 Sede
751 1615 1120 1706 Apostolica
1138 1668 1156 1696 ,
1191 1621 1266 1683 ut
1293 1620 1464 1706 patet
1491 1637 1565 1682 ex
1599 1614 1809 1684 allatis
1837 1613 2267 1682 documentis.
2303 1615 2373 1681 2ο
2400 1615 2575 1684 Con·

281 1720 499 1790 stitutae
535 1727 694 1791 sunt
720 1723 792 1788 in
819 1722 1210 1789 dotationem
1247 1721 1459 1811 officii
1489 1719 1902 1812 spiritualiS,
1933 1718 2001 1788 id
2033 1726 2152 1803 est,
2190 1722 2575 1813 episcopalis

282 1830 342 1890 et
380 1829 759 1916 parochialis
797 1828 1115 1915 muneris,
1167 1832 1243 1896 ut
1282 1848 1575 1919 expresse
1628 1827 1873 1895 habent
1918 1826 2105 1894 citata
2154 1827 2567 1898 documenta.

280 1927 342 1996 3⁰
363 1930 631 2002 Collatio
649 1936 926 2025 pertinet
939 1933 1020 2001 ad
1038 1933 1496 2001 ecclesiasticas
1518 1954 1858 2024 personas3
1882 1932 2229 2023 siquidem,
2253 1955 2330 2001 ex
2350 1936 2574 2002 eodem

277 2035 698 2128 Concordem,
721 2043 1121 2132 episcopatus
1143 2039 1488 2108 aRomano
1518 2039 1854 2118 Pontifice,
1886 2042 2212 2129 parochiae
2247 2047 2463 2111 autem
2494 2044 2575 2112 ab

274 2142 591 2238 Episcopo
610 2147 1013 2217 conferendae
1031 2154 1204 2216 sunt.
1238 2148 1307 2214 4⁰
1331 2145 1608 2214 Nonnisi
1636 2145 2075 2213 ecclesiasticis
2099 2148 2394 2235 personis
2421 2170 2579 2215 con·

271 2251 480 2319 fertur
502 2255 612 2339 jus
640 2254 723 2318 ad
754 2248 1073 2338 ejusmodi
1100 2253 1446 2339 pensiones
1472 2278 1490 2336 3
1526 2253 1582 2317 si
1620 2250 1891 2338 quidem
1932 2269 2064 2315 non
2103 2250 2433 2317 confertur
2457 2253 2582 2320 nisi

274 2356 374 2422 eis
401 2354 523 2442 qui
542 2355 679 2444 apti
700 2354 828 2421 sint
851 2354 1160 2444 explendo
1191 2354 1539 2446 episcopali
1568 2376 1642 2422 ac
1672 2352 2023 2444 parochiali
2051 2356 2337 2423 muneri.
2364 2356 2433 2425 5⁰
2459 2358 2578 2427 Jus

271 2459 357 2528 ad
379 2460 537 2527 istas
555 2460 898 2551 pensiones
916 2465 1009 2529 est
1019 2462 1129 2551 jus
1148 2462 1226 2528 ad
1246 2461 1700 2552 percipiendos
1719 2465 2069 2553 proventus
2086 2462 2568 2534 ecclesiasticos.

275 2565 446 2637 Nam
470 2571 544 2633 ut
574 2565 824 2634 fructus
847 2587 958 2634 seu
988 2572 1337 2657 proventus
1362 2567 1489 2635 sint
1518 2566 1960 2646 ecelesiastici,
1988 2589 2336 2658 veramque
2374 2570 2575 2639 bono·

277 2695 423 2741 rum
449 2671 1025 2742 ecclesiasticorum
1049 2675 1371 2744 rationem
1402 2674 1707 2758 habeant,
1742 2696 2001 2750 necesse
2027 2696 2163 2744 non
2189 2680 2381 2744 estut
2409 2679 2574 2744 sun-

279 2778 391 2848 dus
436 2801 517 2847 ex
562 2801 693 2868 quo
736 2779 1189 2871 percipiuntur
1228 2780 1363 2849 Deo
1409 2781 1660 2848 dicatus
1717 2780 1942 2856 fuerit,
1988 2785 2052 2846 et
2088 2782 2161 2847 in
2208 2781 2576 2849 dominium

280 2884 580 2953 Ecclesiae
609 2887 898 2973 cesserit3
932 2893 998 2954 at
1024 2887 1265 2955 sufficit
1288 2893 1364 2953 ut
1391 2886 1678 2954 Ecclesia
1711 2888 1819 2973 jus
1857 2885 2091 2951 habeat
2130 2886 2211 2951 ad
2252 2885 2399 2952 illos
2425 2908 2575 2976 pro·

282 2999 533 3072 ventuS,
564 2992 652 3058 ita
677 2996 753 3058 ut
777 2992 902 3081 ipsi
927 2992 1282 3059 debeantur
1303 2996 1371 3056 et
1397 2990 1691 3057 solvendi
1720 2990 1876 3075 sint,
1909 2989 1981 3055 vi
2004 2989 2219 3058 oneris
2244 2990 2315 3059 in
2343 3014 2579 3083 perpe·

289 3110 474 3168 tuum
498 3097 808 3188 suseepti.
844 3098 1018 3166 Hinc
1041 3104 1383 3189 postquam
1414 3094 1773 3164 Leurenius
1800 3095 2215 3187 affirmative
2247 3101 2579 3190 respondit

287 3205 356 3271 ad
381 3206 834 3295 quaestionem,
866 3226 1031 3271 num
1063 3204 1234 3271 bona
1261 3224 1407 3293 quae
1443 3202 1840 3274 beneficium
1879 3204 2281 3272 constituunt
2305 3205 2576 3274 debeant

288 3329 406 3379 esse
436 3332 543 3378 res
574 3321 752 3378 certa
781 3321 845 3379 et
870 3309 1163 3399 stabilis,
1185 3310 1272 3378 ita
1288 3309 1636 3401 subjungit
1662 3311 1889 3381 :Num
1906 3332 2062 3401 erqo
2090 3311 2251 3380 talis
2272 3335 2374 3381 res
2392 3325 2575 3381 certa

290 3417 625 3506 assiqnata
651 3416 857 3508 (verbi
875 3417 1126 3509 qratia,
1141 3417 1418 3507 fundus)
1441 3415 1676 3486 debeat
1705 3415 2011 3486 abdicari
2033 3429 2099 3486 et
2122 3421 2478 3510 transferri
2503 3419 2576 3486 in

290 3521 655 3592 dominium
672 3524 1026 3592 Ecclesiae?
1048 3525 1422 3616 Respondeo
1438 3525 1768 3616 neqative.
1798 3526 2070 3616 Sufficit
2093 3528 2270 3595 enim
2288 3550 2429 3593 rem
2445 3549 2577 3593 esse

292 3628 826 3720 hypotkeeatam,
850 3641 912 3696 et
939 3630 1254 3719 affectam
1273 3654 1464 3699 onere
1487 3630 1885 3721 (praestandi
1904 3631 2074 3698 tales
2089 3632 2359 3719 reditus)
2379 3631 2572 3711 reali,

287 3747 624 3826 perpetrm,
661 3757 796 3803 non
836 3734 1264 3828 extinquibili
1313 3757 1467 3801 cum
1497 3756 1815 3822 persona,
1859 3733 1975 3800 sed
2006 3755 2159 3800 cum
2205 3757 2274 3802 re
2312 3736 2459 3826 ipsa
2488 3737 2581 3805 ad

295 3863 756 3932 quemcumque
803 3861 1229 3910 successorem
1284 3849 1750 3907 transeunte...
1806 3841 2112 3907 Lotterus
2169 3842 2298 3932 ait,
2356 3843 2573 3935 ipsum

299 3969 543 4039 quoque
568 3971 872 4016 annuum
913 3948 1205 4018 reditum
1235 3950 1308 4017 in
1339 3949 1560 4017 dotem
1592 3946 1889 4038 beneficii
1922 3948 2357 4037 assiqnatum,
2389 3955 2450 4023 si
2486 3979 2573 4026 ex

299 4066 459 4121 certo
480 4054 695 4144 fundo
715 4054 1053 4139 debeatur,
1085 4053 1214 4123 dici
1231 4054 1528 4146 fundum
1565 4054 2074 4125 ecclesiasticum
2098 4057 2363 4149 (Forum
2383 4062 2573 4132 bene-

300 4159 539 4246 ficiale,
580 4167 743 4251 part.
783 4164 844 4245 1,
873 4168 1099 4251 quaest.
1135 4162 1227 4250 8).

380 4264 463 4333 Ut
490 4288 645 4356 ergo
675 4267 860 4336 dictae
887 4290 1120 4336 annuae
1161 4268 1502 4358 pensiones
1542 4267 1862 4339 Gubernii
1909 4273 2039 4340 sint
2087 4275 2329 4342 reditus
2380 4257 2576 4339 eccle-

304 4369 564 4457 siastici,
593 4374 830 4442 sufficit
870 4381 944 4441 ut
990 4374 1401 4444 Gubernium
1451 4396 1557 4444 eas
1612 4378 1798 4447 certis
1837 4379 2085 4447 muniis
2128 4373 2576 4466 spiritualibus
