2930 4982
363 364 493 423 304
644 381 654 392 ·
1340 369 1686 417 ‘rue-rarus

356 492 629 588 psalmo,
656 509 743 560 an
760 488 1110 582 repetenda
1143 492 1275 556 tota
1292 488 1458 557 hora
1475 495 1590 558 aut
1611 495 1783 558 totus
1801 489 2132 581 psalmus?
2156 526 2246 540 -
2265 488 2648 560 Affirmatnr

360 623 400 670 a
418 599 805 691 quibusdam
820 625 839 686 3
861 597 972 667 sed
994 595 1395 688 probabilior
1413 603 1477 664 et
1493 599 1910 667 communior
1927 602 2023 666 est
2045 590 2357 666 sententia
2379 619 2646 688 negans.

360 705 451 796 (S.
487 705 861 795 Lignorius,
901 705 1044 773 loco
1068 702 1215 782 cit..
1242 724 1312 770 n.
1354 701 1536 796 168.)

447 811 517 883 3⁰
539 811 912 883 Generatim
930 809 1115 877 nulla
1138 809 1554 900 interruptio,
1577 810 1728 879 lieet
1746 810 1886 878 sine
1909 807 2285 878 rationabili
2309 830 2525 895 causa,
2552 832 2656 881 ex-

357 916 530 988 cedit
567 916 844 1000 veniale,
896 914 1089 983 modo
1134 918 1347 982 totum
1392 914 1686 983 officium
1720 914 2126 1005 compleatur
2152 936 2191 981 a
2228 914 2445 982 media
2477 921 2658 985 nocte

355 1022 439 1093 ad
487 1021 777 1092 mediam
809 1026 1088 1090 noctem.
1134 1018 1234 1087 Et·
1250 1020 1308 1088 si
1332 1019 1741 1111 interruptio
1767 1020 1880 1088 fiat
1929 1042 2007 1089 ex
2031 1042 2225 1089 causa
2265 1021 2654 1108 rationabili,

361 1129 544 1198 nullo
575 1129 767 1197 modo
793 1127 1140 1219 culpabilis
1168 1131 1288 1195 est.
1330 1125 1537 1196 Causa
1564 1133 1789 1196 autem
1815 1128 2215 1196 rationabilis
2246 1128 2652 1218 intelligitur,

363 1234 544 1303 verbi
579 1236 820 1324 gratia,
871 1233 1178 1324 quaelibet
1205 1233 1448 1302 utilitas
1479 1235 1749 1325 propria
1793 1235 1900 1302 vel
1929 1234 2162 1319 aliena,
2210 1258 2353 1324 quae
2396 1236 2536 1304 sine
2563 1237 2660 1304 in-

362 1342 709 1411 commodo
733 1340 978 1409 differri
1019 1345 1325 1431 nequeat3
1361 1340 1524 1408 item
1538 1342 1601 1409 si
1632 1341 1782 1430 quis
1812 1341 2245 1431 interrumpat
2262 1342 2559 1410 officium
2588 1366 2680 1411 ex-

364 1446 756 1530 urbanitate,
775 1446 876 1514 vel
895 1451 970 1513 ut
985 1450 1335 1534 exequatur
1358 1468 1420 1512 m
1431 1446 1664 1513 andata
1681 1448 2034 1536 superioris
2051 1470 2192 1536 quae
2212 1456 2513 1538 urgeant,
2533 1456 2658 1519 ete.

1441 1733 1604 1809 §13

965 1901 1147 1942 CAUSAE
1181 1902 1522 1942 EXCUSANTES
1558 1905 1594 1942 A
1626 1904 1866 1943 SERVITIO
1904 1905 2063 1944 enom

453 2081 692 2151 Causas
740 2080 884 2149 illas
939 2081 1009 2147 in
1062 2080 1394 2171 duplicem
1442 2082 1710 2149 classem
1763 2081 2234 2149 distribuemus
2262 2105 2282 2149 w:
2323 2080 2388 2149 1⁰
2421 2082 2668 2173 Nempe

365 2187 902 2257 enumerabimus
947 2208 1053 2257 eas
1103 2208 1248 2276 quae
1297 2186 1384 2254 ita
1432 2191 1761 2274 excusant,
1807 2190 1881 2254 ut
1928 2187 2159 2256 absens
2198 2187 2499 2257 lucretur
2526 2195 2667 2257 tum

367 2295 619 2363 fructus
665 2293 1053 2385 praebendae,
1092 2299 1234 2360 tum
1270 2293 1758 2361 distributiones
1782 2293 2214 2382 quotidianas,
2251 2294 2320 2361 2⁰
2358 2294 2483 2363 Eas
2511 2294 2665 2363 refe·

368 2422 591 2470 remus
634 2424 780 2491 quae
832 2402 919 2469 ita
967 2404 1301 2487 excusant,
1351 2405 1425 2467 ut
1470 2400 1702 2468 absens
1750 2387 2047 2469 lueretur
2098 2401 2367 2491 quidem
2415 2403 2665 2469 fruetus

365 2507 753 2599 praebendae,
771 2528 901 2576 non
924 2528 1073 2577 vero
1102 2504 1512 2595 quotidianas
1532 2505 2038 2574 distributiones.
2069 2505 2432 2597 Utrumque
2450 2512 2670 2575 autem

368 2632 713 2680 causarum
775 2631 981 2700 genus
1030 2613 1288 2678 excusat
1338 2608 1673 2677 absentem
1698 2609 1780 2677 ab
1821 2613 2005 2679 omni
2033 2619 2317 2702 peccato,
2348 2635 2455 2681 seu
2484 2613 2668 2702 quod

367 2716 545 2785 idem
562 2720 678 2798 est,
710 2716 792 2784 ab
823 2714 1216 2804 obligatione
1237 2735 1314 2782 ex
1339 2712 1731 2785 conscientia
1756 2716 2179 2787 interessendi
2200 2721 2432 2804 *choro3
2466 2723 2528 2787 et
2543 2719 2668 2790 hoc

369 2823 442 2890 in
481 2822 729 2915 duplici
758 2821 1051 2912 sequenti
1086 2821 1574 2888 enumeratione
1600 2823 2012 2912 supponitur.
2045 2825 2203 2893 Item
2241 2826 2668 2917 supponimus

367 2928 582 3016 quoad
604 2949 678 2996 ea
705 2928 844 2997 loca
871 2928 940 2995 in
966 2926 1208 3017 quibus
1229 2931 1358 2994 tota
1383 2925 1732 3016 praebenda
1776 2931 2065 2999 consistit
2094 2931 2163 2998 in
2194 2931 2667 3000 distributioni-

369 3029 517 3114 buS,
576 3033 737 3101 duas
789 3033 1005 3101 tertias
1054 3039 1264 3123 partes
1303 3031 1573 3100 illarum
1614 3032 2152 3104 distributionum
2182 3036 2505 3105 habendas
2532 3058 2670 3105 esse

370 3137 514 3206 loco
545 3137 937 3228 praebendae,
966 3139 1136 3205 sicut
1159 3138 1547 3228 dispositum
1570 3159 1606 3206 a
1620 3139 1772 3228 jure
1795 3140 1953 3210 alibi
1975 3146 2305 3211 ostensum
2331 3147 2440 3210 est.
2475 3139 2669 3210 Unde

370 3243 546 3331 quod
571 3244 811 3313 dicitur
829 3241 940 3309 hic
963 3243 1043 3309 de
1071 3242 1663 3331 distributionibuS,
1693 3269 1808 3337 pro
1833 3247 1992 3316 loeis
2015 3248 2145 3317 illis
2172 3249 2668 3340 intelligendum

372 3352 465 3416 est
489 3347 571 3413 de
621 3348 805 3415 tertia
852 3350 1110 3416 tantum
1134 3354 1316 3439 parte
1345 3348 1906 3438 distributionum,
1951 3375 2109 3422 cum
2133 3355 2278 3425 duae
2295 3357 2438 3424 aliae
2462 3359 2668 3447 partes

374 3452 743 3529 habeantur
763 3451 842 3519 de
852 3453 1005 3541 jure
1027 3460 1338 3543 tanquam
1362 3455 1780 3544 praebendam
1814 3459 2025 3550 ipsam
2049 3463 2533 3532 constituentes.

459 3559 751 3629 Pomorum
771 3559 821 3627 1.
847 3598 940 3612 —
966 3562 1202 3628 Causae
1216 3572 1598 3630 eoecusantes
1613 3561 1715 3631 ita
1739 3576 1817 3632 ut
1837 3566 2074 3636 absens
2093 3570 2386 3638 lueretur
2405 3580 2471 3644 et
2491 3570 2669 3660 sme-

373 3679 480 3736 tus
478 3665 865 3758 proebendoe
884 3678 950 3734 et
980 3664 1488 3735 distributiones
1526 3669 1985 3758 quotidianas.
2018 3713 2109 3755 ε-
2132 3675 2355 3745 Solent
2382 3681 2668 3744 auctores

369 3774 520 3844 illas
544 3775 627 3844 ad
655 3774 885 3865 triplex
913 3776 1107 3863 caput
1129 3773 1366 3843 referre
1393 3799 1410 3844 ε
1436 3775 1939 3868 infirmitatem,
1969 3783 2444 3852 rationabilem
2466 3801 2669 3851 neees-

372 3879 672 3964 sitatem,
729 3887 794 3950 et
839 3879 1155 3949 Ecclesiae
1204 3880 1604 3951 utilitatem.
1666 3885 1970 3975 Negleeta
2031 3890 2142 3959 illa
2205 3891 2667 3968 subdivisione,

375 4001 597 4053 causas
625 3987 796 4076 ipsas
824 4009 955 4055 una
982 4007 1115 4054 non
1145 3986 1507 4078 interrupta
1536 3990 1700 4061 serie
1726 4014 2208 4067 enumeramus.

464 4087 540 4153 1⁰..
573 4088 853 4160 Excusat
892 4092 1245 4161 infirmitas
1295 4093 1538 4183 gravis,
1586 4097 1692 4165 vel
1734 4121 1880 4189 quae
1906 4104 2120 4193 gravis
2158 4105 2300 4174 fieri
2329 4110 2535 4196 potest
2557 4122 2669 4195 per

369 4212 708 4263 accessum
755 4197 836 4263 ad
866 4200 1227 4270 ecelesiam.
1258 4239 1350 4255 --
1377 4200 1486 4272 Sic
1516 4203 1795 4276 decrevit
1822 4208 2190 4291 Bonitacius
2219 4211 2364 4282 VIII
2390 4211 2487 4304 (in
2520 4231 2661 4301 cap.

384 4297 980 4388 Consuetudinem,
1008 4306 1087 4371 de
1116 4306 1370 4377 clericis
1395 4332 1529 4378 non
1553 4314 1748 4384 resid.
1771 4316 1840 4383 in
1873 4315 1945 4407 6).
1973 4342 1989 4385 :
2023 4321 2310 4410 exceptis
2337 4300 2489 4388 illis
2510 4334 2670 4409 quos

377 4403 777 4492 infirmitas,
827 4426 944 4474 seu
948 4407 1145 4496 justa
1187 4424 1253 4478 et
1279 4415 1713 4487 rationabilis
1749 4423 2113 4512 corporalis
2137 4424 2512 4502 necessitas,
2546 4430 2668 4489 aut
