2930 4982
1179 313 1257 358 DE
1303 312 1630 359 CAPITULIS.
2434 309 2454 358 1
2474 308 2553 362 99

351 432 707 524 Episcopus
735 430 1169 501 Vulterranus
1193 433 1323 500 duo
1350 432 1603 523 petebat
1622 454 1659 500 a
1682 432 2183 524 metropolitano
2200 454 2322 503 suo
2347 456 2364 501 ε
2396 435 2457 501 ¹⁰
2478 434 2563 506 Ut

266 540 614 610 declararet
649 540 920 631 capituli
956 539 1191 630 agendi
1238 538 1559 607 rationem
1600 540 1793 607 fuisse
1837 560 1990 629 erga
2030 540 2429 631 Episcopum
2460 542 2564 609 in·

262 647 576 737 juriosam
595 668 612 728 ;
634 644 704 712 2⁰
736 649 810 712 ut
836 645 1212 713 decerneret
1239 666 1276 712 a
1305 644 1640 713 canonicis
1686 644 1966 713 liberum
2009 645 2296 734 relinqui
2325 643 2561 716 debere

265 753 579 845 Episcopo
619 753 730 841 jus
776 752 1128 820 electionis.
1187 750 1722 842 Metropolitanus
1794 758 2013 821 autem
2074 773 2190 843 pro
2251 751 2562 841 gravitate

261 880 468 928 causae
506 858 890 927 existimavit
933 857 1403 927 recurrendum
1446 859 1528 927 ad
1570 857 1878 928 Sanctam
1916 857 2170 928 Sedem.
2206 856 2288 926 Et
2330 858 2401 926 in
2445 878 2563 929 sua

257 965 563 1034 decretali
604 964 683 1032 de
703 966 824 1034 hac
842 986 936 1052 re,
975 963 1393 1034 Innocentius
1422 963 1535 1045 111,
1569 971 1644 1033 ut
1678 970 1871 1056 patet,
1901 965 2272 1033 collationes
2297 966 2378 1032 ab
2403 963 2562 1056 Epi-

263 1094 459 1163 scopo
485 1073 617 1139 solo
640 1071 838 1139 factas
862 1071 1076 1139 nullas
1099 1072 1398 1140 declarat.
1418 1070 1630 1139 Potest
1661 1071 1951 1141 absolute
1978 1071 2178 1161 objici
2207 1070 2563 1162 capitulum

267 1178 745 1247 vulterranum
769 1177 1020 1268 hocjus
1037 1178 1305 1266 quidem
1333 1177 1639 1246 habuisse
1662 1199 1737 1245 ex
1768 1176 2264 1263 consuetudine,
2293 1175 2403 1244 sed
2433 1195 2566 1245 non

264 1308 333 1352 ex
354 1288 515 1375 jure
542 1285 905 1353 communi.
937 1283 1018 1351 Et
1039 1283 1372 1351 fatendum
1402 1282 1567 1352 illud
1593 1283 1913 1373 effugium
1958 1305 1996 1351 a
2041 1288 2217 1351 textu
2262 1282 2401 1374 ipso
2448 1281 2566 1351 de·

257 1391 515 1458 cretalis
535 1412 669 1458 non
697 1389 971 1458 om‘nino
1001 1390 1339 1479 praecludi.
1365 1389 1451 1456 At
1472 1394 1641 1457 certe
1668 1411 1938 1457 sensum
1960 1389 2329 1479 oppositum
2354 1388 2566 1457 multo

257 1496 469 1584 magis
513 1495 756 1562 innuit.
791 1494 875 1562 Et
916 1495 1005 1563 ita
1043 1501 1227 1562 vetus
1269 1493 1480 1582 glossa
1526 1493 1879 1577 intellexit3
1908 1498 2361 1561 commentans
2384 1494 2565 1562 enim

255 1600 439 1668 illam
460 1599 871 1684 decretalem,
902 1599 992 1667 sic
1016 1599 1249 1667 habet:
1291 1598 1510 1666 «Dico
1540 1599 1713 1688 quod
1738 1596 1989 1689 dejure
2006 1596 2348 1667 communi
2367 1596 2564 1666 simul

261 1732 292 1771 «
323 1706 411 1774 ad
437 1705 841 1797 Episcopum
871 1713 931 1773 et
953 1706 1311 1796 capitulum
1334 1705 1612 1796 pertinet
1630 1705 1886 1774 collatio
1912 1703 2407 1773 beneficiorum.
2436 1700 2562 1771 Sed

263 1836 298 1875 (ι
326 1810 727 1878 consuetudo
755 1811 829 1877 in
855 1809 1159 1901 pluribus
1201 1810 1489 1878 ecclesiis
1530 1811 1794 1913 derogat
1829 1809 1990 1877 huic
2030 1808 2196 1899 juri,
2236 1813 2312 1874 ut
2345 1806 2455 1874 hic
2484 1805 2554 1873 in

259 1942 292 1980 «
320 1917 458 1984 fine
477 1917 680 2006 hujus
705 1917 965 1984 decreti.
1000 1942 1035 1980 »
1074 1916 1298 1984 Glossa
1336 1923 1555 1984 autem
1598 1916 1736 1995 illa,
1760 1921 1981 2006 utpote
2014 1912 2421 2005 qeneraliter
2458 1933 2557 1980 re·

250 2034 446 2113 cepta
469 2022 1052 2114 (quemadmodum
1086 2027 1355 2091 testatur
1379 2020 1540 2090 Rota
1580 2022 1653 2088 in
1680 2021 1954 2089 textibus
1983 2042 2137 2088 mox
2160 2016 2550 2104 afferendis),

249 2149 513 2216 magnae
551 2128 947 2196 auctoritatis
982 2132 1096 2196 est.

339 2233 422 2301 In
475 2233 927 2322 probationem
971 2233 1167 2299 etiam
1211 2232 1448 2299 adduci
1494 2236 1700 2320 potest
1744 2236 1936 2318 caput
1997 2228 2421 2306 Postulasti3‚
2479 2229 2556 2294 de

251 2335 676 2403 concessione
740 2336 1129 2425 praebendae‚
1187 2336 1257 2400 in
1312 2344 1442 2423 q'uo
1508 2336 1600 2402 sic
1657 2334 1936 2402 decrevit
1984 2331 2399 2400 Innocentius
2447 2329 2556 2419 111,

247 2464 436 2511 anno
461 2441 636 2511 1210
661 2465 678 2509 ε
707 2440 1110 2509 postulastis
1119 2462 1250 2532 per
1269 2439 1510 2508 Sedem
1531 2441 1587 2508 A
1581 2439 1991 2533 postolicam
2011 2435 2286 2517 edoceri,
2311 2449 2387 2504 ut
2402 2457 2553 2504 cum

248 2546 349 2615 ad
380 2570 497 2617 vos
537 2560 601 2615 et
631 2547 1213 2639 Arelziepiseopum
1263 2559 1558 2616 vestrum
1598 2548 1811 2616 simul
1851 2544 2126 2614 donatio
2150 2541 2554 2635 praebenda·

249 2678 404 2722 rum
445 2654 728 2724 ecelesiae
774 2666 1010 2722 vestroe
1043 2655 1405 2746 pertineat,
1448 2667 1679 2722 utrum
1696 2650 2077 2746 praebendae
2106 2650 2410 2718 vacantis
2433 2647 2550 2716 do-

249 2761 441 2828 natio
468 2785 673 2853 penes
714 2760 1302 2852 Archiepiseopum
1339 2762 1565 2851 ipsum
1599 2772 1923 2838 remanet,
1965 2759 2025 2824 si
2067 2779 2215 2850 eam
2242 2756 2430 2821 intra
2457 2776 2552 2821 se-

250 2880 492 2936 mestre
507 2880 761 2957 tempus
775 2866 933 2955 neql
938 2867 1112 2933 emeri
1119 2867 1199 2932 tis
1216 2866 1566 2934 ordinare?
1587 2866 1697 2933 Ad
1710 2864 1887 2955 quod
1904 2862 2183 2930 breviter
2195 2858 2552 2948 respondeo

251 2970 454 3062 quod,
487 2971 547 3038 si
572 2993 688 3037 vos
725 2982 787 3037 et
819 2970 994 3037 idem
1021 2972 1561 3062 Archiepiscopus
1581 2970 1768 3037 intra
1793 2981 2053 3057 tempus
2078 2963 2553 3055 praescriptum

255 3080 434 3145 circa
455 3078 581 3143 hoe
601 3075 1013 3165 neqliqentes
1042 3075 1415 3162 eoetiteriti3‚
1443 3076 1613 3150 sieut
1640 3097 1757 3141 nec
1787 3074 1872 3141 ab
1891 3074 2011 3141 illo
2037 3070 2130 3138 ad
2149 3093 2285 3154 voa,
2312 3070 2414 3137 ita
2436 3091 2552 3136 nec

258 3206 298 3250 a
318 3183 509 3251 vobis
528 3180 623 3250 ad
637 3182 845 3250 illum
872 3193 1179 3273 potestas
1207 3182 1593 3250 devolvitur
1627 3177 2009 3271 conferendi
2015 3199 2046 3263 ,·
2064 3176 2180 3246 sed
2196 3173 2550 3245 seeundum

255 3299 517 3357 statuta
546 3288 1011 3355 Lateranensis
1043 3288 1335 3372 concilii,
1368 3286 1463 3356 ad
1481 3286 1886 3378 superiorem
1933 3282 2177 3352 transit
2222 3280 2498 3351 donatio
2526 3304 2548 3350 .·

260 3395 387 3463 nisi
408 3396 588 3484 forte
610 3393 1170 3485 ArchiepisoopuS,
1206 3418 1339 3463 non
1389 3406 1468 3462 ut
1503 3393 1858 3484 praelatae,
1891 3389 2008 3459 sed
2043 3400 2123 3457 ut
2163 3388 2547 3477 eanonicus,

262 3499 587 3566 vobiscum
622 3500 740 3588 jus
777 3500 1018 3580 habeat
1061 3499 1459 3591 conserendi.
1505 3502 1601 3567 Et
1630 3500 1702 3566 in
1726 3500 1847 3567 lzoo
1886 3520 2068 3583 casu,
2129 3518 2280 3563 eum
2330 3493 2554 3560 dolose

264 3603 656 3694 impedierit,
685 3603 878 3670 dolus
901 3605 959 3670 ei
977 3606 1345 3694 suffraqari
1365 3627 1504 3671 non
1529 3602 1740 3670 debet.

343 3708 685 3777 Existimat
710 3707 1058 3797 Fagnanus
1084 3731 1198 3797 per
1218 3712 1342 3775 ista
1362 3708 1586 3792 verba,
1609 3728 1758 3772 cum
1781 3705 1872 3771 ad
1901 3725 2015 3770 vos
2040 3712 2105 3767 et
2134 3697 2560 3786 archiepisco·

258 3835 422 3902 pum
452 3823 746 3882 vestrum
768 3812 979 3881 simul
997 3810 1270 3879 donatio
1292 3808 1811 3901 praebendarum
1836 3806 2120 3875 ecclesioe
2145 3814 2375 3871 vestroe
2388 3825 2559 3894 per-

273 3920 502 4000 tineat,
535 3925 749 4011 aperte
776 3919 1055 4010 exprimi
1099 3925 1163 3986 et
1212 3918 1549 4000 declarari,
1598 3917 1708 4007 jus
1761 3911 2122 3983 collationis
2157 3912 2558 3982 simultaneae

272 4047 396 4095 esse
433 4031 546 4118 jus
573 4048 947 4095 commune.
982 4025 1268 4096 Sustinet
1314 4025 1704 4117 particulam
1755 4044 1905 4092 cum
1942 4021 2034 4089 ibi
2077 4020 2378 4088 eumdem
2408 4042 2557 4088 sen·

276 4154 415 4202 sum
444 4135 682 4202 habere
726 4156 800 4203 ac
844 4133 1036 4225 quia,·
1080 4140 1140 4203 et
1184 4134 1686 4201 affirmationem
1725 4130 1907 4197 illam
1939 4127 2196 4198 Summi
2227 4125 2560 4200 Pontificis

281 4258 401 4307 non
422 4242 827 4311 referendam
857 4263 992 4310 esse
1011 4241 1091 4309 ad
1115 4262 1341 4309 casum
1370 4238 1827 4329 particularem
1856 4236 2124 4329 capituli
2152 4237 2232 4304 de
2260 4256 2390 4323 quo
2417 4229 2563 4336 agi·-

288 4350 409 4429 tur,
443 4349 553 4416 sed
593 4348 671 4416 ad
708 4348 1194 4438 dispositionem
1231 4345 1596 4434 generalem
1622 4344 1825 4435 juris3
1850 4345 2035 4434 quasi
2065 4343 2369 4409 dixisset:
2407 4337 2573 4412 qma
