2930 4982
369 350 393 403 1
411 351 491 408 86
1334 360 1671 407 rnAcrAws

372 507 405 545 α
432 482 829 567 intelligatur
878 505 1018 551 rem
1070 481 1462 573 propositam
1517 501 1651 547 esse
1704 481 2035 567 rejectam,
2084 480 2164 548 de
2213 502 2342 568 qua
2406 479 2477 545 in
2534 478 2645 547 illo

371 589 717 677 «capitulo
745 590 842 656 nil
869 590 1152 679 amplius
1183 587 1606 676 loquendum.
1645 585 1832 667 Quod
1881 587 1936 654 si
1975 587 2056 654 ab
2087 587 2419 674 aliquibus
2458 607 2646 654 cano-

372 719 407 757 «
433 693 595 762 nicis
622 695 694 761 in
728 696 1023 763 eamdem
1061 716 1297 761 urnam
1329 693 1710 761 intromissae
1742 692 1983 760 fuerint
2021 715 2250 761 eorum
2285 693 2446 760 fabae
2483 693 2644 762 albae

368 826 400 863 ι(
432 806 496 867 et
524 801 749 888 nigrae,
788 802 908 867 boc
945 800 1119 867 idem
1142 806 1306 868 esset
1335 822 1408 867 ac
1454 801 1509 867 si
1536 800 1618 867 ab
1660 799 1752 867 eis
1802 806 2028 867 votum
2079 822 2208 867 non
2240 799 2468 867 fuisset
2499 822 2645 889 por·

368 932 402 970 ι(
430 912 709 986 rectum,
744 911 806 972 et
837 905 1044 973 valida
1066 914 1424 974 remaneret
1462 906 1714 993 electio,
1752 907 1884 976 sive
1930 905 2263 994 resolutio,
2287 906 2647 974 dummodo

375 1037 409 1077 «
443 1017 741 1099 appareat
771 1010 849 1077 de
878 1011 1036 1079 votis
1067 1012 1331 1100 majoris
1365 1012 1586 1102 partis.

461 1141 492 1179 «
521 1114 707 1197 Quod
731 1118 922 1186 modo
946 1117 1195 1185 dictum
1221 1118 1346 1186 fuit
1365 1119 1734 1187 habendam
1761 1140 1878 1208 pro
1900 1118 2176 1186 admissa
2198 1141 2359 1203 rem,
2387 1120 2648 1208 quando

370 1250 405 1289 ι(
430 1229 691 1314 apparet
721 1246 834 1313 per
865 1224 1040 1292 fabas
1067 1218 1248 1293 albas
1290 1226 1369 1292 de
1399 1226 1633 1314 majori
1681 1246 1952 1292 numero
1992 1224 2346 1310 vocalium,
2395 1224 2642 1314 explica

368 1356 400 1394 «
431 1331 499 1397 id
536 1330 877 1419 procedere
909 1330 986 1396 de
1012 1331 1285 1419 negotiis
1322 1330 1785 1421 capitularibus
1816 1336 1878 1398 et
1902 1331 2155 1398 officiis».
2203 1330 2275 1397 ln
2307 1330 2649 1398 electioni-

370 1436 547 1502 «bus
589 1437 768 1502 enim
808 1436 887 1503 ad
931 1437 1345 1504 canonicatus
1396 1444 1458 1504 et
1493 1437 1835 1523 beneficia,
1880 1443 2022 1527 post
2072 1459 2284 1504 unum
2327 1441 2398 1502 ut
2449 1457 2647 1526 supra

371 1566 404 1604 ι(
434 1541 836 1630 propositum
859 1548 921 1608 et
946 1542 1379 1629 ballottatum,
1402 1543 1470 1609 in
1492 1544 1717 1611 eodem
1748 1544 2036 1633 capitulo
2060 1541 2442 1633 proponitur
2464 1542 2646 1627 alter,

371 1653 488 1713 «et
510 1646 743 1714 deinde
770 1645 968 1726 alius3
1011 1652 1073 1715 et
1101 1647 1215 1737 qui
1243 1647 1544 1737 pluribus
1587 1648 1909 1736 suffragiis
1952 1647 2124 1715 ultra
2160 1649 2473 1735 majorem
2506 1668 2649 1736 par-

370 1778 404 1815 «
428 1758 556 1819 tem
594 1751 895 1839 dignatus
923 1752 1139 1836 fuerit,
1169 1753 1443 1820 habetur
1469 1776 1584 1842 pro
1637 1754 1856 1822 electo.
1901 1778 1936 1818 »
1997 1751 2466 1842 (CeccoperiuS,
2511 1751 2648 1818 loco

362 1856 603 1946 citato.)
1496 1916 1500 1921 .

450 1962 513 2029 9.
550 1961 686 2028 Nisi
729 1966 961 2029 statuta
1000 1963 1301 2053 capituli,
1350 1965 1515 2032 dum
1553 1963 1986 2055 praescribunt
2026 1968 2265 2030 secreta
2314 1961 2642 2051 suffragia,

357 2068 520 2136 illud
549 2073 832 2134 statuant
855 2069 977 2135 sub
1009 2070 1302 2137 clausula
1330 2070 1648 2155 irritante,
1691 2069 1861 2136 valet
1889 2069 2064 2158 quod
2104 2067 2401 2136 canonici
2428 2090 2648 2135 omnes

361 2174 508 2241 viva
532 2193 687 2238 voce
713 2174 1139 2242 concludunt.
1173 2174 1653 2265 (CeccoperiuS,
1682 2175 1877 2258 ibid.,
1913 2197 1980 2243 n.
2018 2175 2160 2264 2⁶2..)

455 2282 561 2349 10.
602 2281 877 2363 Quando
906 2276 1269 2369 capitulum
1295 2281 1586 2371 procedit
1628 2304 1743 2371 per
1770 2283 1943 2349 viam
1981 2283 2208 2349 secreti
2239 2280 2563 2369 suffragii,
2597 2281 2647 2347 si

363 2389 510 2475 quis
535 2387 913 2477 capitularis
936 2394 1156 2455 votum
1185 2411 1377 2454 suum
1408 2379 1621 2470 palam
1645 2389 1792 2454 dare
1814 2410 2011 2455 ausus
2034 2388 2253 2462 fuerit.
2274 2410 2404 2454 non
2435 2387 2649 2454 solum

362 2495 732 2580 arguendus
756 2500 848 2559 est
882 2515 919 2559 a
944 2495 1210 2575 capituli
1244 2494 1655 2581 praesidente,
1683 2495 1789 2561 sed
1835 2517 1953 2581 pro
1984 2495 2094 2562 illa
2120 2494 2259 2561 vice
2292 2494 2355 2559 in
2385 2499 2655 2581 poenam

364 2597 772 2687 repellendus
801 2604 894 2664 est
924 2620 961 2665 a
983 2598 1196 2665 dando
1217 2604 1455 2665 secreto
1486 2597 1815 2687 suffragio.
1846 2598 2072 2687 (Idem,
2100 2599 2261 2667 ibid.
2280 2650 2296 2677 ,
2316 2621 2383 2664 n.
2414 2596 2556 2686 41.)

459 2704 563 2771 11.
599 2703 793 2770 Nulla
822 2711 997 2790 sunt,
1030 2727 1105 2772 ac
1135 2705 1406 2794 proinde
1436 2728 1568 2772 non
1604 2708 2039 2795 computanda
2063 2713 2205 2775 vota
2229 2708 2511 2791 incerta,
2540 2689 2657 2771 al-

369 2811 729 2896 ternativa,
772 2808 1228 2880 conditionata
1273 2818 1335 2879 et
1382 2811 1680 2880 inutilia.
1722 2812 2051 2881 Incertum
2092 2813 2352 2894 dicitur,
2414 2812 2467 2878 si
2508 2811 2655 2899 quis

366 2917 585 2985 dicat:
621 2916 964 2987 Consentio
1003 2920 1071 2985 in
1115 2941 1266 2987 eum
1301 2920 1409 2987 cui
1451 2918 1833 2988 Franciscus
1880 2943 2073 2988 suum
2105 2925 2330 2987 votum
2380 2917 2648 2985 dederit.
2780 2957 2785 2964 ‹

368 3022 869 3105 Alternativum,
903 3024 957 3090 si
987 3023 1132 3111 quis
1156 3022 1368 3092 dicat:
1403 3024 1688 3092 Nomino
1717 3024 1980 3092 Petrum
2009 3031 2120 3092 aut
2148 3022 2427 3092 Paulum
2452 3050 2469 3108 3
2505 3023 2656 3088 item

368 3127 420 3193 si
458 3125 629 3194 dicat
675 3151 691 3195 ι
731 3128 1013 3197 Nomino
1055 3128 1336 3196 Paulum
1378 3135 1439 3197 et
1477 3130 1765 3198 Petrum.
1819 3130 2373 3215 Conditionatum,
2417 3128 2469 3195 si
2498 3128 2656 3217 -quis

370 3233 538 3300 dicat
579 3259 594 3301 :
632 3234 818 3324 Eligo
846 3236 1236 3324 Antonium,
1266 3238 1320 3303 si
1363 3238 1704 3327 praeposito
1744 3237 2075 3327 placuerit.
2108 3236 2382 3323 Inutile,
2427 3236 2480 3303 si
2511 3236 2657 3324 quis

369 3360 521 3406 eum
549 3342 840 3407 nominet
870 3363 1066 3430 quem
1091 3345 1244 3431 jura
1277 3342 1379 3411 vel
1406 3343 1684 3411 ecclesiae
1709 3349 1943 3411 statuta
1970 3342 2219 3412 faciunt
2246 3344 2650 3432 incapacem.

374 3440 611 3531 (Idem,
636 3445 825 3528 ibid.,
863 3468 1011 3534 pag.
1054 3447 1237 3538 145.)
2314 3511 2317 3516 .

467 3548 569 3616 12.
605 3547 1017 3619 Simoniacus
1051 3559 1142 3620 est
1184 3553 1297 3642 qui
1340 3552 1523 3619 alteri
1565 3552 1952 3642 suffragium
1997 3555 2105 3622 dat
2133 3576 2208 3622 eo
2253 3558 2438 3644 pacto
2487 3548 2662 3641 quod

306 3657 311 3662 ’
373 3655 657 3723 vicissim
683 3658 751 3723 in
774 3657 1083 3726 electione
1105 3660 1186 3726 ad
1212 3660 1628 3750 praebendam
1653 3660 1815 3726 alter
1836 3660 1957 3749 ipsi
1987 3660 2474 3749 suffragabitur.

467 3761 573 3830 13.
617 3761 835 3832 Stante
863 3764 1127 3855 paritate
1158 3771 1454 3833 votorum
1490 3788 1607 3856 pro
1641 3773 1910 3855 utraque
1929 3775 2132 3857 parte,
2167 3771 2278 3833 aut
2302 3765 2473 3832 inter
2502 3764 2661 3832 duos

373 3866 629 3954 electos,
660 3875 722 3935 et
769 3877 1208 3959 perseverante
1254 3879 1393 3962 post
1428 3874 1775 3963 repetitum
1807 3872 1907 3939 bis
1953 3879 2065 3940 aut
2093 3877 2190 3939 ter
2233 3870 2656 3950 scrutinium,

375 3978 916 4065 putantdoctores
945 4002 1124 4069 posse
1161 3980 1456 4047 adhiberi
1498 3985 1697 4048 sortes
1731 4003 1746 4048 ε
1776 4001 1956 4060 nam,
1987 3980 2137 4048 licet
2166 4001 2203 4046 a
2247 3979 2398 4068 jure
2429 3974 2661 4066 prohi-

378 4082 648 4149 beantur
693 4083 834 4153 fieri
880 4087 1216 4154 electiones
1253 4108 1365 4177 per
1392 4091 1614 4171 sorteS,
1670 4109 1802 4155 non
1850 4087 2229 4178 prohibetur
2272 4082 2513 4152 dirimi·
2548 4099 2661 4171 per

377 4192 610 4254 sortem
638 4188 914 4258 dubium
947 4214 1023 4260 ex
1052 4194 1318 4283 paritate
1346 4200 1648 4262 votorum
1673 4194 1842 4260 inter
1860 4193 2019 4260 duos
2042 4192 2421 4260 divisorum.
2471 4184 2654 4279 (Vide

377 4291 863 4383 Ceccoperium,
892 4298 1007 4365 lib.
1035 4297 1151 4376 lv,
1186 4301 1283 4365 tit.
1315 4322 1404 4383 vi,
1439 4321 1507 4366 n.
1544 4299 1625 4366 67
1659 4305 1721 4366 et
1749 4298 1916 4388 seq.)
