2930 4982
1210 313 1290 361 DE
1334 313 1641 364 culmus
1651 344 1665 360 .
2463 306 2542 365 28
2554 310 2588 364 3

300 428 614 511 siasticoe,
645 429 797 498 inst.
839 429 995 511 107,
1017 419 1399 522 .§1.)Und‘e
1432 434 1736 526 quaelibet
1763 431 2034 504 ecclesia
2055 454 2207 523 quoe
2228 432 2425 504 hodie
2461 457 2595 507 non

299 535 590 626 sequitur
616 535 954 625 liturgiam
982 536 1375 627 Romanam,
1396 547 1651 624 tenetur
1677 542 1758 611 ad
1778 560 2002 662 preces
2034 543 2098 609 et
2121 539 2344 610 officia
2363 560 2594 632 supra-

303 640 490 725 dicta,
520 647 715 732 prout
746 643 1101 740 tenebaiut
1110 650 1259 718 aute
1300 645 1371 718 S.
1387 647 1716 782 PiumV,
1751 646 1877 716 nisi
1925 651 2144 716 tamen
2184 647 2590 718 consuetudo

302 750 617 820 contraria
644 749 931 838 legitime
962 753 1450 844 praescripserit.

321 854 715 940 Secundo.
739 854 1013 926 Certum
1046 863 1140 928 est
1161 880 1269 928 eos
1293 881 1524 934 omnes
1544 860 1665 950 qui
1690 864 1969 932 utuntur
1997 857 2260 949 liturgia
2295 858 2589 930 Romana

291 984 326 1032 a
347 960 423 1031 S.
441 961 558 1031 Pio
574 962 634 1031 V
653 962 1056 1054 praescripta,
1078 967 1351 1038 omnino
1372 967 1615 1038 liberos
1633 989 1796 1052 esse,
1812 971 1877 1036 et
1889 966 2200 1058 privatim
2209 967 2351 1034 etin
2363 966 2585 1047 choro,

288 1068 366 1162 ab
373 1068 793 1160 obligatione
820 1070 1138 1141 recitandi
1149 1073 1458 1146 officium
1484 1075 1976 1153 defunctorum,
2010 1073 2428 1165 psalmosque
2457 1096 2588 1164 ρω-

287 1153 680 1245 nitentiales·
696 1183 759 1245 et
783 1178 1143 1266 graduales.
1492 1229 1507 1246 .
1570 1225 1575 1232 -
1659 1213 1667 1224 =

383 1281 633 1354 Tertio,
671 1281 1039 1352 Perseverat
1072 1290 1288 1356 tamen
1337 1255 1650 1376 obligatio
1702 1284 1916 1376 quoad
1969 1284 2269 1354 officium
2309 1305 2590 1404 parvum

285 1387 504 1468 Beatae
526 1394 584 1457 et
609 1388 1050 1472 Immaculatae
1078 1391 1375 1480 Virginis
1397 1394 1471 1462 in
1489 1394 1691 1462 choro
1744 1389 2191 1462 recitandum
2176 1412 2248 1458 ιιι
2278 1390 2361 1459 iis
2381 1391 2591 1461 eccle-

284 1495 431 1580 siis,
454 1494 527 1563 in
548 1496 791 1585 quibus
818 1495 1080 1586 ‚vigebat
1106 1502 1397 1589 tempore
1425 1501 1632 1568 sancti
1661 1498 1763 1568 Pu
1777 1497 1864 1568 V.
1908 1497 1985 1566 ln
2034 1497 2323 1567 ecclesiis
2373 1504 2590 1568 autem

284 1603 355 1668 in
385 1601 633 1691 quibus
661 1602 764 1669 vel
794 1607 945 1669 tunc
971 1624 1107 1670 non
1137 1604 1386 1672 extabat
1406 1604 1521 1672 illa
1549 1603 1885 1693 obligatio,
1914 1602 2014 1670 vel
2045 1607 2261 1692 postea
2291 1622 2404 1691 per
2425 1624 2592 1671 con-

283 1706 704 1776 suetudinem
721 1707 1011 1797 legitime
1040 1711 1485 1802 praescriptam
1545 1709 1801 1778 sublata
1828 1713 1948 1788 est,
1984 1707 2123 1777 sine
2143 1707 2278 1775 ulla
2304 1707 2498 1798 culpa
2519 1708 2589 1776 in

291 1812 491 1896 choro
515 1814 841 1892 omittitur
857 1819 919 1883 et
945 1814 1115 1884 illud
1145 1816 1364 1885 Beatae
1382 1815 1685 1905 Virginis
1730 1815 2051 1899 officium.
2094 1813 2287 1882 Extra
2308 1814 2589 1884 chorum

286 1905 510 1989 aute'm
536 1921 718 1989 nulla
746 1927 837 1990 est
869 1922 1065 1991 ullibi
1091 1923 1174 1990 aa
1201 1923 1456 1990 dictum
1480 1922 1771 1990 officium
1799 1921 2134 2009 obligatio.

327 2091 334 2096 .
385 2027 668 2114 Quarto,
695 2026 1857 2124 QuidquiddicatsanctusLiguorins
1882 2027 1968 2114 (l.
1997 2023 2185 2109 lV,c.
2218 2025 2288 2111 2,
2310 2047 2380 2093 ιι.
2409 2026 2584 2115 160),

288 2132 480 2222 nullo
508 2134 701 2206 modo
732 2135 1088 2226 probabilis
1110 2140 1203 2202 est
1230 2156 1410 2206 nunc
1440 2133 1754 2222 obligatio
1776 2132 2087 2201 recitandi
2111 2131 2310 2202 officii
2326 2131 2592 2200 defunc·

284 2244 519 2320 torum
550 2239 745 2326 (extra
766 2242 943 2307 diem
969 2240 1424 2329 Animarum),
1453 2240 1573 2306 ubi
1596 2239 1775 2325 viget
1810 2238 2079 2324 liturgia
2128 2237 2459 2322 Romana3
2487 2237 2596 2304 sed

298 2339 683 2424 dicendum,
730 2343 1229 2433 obpraedictam
1266 2343 1332 2412 S.
1369 2343 1472 2412 Pii
1505 2341 1567 2410 V
1610 2341 2161 2425 constitutionem,
2192 2362 2403 2430 neque
2428 2347 2598 2410 extra

224 2508 232 2515 .
299 2446 612 2528 chorum,
631 2469 837 2538 neque
862 2450 932 2517 in
950 2449 1150 2519 choro
1171 2450 1352 2518 illam
1386 2449 1852 2540 obligationem
1875 2449 2162 2518 existere.
2188 2447 2347 2529 Quae
2373 2449 2595 2517 omnia

292 2552 537 2644 clarius
562 2557 807 2624 caeteris
835 2558 1200 2647 exposuisse
1220 2559 1481 2627 videtur
1507 2556 1899 2626 Benedictus
1926 2555 2082 2625 XIV
2112 2557 2182 2625 in
2217 2558 2352 2626 suis
2377 2556 2594 2625 Insti-

295 2660 677 2730 tutionz'bus
722 2663 1178 2732 ecclesiasticis
1200 2664 1376 2758 (Inst.
1426 2663 1646 2755 107‚§
1685 2664 1774 2754 1).

389 2768 669 2850 Quinto.
702 2769 828 2838 Pro
855 2771 1084 2858 regula
1106 2770 1453 2839 tenendam
1481 2791 1617 2839 esse
1635 2770 2011 2859 praedictam
2038 2768 2107 2835 S.
2138 2768 2241 2835 Pii
2262 2766 2323 2835 V
2351 2768 2598 2835 consti—

295 2872 620 2939 tutionem
643 2876 854 2962 quoad
880 2876 1175 2943 officium
1203 2877 1691 2957 defunctorum,
1723 2874 2001 2964 psalmos
2021 2871 2364 2960 graduales
2384 2877 2446 2938 et
2470 2893 2600 2961 poe-

293 2976 680 3057 nitentiales
690 2978 1044 3047 declaravit
1052 2978 1249 3049 Sacra
1266 2979 1695 3067 congregatio
1710 2978 1983 3071 Rituum
1996 2976 2205 3068 (apud
2218 2974 2595 3061 Gardellini,

293 3103 364 3153 n.
408 3082 564 3172 141)
585 3106 624 3155 ι·
647 3084 939 3174 itemque
963 3083 1178 3173 quoad
1206 3084 1504 3161 officium
1526 3103 1804 3174 parvum
1826 3081 1903 3157 B·
1935 3080 2022 3160 M»
2056 3078 2351 3171 Nirginis
2379 3082 2593 3172 (ibid.‚

291 3211 365 3257 n.
402 3189 597 3280 254),
580 3191 824 3261 ··ita-ut
843 3195 1181 3282 nequeant
1203 3189 1509 3265 canonici
1537 3189 1617 3258 ad
1645 3189 1817 3259 dicta
1841 3188 2061 3261 officia
2086 3188 2402 3278 adstringi
2429 3194 2598 3265 extra

297 3317 524 3366 casum
567 3299 740 3388 jam
757 3299 1048 3389 vigentis
1073 3296 1168 3366 in·
1188 3314 1420 3367 eorum
1458 3295 1727 3366 ecclesia
1769 3293 2260 3365 consuetudinis
2297 3293 2591 3386 (ibidem,

298 3425 366 3473 n.
379 3403 553 3475 666.
561 3402 585 3494 )
709 3450 714 3459 -
789 3458 794 3463 -
1187 3460 1192 3466 .
1265 3434 1268 3439 ·

335 3510 454 3579 9.
483 3510 770 3583 Litaniae
784 3511 1014 3583 diebus
1053 3511 1500 3601 Rogationnm
1537 3510 1886 3580 recitandae
1911 3514 2092 3596 sunt,
2137 3511 2334 3577 etiam
2383 3506 2467 3574 ab
2514 3505 2595 3572 iis

302 3617 419 3709 qui
444 3619 642 3688 choro
666 3639 804 3686 non
829 3619 1177 3701 intersunt,
1189 3623 1258 3684 et
1277 3617 1553 3706 quidem
1562 3618 1693 3685 sub
1712 3618 1924 3704 gravi,
1956 3621 2032 3683 ut
2079 3620 2253 3682 tenet
2285 3609 2598 3682 sententia

304 3727 718 3796 communior
735 3722 1034 3815 (Sanctus
1054 3722 1436 3873 LignoriuS,
1455 3722 1513 3788 l..
1526 3720 1643 3803 lV,
1667 3743 1731 3788 ο.-
1763 3721 1832 3801 2,
1861 3742 1932 3786 ιι.
1973 3719 2152 3805 160).

1399 3956 1659 4042 ἓ3’

786 4124 1073 4165 OBLIGATIO
1107 4122 1285 4168 QL'OAD
1325 4120 1559 4159 DEBITUM
1602 4116 1862 4157 HORARL'M
1901 4115 2136 4154 ORDINEM

402 4253 769 4325 Servandus
796 4256 889 4319 est
929 4250 1170 4320 scilicet
1196 4247 1354 4314 ordo
1393 4248 1639 4333 septem
1663 4241 1977 4310 horarum
2014 4243 2504 4311 canonicarum,
2535 4235 2610 4289 ut

321 4363 499 4450 prius
541 4361 797 4430 dicatur
828 4357 1226 4428 matutinum
1258 4374 1414 4421 cum
1451 4348 1777 4433 laudibuS,
1814 4348 2039 4418 exinde
2094 4349 2339 4435 prima,
2391 4323 2602 4399 terna,
