2930 4982
1135 361 1215 408 ns
1259 361 1583 411 cipimus.
2388 360 2510 419 289

1326 630 1424 710 §ss

995 818 1278 859 OBLIGATIO
1312 817 1493 866 QcoAn
1521 818 1741 860 camon

305 1015 354 1084 1.
393 1017 507 1083 An
531 1012 920 1083 satisfaciant
947 1013 1062 1103 qui
1093 1013 1292 1082 choro
1319 1012 1627 1082 assistunt
1649 1013 1760 1082 sed
1789 1035 1923 1084 non
1944 1018 2239 1088 canunt?
2261 1056 2347 1073 -
2373 1020 2519 1095 lllos

234 1122 587 1191 satisfacere
635 1120 1048 1189 affirmabant
1081 1118 1236 1187 olim
1269 1115 1489 1211 plures
1518 1124 1581 1186 et
1613 1120 1837 1211 magni
1876 1123 2165 1194 nominis
2211 1125 2519 1220 theologi,

230 1228 590 1321 praesertim
619 1228 734 1296 ubi
757 1226 901 1295 talis
927 1227 1171 1316 vigeret
1195 1226 1616 1296 consuetudo.

280 1330 505 1411 Quod
538 1331 628 1398 sic
665 1333 929 1398 testatur
958 1326 1331 1396 Andreucci
1360 1328 1432 1395 in
1483 1349 1602 1397 suo
1635 1333 1908 1397 tractatu
1937 1332 2033 1400 De
2072 1332 2321 1401 tuenda
2351 1359 2522 1427 pace

226 1436 642 1526 Episcopum
682 1434 862 1503 inter
898 1445 963 1501 et
992 1433 1372 1524 capitulum
1422 1431 1628 1522 (parte
1674 1455 1745 1515 n,
1777 1455 1837 1501 c.
1875 1435 1936 1512 1,
1985 1455 2056 1504 n.
2094 1436 2246 1528 101)
2276 1462 2293 1505 z
2338 1437 2524 1510 «Nec

228 1544 443 1611 solum
489 1542 831 1611 exhibeant
877 1562 1063 1609 suam
1117 1539 1528 1631 praesentiam
1571 1541 1643 1607 in
1689 1539 1910 1625 choro,
1965 1541 2073 1610 sed
2122 1541 2315 1612 etiam
2337 1598 2356 1629 ,
2401 1548 2527 1617 nisi

226 1650 408 1719 aliud
440 1648 735 1739 longaeva
761 1647 1158 1716 consuetudo
1183 1647 1539 1737 permittat,
1574 1645 1701 1737 ipsi
1722 1645 2030 1737 psallant,
2060 1656 2125 1717 et
2160 1650 2385 1721 divina
2412 1673 2529 1744 per

224 1779 312 1843 se,
353 1778 481 1825 non
506 1778 622 1848 per
651 1756 1076 1825 substitutum
1111 1754 1343 1822 obeant
1371 1753 1587 1821 officia
1619 1753 1719 1844 (ex
1744 1752 1958 1842 Trid.‚
1989 1777 2141 1826 sess.
2183 1758 2299 1846 24,
2335 1782 2395 1829 c.
2444 1759 2528 1830 12

222 1868 324 1932 De
346 1864 496 1955 ref.)
523 1863 693 1948 Dixi,
723 1863 849 1931 nisi
888 1862 1067 1930 aliud
1084 1862 1381 1951 longaeva
1408 1862 1808 1930 consuetudo
1830 1867 2198 1953 permittat3
2224 1888 2387 1935 nam
2411 1886 2529 1935 va-

226 1968 358 2037 lere
384 1968 929 2037 consuetudinem
966 1968 1046 2034 de
1079 1988 1155 2033 eo
1181 1964 1357 2055 quod
1402 1965 1699 2032 canonici
1746 1986 1878 2033 non
1909 1969 2213 2058 psallant,
2249 1971 2361 2039 sed
2401 1972 2530 2062 ipsi

225 2076 429 2145 choro
475 2076 773 2144 decenter
810 2078 1002 2164 atque
1046 2069 1554 2140 rever-entialiter
1596 2070 1929 2154 assistant,
1975 2075 2215 2144 musici
2250 2097 2400 2147 vero
2427 2076 2531 2147 vel

220 2182 550 2274 capellani
586 2181 886 2248 divinum
914 2180 1204 2247 officium
1234 2178 1606 2261 decantent,
1650 2175 1876 2264 opinio
1924 2183 2020 2245 est
2041 2179 2337 2267 plurium
2375 2205 2532 2271 gra-

216 2289 424 2356 vium
440 2286 809 2366 doctorum,
831 2290 904 2351 ut
925 2284 1203 2352 Gavanti
1227 2282 1409 2371 (tom.
1435 2280 1479 2346 2
1509 2279 1589 2347 de
1610 2280 1915 2350 Rubricis
1942 2282 2254 2374 missalis,
2282 2294 2435 2355 sect.
2464 2287 2532 2372 5,

221 2414 289 2460 c.
334 2391 404 2477 5,
438 2391 535 2458 lit.
567 2390 666 2481 5);
697 2389 918 2459 Azorii
949 2389 1039 2481 (p.
1078 2412 1121 2470 1,
1165 2389 1210 2456 l.
1249 2386 1353 2471 10,
1378 2386 1510 2482 411,
1549 2407 1606 2454 c.
1643 2410 1708 2477 q.
1747 2387 1853 2480 5);
1892 2388 2097 2459 Lessii
2136 2392 2277 2481 (lib.
2309 2394 2388 2478 2,
2438 2398 2535 2466 De

207 2499 503 2592 justitia
535 2511 600 2566 et
613 2500 799 2590 jure,
828 2520 886 2565 c.
914 2497 1023 2581 34,
1055 2495 1214 2565 dub.
1242 2493 1354 2579 33,
1385 2516 1453 2562 n.
1489 2491 1638 2585 185)
1664 2522 1683 2584 ;
1712 2495 1960 2567 Garciae
1985 2499 2085 2590 (p.
2113 2497 2183 2588 3,
2210 2504 2308 2570 De
2342 2503 2529 2574 bene-

225 2605 430 2695 ficiis,
463 2628 518 2673 c.
552 2604 621 2690 2,
655 2627 722 2672 n.
758 2604 941 2696 517),
974 2603 1404 2693 aliorumque.
1444 2628 1479 2669 »

313 2710 597 2782 Atcerte
632 2712 1008 2802 opinionem
1037 2712 1219 2780 illam
1243 2714 1617 2784 debuissent
1637 2711 1921 2801 theologi
1944 2735 2211 2804 prorsus
2235 2716 2530 2787 deserere

223 2819 457 2888 statim
482 2838 558 2884 ac
585 2839 763 2885 sacra
797 2819 1058 2886 concilii
1085 2817 1519 2908 Congregatio
1550 2819 1780 2887 falsam
1806 2817 1994 2884 illam
2032 2821 2095 2884 et
2130 2817 2532 2889 Tridentinae

223 2919 490 3012 synodo
514 2923 901 2988 contrariam
926 2922 1296 2990 declaravit.
1324 2924 1666 3018 Multiplex
1689 2922 1870 2990 enim
1887 2921 2272 3011 hujusmodi
2296 2925 2534 3015 prodiit

223 3030 298 3096 in
336 3028 520 3095 hunc
542 3048 809 3094 sensum
829 3027 1172 3095 declaratio
1196 3048 1212 3092 :
1242 3032 1617 3098 unam'satis
1640 3030 1723 3097 sit
1745 3026 2062 3096 adducere
2090 3052 2106 3098 ε
2132 3031 2346 3101 Sacra
2365 3034 2533 3102 Con-

225 3135 536 3226 qreqatio
582 3132 1148 3202 declarationibus
1192 3155 1364 3224 soepe
1392 3136 1567 3204 alias
1604 3133 1805 3205 editis
1828 3133 2214 3204 inboerena'o
2246 3138 2527 3224 censuit,

230 3242 386 3310 illos
435 3266 576 3311 non
623 3241 836 3310 solum
878 3241 1232 3327 canonicis}
1259 3242 1444 3312 boris
1475 3245 1812 3326 interesse,
1835 3240 1954 3310 sed
1984 3244 2191 3313 etiam
2206 3267 2337 3337 per
2356 3249 2528 3341 seip-

230 3369 337 3414 sos
368 3348 682 3439 psallere,
720 3371 1127 3439 quacumque
1165 3348 1375 3419 etiam
1428 3348 1955 3420 immemorabili
1999 3353 2343 3421 contraria
2385 3377 2524 3423 non

233 3455 654 3547 suffraqante
695 3456 1196 3538 consuetudine,
1229 3459 1465 3542 teneri,
1513 3481 1724 3551 neque
1748 3458 1923 3526 alias
1950 3481 2089 3527 suae
2115 3460 2526 3550 obliqationi

236 3561 647 3652 satisfacere.
688 3563 772 3627 In
815 3561 1155 3628 Patavina
1201 3564 1278 3628 17
1321 3565 1707 3654 septembris
1741 3564 1937 3633 1667.
1966 3564 2189 3653 (Apud
2227 3563 2524 3632 Scarfan-

237 3667 517 3748 tonium,
549 3672 597 3733 t.
634 3665 683 3750 l,
705 3689 771 3757 p.
806 3665 960 3745 149,
982 3689 1054 3734 n.
1079 3667 1150 3744 9,
1177 3667 1368 3735 editio
1399 3667 1742 3752 LucensiS,
1780 3666 2010 3754 1723.)

310 3773 569 3842 Acriter
583 3773 879 3840 eamdem
905 3772 1255 3839 infaustam
1270 3772 1648 3863 opinionem
1670 3770 1962 3860 percellit
1975 3770 2362 3841 Benedictus
2371 3772 2524 3847 le

237 3900 425 3968 opere
452 3901 571 3948 suo
618 3877 1145 3947 Institutionum
1188 3877 1784 3948 ecclesiasticarum
1815 3875 1994 3969 (lust.
2033 3876 2185 3962 107,
2215 3877 2256 3969 ἓ
2282 3877 2375 3972 3),
2404 3883 2519 3956 ubi

240 4004 315 4051 ex
353 3984 695 4053 traditione
729 3995 791 4051 et
836 4005 912 4052 ex
938 3982 1238 4074 pluribus
1268 3972 1436 4076 quas'
1479 3985 1673 4054 refert
1697 3981 1767 4054 S.
1802 3980 2332 4072 congregationis
2354 4012 2520 4062 con-

241 4090 371 4161 cilii
420 4091 986 4179 declarationibus,
1018 4098 1081 4161 et
1106 4093 1458 4161 ratiociniis
1481 4114 1559 4161 ex
1578 4091 1968 4160 Tridentino
1989 4096 2161 4162 textu
2205 4094 2516 4185 deductis,

243 4200 513 4268 omnino
533 4219 816 4268 errorem
856 4198 1057 4275 istum
1085 4198 1403 4269 subvertit
1419 4203 1483 4266 et
1510 4198 1806 4266 conterit.

331 4304 458 4375 Sed
474 4306 616 4396 jam
641 4327 838 4375 causa*
858 4307 1125 4376 omnino
1154 4305 1340 4375 finita
1367 4311 1488 4393 est,
1518 4311 1580 4372 et
1605 4306 1830 4397 opinio
1858 4309 2158 4399 praedicta
2184 4310 2520 4391 theologo-

245 4430 396 4482 rum
433 4413 708 4486 dicenda
755 4417 848 4483 est
885 4433 1150 4484 omnem
1178 4413 1461 4482 amisisse
1509 4412 2052 4503 probabilitatem.
2109 4413 2303 4479 ldem'
2342 4404 2520 4472 enim

2131 4530 2201 4574 1⁹
