2930 4982
399 387 434 442 3
443 387 481 443 6
1364 396 1438 441 'm
1446 395 1706 444 ACTATUS

389 517 532 604 sioe,
561 514 915 584 consilium
955 514 1299 606 Episcopi,
1343 515 1408 583 id
1439 522 1557 604 est,
1586 522 1660 583 ut
1686 516 2004 607 Episcopo
2028 517 2421 588 auxilientur
2448 525 2515 590 in
2556 526 2673 596 Ec-

389 623 592 691 clesiae
620 621 968 711 regimine.

472 727 908 796 Confirmatur
952 727 1092 794 haec
1142 726 1222 794 de
1269 728 1702 818 capitulorum
1736 728 2139 796 institutione
2173 735 2238 796 et
2287 730 2417 798 fine
2468 739 2669 827 quam

381 835 724 921 tradimus,
782 833 1095 920 doctrina,
1158 834 1403 921 analysi
1446 856 1677 901 eorum
1705 855 1851 922 quae
1901 833 1983 901 de
2029 835 2255 902 codem
2284 845 2669 925 argumento

377 942 635 1031 scripsit
653 940 1140 1007 Thomassinus.
1167 938 1389 1027 (Vetus
1407 952 1470 1006 et
1490 963 1662 1008 nova
1686 940 2001 1008 Ecclesiae
2019 940 2397 1032 disciplina,
2422 950 2603 1033 parte
2618 968 2663 1029 1,

376 1054 423 1122 l.
457 1077 552 1135 ιιι,
583 1076 642 1123 c.
674 1054 738 1121 7.

466 1161 530 1227 1⁰
559 1052 788 1228 Proba)t
813 1158 1280 1226 Thomassinus
1321 1161 1724 1249 presbyteros
1771 1168 1833 1230 et
1864 1162 2179 1252 ,diaconos
2224 1165 2494 1234 civitatis
2523 1166 2667 1256 epi-

369 1267 638 1358 scopalis
667 1266 749 1334 ab
784 1265 972 1332 initio
1001 1264 1355 1332 consilium
1383 1266 1683 1358 Episcopi
1714 1274 1776 1334 et
1816 1281 2122 1336 senatum
2145 1270 2479 1356 conflasse,
2501 1295 2666 1341 cum

365 1396 495 1463 quo
515 1379 576 1441 et
596 1395 710 1464 per
728 1393 928 1462 quem
944 1370 1302 1463 Episcopus
1321 1372 1861 1441 dioecesim-suam
1880 1375 2165 1463 regebat.
2188 1401 2224 1440 «
2240 1376 2664 1467 Quanquam,

373 1505 410 1546 «
435 1481 547 1565 ait,
574 1480 757 1547 nulla
783 1483 945 1547 esset
968 1479 1343 1547 communis
1372 1478 1517 1547 vitae
1543 1481 1807 1548 societas
1838 1482 2007 1548 inter
2036 1482 2302 1549 clericos
2322 1484 2669 1554 cathedra-

372 1612 406 1653 «
435 1589 603 1656 lium
633 1585 1054 1654 ecclesiarum
1084 1606 1202 1674 per
1223 1585 1519 1673 quinque
1536 1586 1755 1675 priora
1780 1587 2040 1671 saecula,
2072 1587 2379 1655 necinter
2408 1611 2502 1673 se,
2545 1612 2669 1659 nec

367 1722 402 1763 «
430 1716 584 1763 cum
604 1693 921 1784 Episcopo
927 1742 947 1778 ,
963 1690 1411 1759 coalescebant
1428 1691 1525 1757 illi
1542 1700 1759 1759 tamen
1781 1694 1850 1758 in
1871 1715 2083 1760 unum
2107 1691 2434 1783 quoddam
2452 1697 2664 1765 veluti

362 1825 398 1867 «
429 1822 664 1890 corpus
690 1820 842 1866 cum
872 1818 972 1880 eo,
1005 1802 1067 1864 et
1103 1797 1172 1863 in
1204 1803 1452 1886 partem
1481 1797 1940 1866 sollicitudinis
1971 1806 2165 1890 atque
2189 1803 2451 1892 imperii
2487 1805 2660 1872 sacri

361 1896 777 1996 «quamdam
805 1901 1172 1970 societatem
1208 1902 1638 1970 veniebant...
1667 1903 1839 1992 Ergo
1870 1905 2223 1994 presbyteri
2265 1907 2663 1998 diaconique

361 2038 393 2077 «
421 2013 755 2080 civitatum
782 2008 1271 2100 episcopalium,
1307 2009 1423 2098 qui
1467 2010 1676 2078 clerus
1701 2018 1834 2078 erat
1862 2013 2157 2101 superior
2182 2013 2559 2101 dioeceseOS,
2598 2022 2665 2084 et

356 2145 392 2187 «
423 2142 621 2209 quem
647 2121 786 2209 jam
810 2117 969 2184 hinc
999 2117 1392 2185 donabimus
1413 2119 1682 2207 capituli
1709 2120 2007 2201 nomine,
2059 2141 2437 2208 quanquam
2481 2123 2659 2191 illud

354 2253 390 2294 «
416 2228 508 2298 eis
535 2225 853 2319 posterius
881 2230 1136 2292 tantum
1167 2228 1525 2309 accesserit,
1553 2227 1765 2294 clerus
1806 2227 1944 2312 hic,
1993 2227 2292 2314 inquam,
2328 2228 2397 2293 in
2430 2251 2655 2298 unum

355 2360 389 2401 «
416 2357 675 2423 corpuS‚
709 2332 778 2398 in
804 2354 1020 2399 unum
1047 2338 1344 2399 senatum
1377 2333 1859 2421 consiliumque
1879 2354 2032 2401 cum
2048 2332 2369 2424 Episcopo
2397 2337 2649 2421 coibat,

352 2465 387 2505 «
418 2459 703 2527 cumque
731 2458 806 2504 eo
834 2435 1131 2525 principe
1160 2440 1226 2501 et
1244 2439 1450 2525 capite
1480 2459 1620 2517 suo,
1655 2438 2035 2523 clericisque
2061 2440 2448 2527 populisque
2480 2443 2654 2511 dioe-

351 2572 385 2613 «
415 2566 626 2613 ceseos
640 2542 950 2612 omnibus
972 2540 1455 2608 moderabatur
1484 2565 1518 2603 >³
1549 2539 1686 2607 Hoc
1708 2539 1935 2629 probat
1953 2539 2421 2610 Thomassinus
2444 2546 2652 2614 refer-

330 2652 590 2721 tissima
615 2652 1201 2718 monumentorum
1229 2648 1442 2737 copia.

428 2756 497 2823 2⁰
540 2754 778 2823 Probat
836 2752 1063 2821 deinde
1122 2753 1598 2843 presbyterium
1649 2753 1955 2821 Romanae
2003 2706 2346 2835 Ecclesiae,
2389 2755 2457 2823 id
2504 2766 2644 2839 est,

339 2862 737 2954 presbyteros
761 2865 821 2925 et
843 2859 1142 2926 diaconos
1169 2857 1427 2927 Summi
1456 2858 1831 2927 Pontificis
1806 2882 1947 2949 Jam
1971 2860 2052 2927 ab
2074 2861 2298 2929 initio
2280 2885 2350 2929 1n
2372 2863 2650 2933 univer-

339 2968 490 3035 salis
516 2967 818 3034 Ecclesiae
852 2964 1173 3055 regimine
1205 2963 1495 3031 Romano
1514 2963 1833 3054 Episcopo
1862 2964 2289 3034 adlaborasse.
2332 2992 2367 3031 «
2411 2966 2648 3059 Depo-

347 3097 382 3138 «
416 3073 666 3141 sitionis
695 3072 1084 3139 sententiam
1134 3071 1443 3138 contorsit
1471 3071 1650 3139 Felix
1679 3070 1853 3161 Papa
1897 3071 1966 3137 in
2012 3072 2647 3162 pseudopontificem

345 3203 380 3240 «
413 3178 896 3246 Antiochenum
935 3176 1200 3244 Petrum
1235 3176 1645 3266 Cnapheum,
1697 3199 1970 3266 eamque
2023 3177 2465 3265 promulgavit
2515 3202 2649 3249 suo

344 3309 378 3347 «
407 3290 709 3352 eteorum
722 3284 988 3351 nomine
1008 3285 1124 3372 qui
1143 3305 1276 3350 una
1292 3305 1514 3351 secum
1536 3284 1960 3374 apostolicum
1979 3284 2290 3349 thronum
2307 3296 2645 3375 regerent,

344 3415 379 3456 «
404 3390 528 3458 hoc
575 3396 688 3473 est,
723 3390 1247 3480 presbyterorum
1299 3396 1361 3457 et
1407 3390 1833 3458 diaconorum
1879 3387 2180 3454 Ecclesiae
2238 3386 2554 3457 Romanae
2621 3418 2640 3461 ε

342 3522 376 3561 «
421 3497 648 3564 Firma
670 3497 758 3564 sit
784 3496 921 3563 Izoec
952 3507 1072 3563 tua
1102 3495 1423 3586 depositio
1462 3520 1505 3563 a
1547 3519 1674 3575 me,
1703 3507 1765 3562 et
1795 3494 1879 3561 ab
1931 3493 2033 3559 his
2055 3493 2172 3581 qui
2199 3515 2340 3560 una
2369 3516 2645 3567 mecum

341 3627 374 3666 «
403 3602 844 3693 apostolicum
888 3600 1206 3667 thronum
1248 3614 1573 3691 requnt...
1609 3600 1702 3667 Ex
1731 3599 1835 3665 his
1875 3597 2165 3688 splendet
2188 3598 2643 3689 capitulorum

335 3730 372 3771 «
408 3710 756 3798 antiquitas
787 3706 1198 3796 dignitasque
1223 3729 1509 3792 summa,
1544 3708 1668 3774 hoc
1690 3712 1806 3786 est,
1828 3706 2085 3795 c'ollegii
2101 3706 2643 3795 presbyterorum

341 3836 375 3876 «
403 3819 464 3881 et
500 3817 924 3882 diaconorum
969 3814 1287 3906 Episcopo
1315 3814 1747 3882 adunatorum
1779 3815 1851 3880 in
1903 3810 2248 3879 tractandis
2296 3810 2643 3898 guberna-

338 3939 374 3978 «
407 3917 571 3984 culis
610 3919 894 3987 ecclesiae
923 3919 1332 4005 cathedr-alie,
1368 3920 1580 3984 immo
1602 3925 1662 3984 et
1693 3916 1913 3983 throni
1942 3915 2164 3982 Romae
2197 3915 2597 4004 apostolici..
2617 3971 2633 3988 .

334 4043 368 4084 «
401 4019 484 4088 Ut
508 4022 832 4113 intelligas
860 4025 1108 4091 clerum
1137 4024 1540 4113 superiorem
1571 4022 2072 4112 metropolitani,
2121 4021 2447 4111 primatiS‚
2493 4044 2638 4111 pa—

335 4152 369 4193 «
401 4128 724 4217 triarchae,
776 4130 1066 4219 adeoque
1117 4128 1376 4198 Summi
1419 4129 1774 4208 pontificis,
1801 4128 1993 4195 illum
2036 4150 2169 4195 esse
2204 4132 2495 4194 senatum
2545 4130 2639 4197 ad

333 4260 367 4301 «
398 4256 593 4323 quem
619 4234 1059 4324 referebantur
1083 4259 1289 4303 causae
1315 4258 1538 4304 omnes
1567 4258 1711 4324 quae
1742 4236 1818 4303 ad
1846 4237 2063 4326 ipsum
2093 4232 2440 4324 praesulem
2472 4254 2643 4322 per-

335 4367 369 4406 «
398 4341 714 4425 feruntur,
763 4363 1178 4430 quocumque
1209 4364 1274 4409 se
1322 4342 1687 4435 exporrigat
1725 4344 1867 4431 ejus
1896 4347 2251 4431 potestas...
2305 4337 2637 4410 Romanis

336 4466 370 4504 «
398 4445 576 4513 hisce
596 4447 887 4514 conciliis
912 4446 1167 4537 (nempe
1181 4470 1263 4514 ex
1281 4451 1475 4539 Papa
1490 4460 1552 4516 et
1566 4447 1975 4539 presbyterio
1996 4469 2111 4514 suo
2132 4443 2632 4536 constantibus)
