2930 4982
1181 341 1259 386 nn
1309 339 1637 388 cmi-nus.
2479 334 2555 390 91

270 462 416 552 jure
445 459 787 527 communi
811 458 1021 526 varias
1049 459 1538 549 praerogativas:
1565 464 1660 527 est
1686 459 1935 528 scilicet
1957 458 2254 551 diffinitas
2277 462 2353 541 ‚in
2374 484 2568 532 sensu

264 565 473 656 juris;
510 565 597 632 ita
622 569 698 632 ut
737 565 996 654 possita
1036 563 1274 633 Sancta
1322 563 1486 633 Sede
1524 586 1642 655 pro
1689 567 1901 634 causis
1942 568 2015 634 in
2057 567 2349 658 partibus
2388 568 2566 638 dele·

273 670 452 762 gari3
486 676 552 739 et
580 671 772 738 habet
800 672 1300 762 praecedentiam
1335 692 1532 763 super
1567 679 1826 741 caeteros
1867 672 1947 741 de
1971 674 2254 764 capitulo
2281 676 2396 765 qui
2431 696 2567 744 non

274 783 420 847 sunt
457 779 821 868 dignitates
857 779 981 848 lsta
1018 785 1236 848 autem
1267 782 1420 870 jura
1459 799 1595 847 non
1627 780 2028 847 constituunt
2061 781 2559 852 archidiacona-

271 888 435 968 tum,
473 884 674 950 etiam
720 907 894 953 mere
940 885 1405 971 honorificum,
1460 886 1589 954 nisi
1637 891 1958 975 quatenus
2012 893 2164 954 sunt
2210 894 2555 979 perpetua.

271 987 457 1069 Quod
514 989 707 1056 etiam
753 997 923 1080 patet
971 991 1266 1081 exemplo
1318 991 1740 1059 canonicatus
1792 1011 1974 1059 mere
2036 990 2397 1079 honorarii,
2448 994 2567 1083 qui

271 1095 550 1162 minime
592 1102 793 1164 cessat
834 1098 1157 1165 moriente
1194 1097 1539 1188 Episcopo,
1574 1118 1694 1177 nec
1726 1101 1822 1164 est
1865 1094 1942 1163 ad
1975 1101 2214 1164 nutum
2261 1094 2566 1189 Episcopi

268 1199 674 1270 revocabilis.
718 1201 1259 1271 Concludendum
1306 1224 1460 1292 ergo
1505 1201 1775 1269 vicarios
1823 1202 2155 1290 generales
2199 1202 2281 1270 de
2322 1202 2567 1292 quibus

264 1307 627 1396 loquimur,
664 1308 850 1375 titulo
894 1308 1502 1376 archidiaconorum
1556 1307 1732 1375 haud
1776 1313 1941 1377 recte
1984 1308 2302 1391 decorari,
2350 1310 2560 1400 ipsos-

268 1435 394 1503 que
422 1414 701 1480 minime
725 1414 1014 1481 obtinere
1047 1437 1279 1482 verum
1309 1414 1912 1483 archidiaconatum
1940 1413 2134 1481 etiam
2159 1435 2338 1482 mere
2366 1415 2568 1484 hono-

269 1520 560 1606 rificum,
597 1542 716 1588 nec
744 1520 902 1611 ipsis
945 1528 1267 1611 quatenus
1309 1520 1786 1588 archidiaconis
1822 1520 2042 1589 deberi
2093 1521 2296 1589 ullam
2327 1543 2568 1612 proece-

271 1627 583 1713 dentiam,
639 1649 760 1695 nec
811 1649 919 1695 eos
964 1628 1281 1717 quatenus
1311 1627 1799 1695 archidiaconos
1826 1648 1962 1695 esse
2012 1626 2401 1717 delegabiles
2449 1648 2568 1718 pro

277 1733 490 1799 causis
521 1733 590 1800 in
623 1733 941 1824 partibus,
987 1730 1077 1799 lta
1105 1734 1370 1822 quidem
1409 1732 1890 1813 concludimuS,
1925 1738 2164 1801 attento
2200 1736 2354 1823 jure
2391 1753 2571 1801 com·

277 1837 488 1906 muni.
525 1837 632 1906 An
675 1860 829 1908 vero
871 1838 1084 1906 dictus
1121 1860 1279 1907 usus
1320 1860 1394 1906 ex
1436 1837 1692 1906 indulto
1735 1836 2074 1907 Pontificio
2113 1838 2358 1908 alicubi
2399 1836 2568 1927 legi-

275 1941 475 2013 timus
502 1947 797 2032 evaserit,
841 1946 1240 2034 ignoramus,

1176 2220 1469 2280 CAPUT
1520 2219 1682 2277 VIII

984 2380 987 2381 ’
1088 2395 1164 2439 DE
1208 2395 1784 2442 Ancmrnnsnrrnms

362 2584 414 2652 l.
469 2580 648 2665 Quid
680 2582 1050 2675 antiquitus
1093 2583 1376 2674 fuerint.
1436 2621 1529 2634 —
1575 2581 1761 2652 Sicut
1820 2582 2341 2673 archiepiscopus
2394 2588 2578 2651 sonat

273 2690 576 2781 primum
630 2690 795 2758 inter
843 2690 1216 2786 Episcopos,
1260 2698 1320 2757 et
1360 2689 1855 2758 archidiaconus
1902 2690 2193 2779 primum
2226 2690 2397 2755 inter
2439 2686 2575 2755 dia-

275 2818 495 2876 conoS,
543 2796 630 2863 ita
686 2797 1202 2887 archipresbyter
1248 2796 1547 2886 primum
1580 2796 1756 2862 inter
1802 2795 2214 2884 presbyteros.
2253 2793 2571 2878 designat.

361 2900 524 2969 Duae
581 2924 834 2992 semper
883 2904 1176 2971 exstitere
1229 2902 1940 2991 archipresbyterorum
1997 2899 2272 2986 specieS,
2340 2895 2578 2963 urbani

278 3029 514 3098 nempe
562 3013 627 3075 et
688 3007 962 3075 rurales.
1033 3006 1303 3074 Rurales
1357 3026 1724 3073 successere
1780 3001 2283 3094 chorepiscopis,
2321 3002 2441 3091 qui
2498 3001 2569 3068 in

282 3115 535 3206 oppidis
570 3118 633 3180 et
667 3113 843 3181 villis
880 3114 1226 3181 dioeceseos
1263 3111 1447 3203 prius
1486 3108 2044 3178 constituebantur
2086 3131 2240 3177 cum
2268 3106 2579 3197 jurisdic-

283 3218 452 3285 tione
494 3219 793 3289 limitata.
838 3219 1166 3300 Quoniam
1206 3219 1451 3287 scilicet
1481 3216 1861 3307 hujusmodi
1906 3213 2344 3305 chorepiscopi
2374 3213 2576 3303 juris-

287 3323 581 3393 dictionis
609 3348 740 3394 suae
768 3327 1070 3395 ‘fimbrias
1107 3328 1253 3418 plus
1285 3332 1461 3418 justo
1498 3324 1874 3411 dilatabant,
1914 3321 2153 3392 sublati
2196 3327 2371 3405 sunt,
2418 3320 2574 3387 etin

286 3450 512 3498 eorum
558 3431 777 3500 locum
824 3432 1155 3500 substituti
1194 3454 1355 3522 quos
1394 3431 1605 3500 Graeci
1643 3437 2054 3522 protopapaS,
2100 3430 2316 3498 Latini
2358 3424 2578 3493 archi·

289 3536 685 3625 presbyteros
710 3544 1047 3605 vocarunt.
1085 3537 1354 3605 Plebani
1398 3539 1592 3605 etiam
1634 3544 1697 3604 et
1721 3535 2156 3604 archirurales
2194 3534 2348 3600 dicti
2396 3532 2573 3596 sunt.

290 3638 682 3731 Hujusmodi
720 3664 874 3731 ergo
910 3643 1446 3731 archipresbyteri
1468 3643 1693 3710 vicarii
1717 3648 1902 3710 erant
1929 3640 2260 3729 Episcopi,
2302 3635 2481 3700 unde
2521 3636 2582 3698 et

291 3747 514 3816 vicarii
536 3749 783 3817 foranei
811 3748 969 3816 dicti
1008 3752 1186 3815 sunt.
1218 3748 1300 3814 Et
1328 3748 1589 3833 quando
1614 3746 1738 3811 sub
1758 3744 2214 3831 jurisdictione
2245 3739 2369 3806 sibi
2399 3760 2577 3806 com-

294 3854 470 3922 missi
541 3855 886 3923 vicariatus
941 3854 1167 3921 decem
1235 3850 1565 3919 habebant
1628 3848 2061 3939 presbyteros,
2112 3846 2346 3915 decani
2389 3869 2577 3915 voca·

295 3955 569 4043 bantur3
604 3959 777 4049 quod
810 3982 1047 4027 nomen
1085 3958 1415 4044 remansit,
1455 3955 1877 4049 paucioribus
1906 3960 2017 4023 aut
2046 3954 2341 4044 pluribus
2363 3977 2571 4047 quam

296 4061 514 4133 decem
543 4065 667 4134 sibi
695 4063 1027 4157 subjectis.

382 4170 584 4239 Porro
635 4173 796 4240 dum
825 4174 914 4241 ita
951 4174 1196 4263 vigeret
1237 4177 1410 4242 extra
1448 4172 1681 4239 urbem
1727 4169 2150 4263 episcopalem
2189 4166 2572 4261 hujusmodi

309 4273 640 4361 institutiO,
708 4280 916 4347 multo
964 4283 1174 4371 magis
1224 4282 1296 4349 in
1340 4279 1713 4363 cathedrali,
1770 4278 1856 4346 ita
1898 4284 1971 4346 ut
2027 4276 2577 4366 archipresbytero

303 4381 771 4473 subjicerentur
796 4408 1023 4456 omnes
1059 4388 1330 4456 civitatis
1365 4386 1741 4477 presbyteri.
1780 4386 1935 4453 Erat
1969 4392 2187 4453 autem
2221 4376 2581 4461 archipres-
