2930 4982
1137 348 1216 394 mi
1262 349 1592 395 CAPlTULlS.
2428 343 2508 398 89

229 465 562 536 canonistae
584 518 602 552 ,
639 470 702 532 et
727 465 853 533 fuit
881 466 1124 556 pluries
1152 489 1190 535 a
1230 467 1295 535 S.
1341 468 1850 557 Congregatione
1884 468 2149 536 concilii
2187 469 2509 538 decisum.

306 572 374 639 4⁰
407 571 557 640 Non
580 572 837 640 videtur
870 572 1228 664 Episcopus
1265 584 1449 664 posse
1484 574 1592 641 alii
1620 597 1814 663 quam
1849 574 2307 643 archidiacono
2336 598 2518 646 com·

230 678 473 746 mittere
511 677 799 746 officium
843 678 1236 747 ordinandos
1273 681 1736 771 praesentandi,
1771 680 2029 769 quaudo
2065 682 2246 750 adest
2278 680 2514 771 aliquis

229 783 714 853 archidiaconus
750 785 819 851 in
841 786 1215 853 cathedrali.

304 891 375 958 5⁰
418 889 685 958 Statutis
726 897 788 958 et
830 891 1286 959 consuetudini
1324 892 1632 960 standum
1684 897 1780 961 est
1825 892 1907 959 ad
1945 891 2515 963 determinandum

148 1086 150 1089 Υ
225 996 521 1065 ordinem
552 997 885 1085 dignitatis
917 997 1492 1085 archidiaco11alis3
1531 997 1617 1065 ita
1649 1003 1722 1064 ut
1761 998 1957 1087 possit
1982 1018 2117 1064 esse
2144 999 2382 1087 prima,
2416 998 2512 1066 vel

227 1103 533 1188 secunda,
566 1108 721 1186 etc.,
758 1126 876 1194 pro
904 1105 1154 1172 statutis
1183 1111 1244 1171 et
1272 1105 1742 1173 consuetudine
1777 1104 1928 1172 loci.
1962 1102 2140 1171 Idem
2165 1103 2520 1171 dicendum

226 1210 294 1278 de
319 1211 714 1300 competenti
753 1211 875 1301 ipsi
912 1211 1076 1294 loeo,
1108 1218 1250 1279 tum
1292 1211 1360 1279 in
1385 1213 1583 1279 choro
1627 1217 1770 1279 tum
1804 1212 1875 1278 in
1902 1209 2428 1302 processionibus
2458 1216 2519 1277 et

223 1316 370 1384 aliis
393 1316 796 1405 hujusmodi.

304 1421 380 1490 6⁰
409 1423 552 1490 Non
584 1423 697 1490 abs
723 1445 794 1490 re
826 1423 948 1491 erit
965 1424 1279 1512 quasdam
1305 1424 1416 1490 hic
1448 1421 1740 1491 indicare
1762 1422 2116 1490 decisiones
2137 1442 2333 1489 sacrae
2352 1420 2521 1491 Con·

224 1528 615 1618 gregationis
645 1529 918 1598 Rituum
947 1553 1093 1619 quae
1132 1530 1625 1598 archidiaconos
1653 1532 1963 1619 spectant.

303 1633 856 1721 Archidiaconus,
923 1637 1039 1724 qui
1099 1636 1388 1704 assistere
1452 1634 1644 1702 debet
1699 1632 2043 1723 Episcop0,
2105 1632 2161 1699 si
2237 1637 2518 1714 recuset,

222 1740 526 1829 compelli
544 1746 746 1831 potest
760 1744 951 1808 etiam
969 1763 1079 1831 per
1097 1762 1421 1808 censuras,
1450 1739 1544 1806 Ita
1558 1738 1851 1806 decisum
1865 1759 1902 1804 a
1917 1736 1983 1806 S.
2008 1736 2521 1827 Congregatione

222 1842 518 1912 Rituum.
552 1845 774 1936 (Apud
796 1845 1182 1929 Gardellini,
1216 1845 1292 1912 n⁵³
1322 1844 1455 1913 250
1484 1849 1547 1911 et
1581 1843 1803 1933 1450.)

164 1971 174 1981 ·
304 1948 489 2015 Dum
514 1951 754 2017 assistit
776 1950 1096 2041 Episcopo
1122 1949 1496 2016 solemniter
1520 1947 1894 2028 celebranti,
1924 1945 2026 2012 vel
2048 1945 2119 2012 in
2139 1946 2518 2030 cathedrali,

217 2053 317 2121 vel
343 2060 543 2137 extra,
577 2055 968 2144 intelligitur
997 2076 1277 2145 praesens
1300 2053 1369 2120 in
1397 2053 1619 2120 choro.
1652 2052 1744 2119 lta
1768 2051 2062 2119 decisum
2080 2072 2117 2118 a
2143 2049 2209 2119 S.
2240 2050 2524 2140 Congre-

214 2161 482 2249 gatione
508 2160 806 2229 Rituum.
840 2161 1066 2250 (Apud
1089 2159 1475 2238 Gardellini,
1504 2169 1575 2224 11⁰
1602 2157 1785 2243 225.)

304 2264 846 2331 Archidiaconus
894 2265 1119 2352 prima
1152 2264 1461 2348 dignitas,
1510 2262 1627 2326 etsi
1673 2260 2215 2348 protonotariatus
2259 2258 2532 2345 gaudeat

208 2367 453 2450 titulo,
489 2368 676 2435 debet
700 2374 919 2436 tamen
951 2368 1191 2436 divinis
1220 2368 1455 2434 officiis
1485 2369 1791 2437 interesse
1819 2365 1885 2434 in
1916 2366 2142 2433 habitu
2172 2364 2437 2444 chorali,
2473 2365 2529 2432 si

211 2473 366 2553 fruin
398 2473 555 2543 velit
590 2473 1186 2557 distributionibuS‚
1232 2496 1442 2563 neque
1490 2474 1549 2542 ei
1573 2474 1738 2542 'licet
1777 2474 2064 2542 assistere
2097 2471 2413 2563 Episcopo
2453 2472 2527 2539 in

214 2581 457 2649 habitu
500 2582 944 2672 protonotarii.
993 2582 1086 2650 Ita
1123 2581 1415 2650 decisum
1461 2605 1499 2650 a
1540 2582 1611 2652 S.
1665 2581 2179 2671 Congregatione
2218 2579 2522 2647 Rituum.

221 2687 447 2778 (Apud
485 2687 870 2777 Gardellini,
906 2699 976 2756 n⁰
1010 2690 1233 2778 1425).
1274 2689 1356 2757 Et
1392 2691 1619 2779 nequit
1649 2691 1749 2757 uti
1787 2687 2117 2780 pulvinari
2147 2687 2377 2771 serico,
2413 2683 2525 2751 sed

225 2813 486 2862 coraceo
510 2800 762 2864 tantum
793 2796 976 2887 (lbid.
1018 2807 1089 2863 n⁰
1117 2795 1351 2885 2362.)

309 2899 451 2968 Etsi
479 2902 549 2969 in
581 2904 807 2971 ordine
835 2902 1154 2970 diaconali
1186 2902 1602 2982 constitutus,
1635 2897 1947 2989 praecedit
1975 2893 2391 2983 presbyteris.
2437 2890 2530 2958 Ita

229 3004 518 3074 decisum
541 3006 662 3077 aS.
689 3007 1204 3095 Congregatione
1225 3006 1527 3072 Rituum.
1562 3003 1785 3092 (Apud
1802 2997 2183 3081 Gardellini,
2214 3007 2281 3062 n⁰
2300 2996 2525 3086 1326.)

313 3112 836 3182 Archidiaco‘nus
863 3113 1161 3180 assistens
1189 3108 1511 3200 Episcopo
1544 3107 1611 3175 in
1644 3105 2049 3174 ordinatione
2074 3102 2362 3193 generali
2397 3100 2532 3168 mi-

234 3220 506 3289 nistrare
544 3222 732 3289 debet
775 3221 1022 3289 detecto
1059 3218 1292 3308 capite,
1337 3238 1475 3285 non
1524 3239 1681 3284 cum
1725 3213 1959 3281 bireto.
2015 3210 2110 3278 lta
2152 3208 2443 3277 decisum
2491 3230 2530 3275 a

237 3324 299 3394 S.
337 3326 849 3418 Congregatione
894 3327 1189 3397 Rituum.
1231 3324 1446 3416 (Apud
1495 3319 1880 3399 Gardellini,
1938 3328 2009 3386 n⁰
2052 3316 2286 3403 2378.)
2328 3316 2529 3385 Debet

240 3433 468 3501 ducere
487 3434 776 3503 ostiarios
800 3435 878 3502 ad
896 3433 1178 3504 ecclesiae
1199 3435 1502 3521 januam,
1525 3452 1646 3498 nec
1672 3427 1731 3496 ei
1749 3427 1903 3496 licet
1932 3424 2119 3494 alteri
2138 3425 2262 3491 hoc
2284 3442 2529 3490 munus

240 3538 651 3610 demandare.
685 3541 872 3630 (lbid.
909 3551 979 3606 n⁰
1010 3539 1185 3607 2653
1217 3539 1296 3605 ad
1321 3536 1418 3628 4.)

322 3649 431 3713 An
449 3647 530 3713 ad
553 3645 1111 3723 archidiaconum,
1135 3643 1395 3729 quando
1416 3645 1511 3706 est
1529 3638 1743 3727 prima
1770 3636 1876 3702 vel
1896 3634 2030 3702 sola
2056 3629 2365 3715 dignitaS,
2391 3647 2534 3714 per-

241 3749 434 3821 tineat
459 3753 613 3822 dare
644 3753 914 3842 signum
946 3769 1061 3840 pro
1095 3745 1464 3812 inchoando
1500 3741 1715 3806 officio
1760 3744 1821 3803 et
1847 3738 2147 3802 intonare
2177 3730 2533 3800 orationem

244 3856 736 3927 diminicalem‘?
759 3856 828 3927 S.
864 3849 1290 3943 Congregatio
1317 3847 1596 3915 Rituum
1626 3838 1958 3932 respondit
1983 3836 2372 3906 servandum
2399 3860 2531 3906 esse

247 3966 715 4050 caeremoniale,
747 3965 793 4033 l.
821 3964 888 4048 2,
918 3984 975 4030 e.
1003 3962 1066 4030 6.
1096 3958 1314 4052 (Apud
1335 3950 1717 4029 Gardellini,
1750 3955 1823 4017 n⁰
1850 3946 2084 4034 3209.)
2199 4007 2204 4010 ,
2339 3995 2340 4000 ,

327 4072 438 4141 An
467 4073 549 4141 ad
579 4072 912 4159 eumdem,
943 4067 1203 4159 quando
1230 4070 1325 4138 'esst
1352 4062 1563 4153 prima
1586 4059 1691 4126 vel
1717 4056 1853 4125 sola
1876 4051 2181 4141 dignitas,
2217 4052 2530 4142 pertineat

249 4175 675 4247 detemninare
697 4178 925 4245 horam
953 4170 1398 4246 celebrationis
1421 4165 1664 4234 officii?
1694 4162 1762 4232 S.
1799 4158 2227 4249 Congregatio
2253 4157 2528 4225 Rituum

252 4285 580 4374 respondit
603 4282 945 4356 servandas
965 4302 1097 4348 esse
1112 4277 1321 4369 quoad
1343 4274 1468 4341 hoc
1494 4270 1927 4339 ordinationes
1951 4264 2281 4356 Episcopi.
2313 4257 2533 4350 (Apud

255 4383 635 4476 Gardellini,
668 4411 738 4457 u.
766 4385 996 4475 3209.)
