2930 4982
429 338 554 394 290
1409 339 1753 386 rnAcrArus

423 463 805 535 Benedictus
831 458 983 529 XlV
1011 459 1092 527 ad
1116 457 1288 526 Petri
1321 458 1694 554 cathedram
1722 457 2109 526 sublimatus
2128 458 2487 547 quamlibet
2506 466 2710 550 sustu-

420 571 497 639 lit
514 567 859 637 dubitandi
890 567 1237 652 rationem,
1254 570 1395 633 tum
1423 586 1538 656 per
1561 564 1817 633 bullam
1846 565 2019 632 Cum
2040 586 2245 656 super
2265 566 2556 655 oblatus,
2575 573 2706 637 tum

421 698 535 768 per
569 676 763 744 breve
816 672 1066 740 Dilecte
1096 672 1208 762 fili
1215 724 1229 740 .
1268 671 1351 740 Et
1384 673 1454 740 in
1472 670 1653 740 bulla
1678 670 1948 761 quidem
1969 675 2194 740 asserit
2220 673 2557 763 praefatam
2576 677 2705 766 opi-

418 781 682 849 nionem
735 779 1048 847 absonam
1099 800 1234 848 esse
1279 778 1486 847 menti
1536 778 1797 848 concilii
1844 777 2213 846 Tridentini
2249 786 2442 869 atque
2470 781 2706 871 pluries

414 886 854 979 improbatam
905 908 943 952 a
991 885 1491 975 congregatione
1529 884 1736 976 ipsius
1771 883 2071 968 concilii3
2120 885 2279 953 hinc
2329 886 2408 954 de
2446 890 2705 957 canoni-

416 994 512 1064 cis
538 994 840 1082 loquenS,
879 991 995 1081 qui
1029 1011 1414 1083 persuasum
1443 990 1687 1059 habent
1708 1012 1776 1059 se
1800 991 2156 1060 satisfacere
2180 1012 2304 1081 per
2334 991 2701 1083 simplicem

416 1100 494 1169 in
536 1100 731 1167 choro
768 1097 1211 1188 praesentiam
1255 1098 1499 1188 absque
1543 1096 1798 1166 divinoe
1829 1096 2235 1187 psalmodiae
2273 1110 2511 1183 cantu,
2564 1101 2701 1170 sub-

404 1207 671 1297 jungit:
716 1207 951 1273 Verum
1001 1204 1142 1272 nisi
1183 1204 1325 1272 illis
1357 1216 1614 1295 praesto
1667 1203 1761 1273 sit
1809 1203 2271 1294 Apostolicum
2327 1204 2495 1296 (non
2530 1229 2700 1296 prce-

410 1324 761 1403 sumptum
812 1311 918 1380 vel
954 1310 1384 1401 abroqatum,
1430 1308 1548 1378 sed
1586 1309 1971 1401 leqitimum
2007 1332 2088 1378 ac
2128 1310 2381 1401 viqens)
2420 1312 2697 1401 privile-

409 1419 638 1510 9ium,
653 1419 814 1509 jure
836 1439 916 1487 ac
940 1415 1179 1485 merito
1209 1415 1571 1485 verendum
1597 1428 1718 1498 est,
1759 1438 1842 1484 ne
1870 1416 1990 1484 isti
2017 1415 2181 1485 dum
2211 1416 2313 1484 ita
2339 1439 2406 1484 se
2433 1430 2694 1508 qerunt,

399 1524 923 1618 praebendarum
942 1547 1021 1592 ac
1042 1523 1603 1591 distributionum
1625 1524 1890 1612 fructus
1929 1523 2217 1591 minime
2243 1543 2390 1592 suos
2404 1524 2694 1613 faciant,

408 1643 475 1700 et
501 1643 971 1722 consequenter
999 1652 1084 1698 ne
1111 1628 1206 1697 ad
1224 1652 1455 1697 eorum
1486 1629 1986 1698 restitutionem
2024 1641 2396 1699 teneantur.

497 1737 666 1807 Cum
692 1742 909 1806 autem
937 1738 1010 1805 in
1038 1737 1158 1806 ista
1179 1735 1361 1803 bulla
1396 1735 1690 1804 Pontifex
1723 1735 2053 1805 videretur
2083 1759 2226 1806 rem
2260 1736 2529 1805 omnino
2554 1758 2687 1807 non

414 1845 720 1928 definire,
755 1865 907 1913 cum
934 1844 1177 1914 diceret
1197 1848 1452 1911 tantum
1475 1841 1835 1911 verendum
1859 1864 2013 1931 esse,
2046 1865 2182 1913 non
2214 1845 2434 1913 statim
2461 1845 2690 1936 ubique

407 1951 678 2020 cessavit
704 1951 1316 2020 controversia..

496 2057 623 2127 Sed
663 2058 834 2126 idem
866 2056 1163 2124 Pontifex
1190 2054 1295 2125 die
1337 2055 1419 2122 19
1455 2057 1743 2145 januarii
1778 2056 1955 2125 1748
1994 2058 2076 2126 ad
2112 2061 2523 2128 cardinalem
2554 2060 2685 2129 Del-

409 2164 691 2255 phinum
746 2163 1183 2253 patriarcham
1232 2162 1721 2252 Aquileiensem
1759 2164 1993 2232 direxit
2033 2165 2228 2234 breve
2266 2167 2529 2238 Dilecte
2566 2168 2682 2260 fili,

404 2291 536 2359 quo
559 2290 826 2360 prorsus
855 2268 1246 2336 cavillationi
1277 2266 1704 2359 praecluditur
1732 2268 1982 2338 aditus:
2010 2271 2249 2362 Itaque
2273 2295 2319 2340 a
2343 2286 2432 2358 te,
2476 2274 2685 2342 dilecte

396 2376 509 2464 fili
539 2385 788 2455 noster,
820 2373 1162 2462 poscimus
1204 2384 1270 2440 et
1304 2374 1737 2464 slaqitamuS,
1774 2387 1854 2443 ut
1885 2395 2021 2444 non
2054 2378 2270 2445 solum
2308 2377 2686 2470 hujusmodi

402 2478 684 2559 abusum
711 2489 775 2546 et
802 2476 1250 2567 corruptelam
1289 2478 1372 2546 ab
1399 2479 1836 2549 ecclesiastica
1865 2479 2227 2574 disciplina
2259 2482 2600 2567 absonam,
2629 2497 2684 2553 et

399 2582 737 2650 canonicis
771 2581 1343 2663 ordinationibus)
1373 2605 1453 2652 ac
1480 2595 1725 2651 nostroe
1757 2608 2016 2675 quoque
2051 2588 2510 2656 constitutioni
2530 2611 2688 2658 con-

402 2688 692 2759 trariam
708 2687 984 2778 penitus
1012 2687 1281 2756 evellere
1309 2700 1373 2757 et
1419 2688 1764 2759 eradicare
1793 2691 2138 2760 adnitaris
2150 2713 2183 2776 ,·
2218 2716 2452 2762 verum
2484 2695 2682 2762 etiam

402 2796 581 2887 ipsos
605 2794 902 2863 suaviter
947 2795 1353 2886 fortiterque
1391 2795 1753 2866 admoneas
1801 2810 1881 2866 ut
1925 2799 1998 2866 in
2012 2812 2392 2890 posterum,
2448 2825 2525 2870 ea
2560 2823 2680 2892 qua

402 2900 580 2970 decet
605 2924 685 2969 ac
729 2912 1040 2969 tenentur
1069 2903 1436 2970 reverentia
1471 2903 1666 2971 choro
1703 2905 2016 2973 intersint
2040 2907 2537 2998 adsistantque,
2577 2930 2677 2977 nec

402 3034 538 3081 non
572 3012 734 3102 pari
762 3012 1052 3101 pietate,
1083 3013 1464 3083 attentione
1510 3037 1590 3083 ac
1617 3015 1992 3105 viqilantia
2020 3019 2302 3085 omnino
2334 3042 2567 3087 canere
2590 3017 2680 3086 vel

391 3119 684 3211 psallere
727 3141 881 3188 cum
928 3118 1183 3188 caeteris
1225 3119 1547 3190 studeant
1575 3143 1654 3188 ac
1682 3121 2113 3191 contendant.
2155 3125 2416 3192 Deinde
2460 3123 2676 3193 iisdem

393 3224 615 3293 edicas
642 3238 708 3294 et
745 3237 979 3295 notum
1010 3225 1261 3316 fac-iaS,
1291 3249 1411 3296 nos
1448 3227 2034 3318 (quemadmodum
2072 3253 2195 3322 per
2217 3232 2410 3301 hasce
2433 3246 2675 3302 nostras

402 3328 479 3397 in
504 3331 735 3419 forma
762 3332 971 3399 brevis
998 3333 1255 3405 litteras
1285 3333 1415 3401 tibi
1444 3333 1860 3402 declaramus
1888 3347 1953 3403 et
2000 3336 2460 3428 injunqimus)
2477 3337 2675 3406 decer-

400 3458 553 3507 nere
574 3448 774 3527 atque
794 3448 1110 3521 statuere,
1131 3437 1308 3507 sicut
1336 3438 1412 3505 in
1438 3439 1666 3508 eadem
1688 3441 2170 3510 constitutione
2197 3458 2434 3513 nostra
2463 3443 2674 3513 innui·

399 3563 577 3627 muS,
619 3543 792 3634 ipsos
815 3566 1092 3635 suosque
1127 3566 1516 3613 successores
1551 3545 1907 3615 canonicos
1953 3547 2147 3615 choro
2188 3549 2465 3638 quidem
2490 3551 2670 3618 inter-

399 3671 574 3719 essen
582 3663 672 3718 tes
719 3649 1271 3740 adsistentesque,
1320 3650 1608 3720 minime
1668 3673 1818 3720 vero
1862 3665 2170 3722 canentes
2210 3657 2665 3743 psallentem,

398 3759 586 3825 nullo
622 3769 827 3847 pacto
874 3779 956 3824 eoe
999 3756 1383 3846 praebendis
1425 3770 1493 3826 et
1533 3757 2121 3828 distributionibus
2161 3764 2388 3851 facere
2425 3766 2667 3855 fructus

391 3881 546 3928 suos
561 3882 590 3944 ,·
618 3874 818 3952 atque
845 3861 1006 3930 adeo
1043 3864 1469 3930 restitutioni
1497 3865 1817 3934 obnoxios
1846 3888 1977 3934 esse
2002 3890 2081 3934 ac
2109 3870 2280 3958 fore.

484 3966 616 4033 Nec
644 3967 894 4035 dicatur
917 3967 1082 4034 illud
1101 3969 1394 4059 diploma
1409 3972 1793 4060 particulare
1816 3995 1951 4047 esse
1975 3980 2038 4040 et
2060 3975 2141 4042 ad
2170 3975 2509 4045 ecclesiam
2534 3994 2665 4066 par-

391 4070 730 4149 ticularem
760 4073 1123 4159 directum3
1167 4096 1320 4144 curn
1372 4077 1546 4145 enim
1596 4078 1914 4151 Summus
1942 4080 2238 4151 Pontifex
2271 4083 2364 4151 ibi
2405 4083 2664 4152 declaret

393 4179 843 4245 tantummodo
892 4202 1154 4261 sensum
1188 4185 1448 4253 concilii
1486 4183 1884 4270 Tridentini,
1926 4190 2067 4278 ejus
2104 4189 2367 4273 decisio,
2413 4192 2555 4259 licet
2588 4184 2659 4255 ad

386 4301 601 4353 unum
633 4282 903 4364 directa,
943 4285 1112 4353 valet
1139 4293 1332 4377 atque
1358 4291 1572 4380 legem
1612 4293 1765 4364 facit
1796 4296 2011 4385 quoad
2056 4317 2308 4375 omneS.
2344 4335 2432 4350 —
2454 4296 2658 4381 Neque

379 4391 582 4461 etiam
630 4391 904 4471 dicatur,
935 4389 1111 4457 hanc
1158 4394 1556 4467 decisionem
1588 4420 1720 4469 non
1742 4422 1974 4491 urgere
2003 4403 2074 4471 in
2108 4401 2346 4490 Gallia,
2390 4402 2502 4472 ubi
2523 4401 2659 4477 1009
