2930 4982
328 344 456 403 300
1304 350 1650 398 ‘summus

323 474 478 543 licet
503 475 722 541 minus
751 470 1030 562 perfecta
1048 469 1132 538 sit
1158 491 1362 559 quam
1388 469 1655 538 attentio
1679 468 1761 538 ad
1785 457 2053 538 sensum
2085 467 2465 553 verborum,
2495 474 2555 536 et
2574 490 2608 536 a

325 579 598 658 fortiori,
626 598 829 667 quam
852 576 1118 645 attentio
1143 575 1227 644 ad
1254 573 1470 644 Deum
1497 600 1515 659 ;
1557 575 1877 666 quidquid
1916 575 2090 644 dicat
2114 573 2447 655 Tourneli‚
2506 575 2615 664 qui

323 706 473 754 cum
508 683 860 751 attentione
907 682 987 750 ad
1015 681 1213 750 verba
1230 681 1506 771 requirit
1551 681 1747 751 etiam
1795 682 2218 752 attentionem
2264 681 2346 750 ad
2378 681 2611 749 Deum.

322 788 413 882 (S.
449 786 1051 879 Liguorius,l.1V,
1077 810 1136 857 c.
1169 788 1237 869 2,
1271 788 1456 877 176.)

409 894 739 966 Secunde.
777 895 1013 964 Utrum
1042 896 1414 984 requiratur
1433 895 1654 985 aliqua
1677 895 1943 964 attentio
1962 896 2236 979 interna,
2262 892 2448 962 valde
2477 912 2622 960 con-

315 1001 695 1071 trovertitur
716 1001 787 1068 in
810 1001 1071 1070 scholis«.
1112 999 1477 1070 Probabilis
1513 1001 1831 1071 sententia
1868 987 2162 1092 nessansm
2217 998 2617 1092 probabilior

317 1116 384 1179 et
410 1108 828 1179 communior
857 1107 1174 1176 sententia
1201 1108 1562 1180 affirmans.
1588 1108 1780 1178 Juxta
1798 1108 2187 1178 sententiam
2239 1111 2610 1196 negantem,
2724 1155 2727 1158 -

316 1218 435 1308 qui
457 1213 818 1283 voluntarie
845 1235 982 1282 sese
1000 1214 1326 1302 distrahit,
1359 1223 1586 1306 peccat
1605 1216 1898 1305 quidem,
1956 1216 2067 1283 sed
2099 1212 2405 1284 satisfacit
2462 1233 2622 1304 prae·

318 1326 501 1410 cepto
523 1319 838 1389 recitandi
859 1318 1085 1403 officii,
1116 1321 1205 1388 ita
1225 1324 1299 1387 ut
1326 1342 1460 1388 non
1481 1326 1779 1389 teneatur
1810 1320 1978 1388 illud
1997 1326 2312 1410 repetere.
2342 1319 2424 1389 Et
2453 1320 2622 1388 hanc

315 1447 421 1494 am
431 1427 1006 1517 plectitursanctus
1030 1425 1404 1495 Antoninus
1432 1426 1637 1519 (parte
1667 1426 1894 1506 lll,tit.
1924 1425 2029 1506 13,
2054 1447 2113 1493 c.
2145 1426 2214 1504 4,
2244 1425 2286 1514 ξ
2310 1425 2374 1516 7)
2399 1452 2414 1493 :
2439 1429 2625 1493 Proe·

315 1532 611 1622 cipimus
648 1545 725 1600 ut
756 1532 1209 1623 unusquisque
1236 1532 1347 1602 die
1370 1556 1449 1601 ae
1474 1545 1663 1601 nocte
1717 1531 1904 1600 dicat
1924 1531 2122 1598 horas
2148 1552 2307 1597 suas
2323 1551 2356 1612 ,·
2388 1531 2627 1599 inten-

318 1638 570 1705 tionem
600 1651 664 1705 et
687 1636 1104 1706 devotionem
1147 1640 1220 1705 in
1245 1650 1586 1728 proecepto
1626 1659 1762 1704 nou
1799 1635 2126 1726 ponimus
2150 1654 2179 1717 ,·
2204 1631 2321 1702 sed
2367 1632 2628 1723 qratioe

311 1743 463 1824 Dei,
502 1743 867 1811 seeundum
913 1741 1097 1833 quod
1118 1743 1260 1832 ipse
1300 1740 1459 1810 dare
1500 1740 1818 1824 voluerit,
1871 1738 2193 1808 duoeimus
2241 1738 2625 1828 relinquen-

312 1844 474 1914 dum
497 1869 520 1914 .·
534 1859 599 1916 et
618 1848 797 1915 hunc
827 1847 1506 1932 intellectumteneas,
1536 1848 1700 1937 quia
1729 1845 2197 1938 beniqniorem,
2217 1855 2283 1913 et
2296 1843 2462 1934 quia
2483 1866 2628 1912 non

315 1950 501 2021 debet
547 1953 846 2021 Ecclesia
902 1952 1123 2020 alicui
1178 1952 1494 2043 laqueum
1543 1951 1843 2042 injicere.
1902 1951 2070 2021 Vide
2120 1951 2262 2018 fuse
2307 1950 2627 2041 expositas

313 2081 433 2150 pro
488 2070 759 2150 utraque
808 2060 1126 2128 sententia
1181 2061 1462 2129 rationes
1502 2059 1678 2150 apud
1734 2057 1800 2128 S.
1861 2057 2256 2147 Liguorium
2323 2056 2410 2147 (l.
2484 2055 2575 2126 IV
2602 2108 2620 2143 ‚

317 2184 375 2233 c.
413 2164 482 2244 2,
513 2188 583 2235 n.
625 2166 803 2256 177).

412 2272 654 2340 Tertio,
685 2272 956 2342 Certum
981 2279 1099 2358 est,
1123 2275 1195 2342 in
1223 2272 1512 2363 qualibet
1536 2274 1853 2341 sententia
1877 2292 1994 2361 per
2009 2271 2507 2340 distractionem
2526 2271 2617 2337 in-

313 2372 755 2445 voluntariam
780 2379 1059 2447 minime
1075 2378 1381 2468 impediri
1401 2378 1848 2469 impletionem
1870 2377 2176 2470 praecepti
2191 2376 2271 2445 de
2289 2376 2620 2446 recitando

312 2477 550 2546 officio.
579 2480 668 2570 (S.
697 2482 1083 2572 Liguorius‚
1107 2485 1251 2554 loco
1277 2485 1522 2575 citato.)

404 2586 684 2664 Quarto,
714 2586 1056 2658 Distractio
1080 2591 1476 2658 voluntaria
1502 2612 1637 2660 non
1655 2597 1752 2659 est
1773 2612 1967 2681 grave
1990 2594 2362 2682 peccatum,
2385 2588 2516 2655 nisi
2535 2587 2612 2654 sit

311 2688 676 2758 notabiliter
703 2691 924 2780 longa,
952 2700 1015 2760 et
1027 2694 1229 2761 simul
1244 2695 1347 2762 vel
1372 2717 1528 2763 cum
1558 2702 1935 2788 contemptu
1950 2699 2185 2787 juncta
2195 2696 2298 2765 vel
2313 2716 2474 2765 cum
2493 2694 2614 2763 dis-

310 2797 622 2865 tractione
646 2803 928 2883 externa,
966 2800 1035 2867 id
1058 2806 1175 2884 est,
1211 2822 1371 2868 cum
1394 2801 1768 2870 actionibus>
1787 2790 2212 2872 exterioribus
2232 2824 2379 2893 quae
2402 2823 2489 2871 ex
2509 2820 2612 2868 na·

313 2907 459 2970 tura
482 2927 599 2972 sua
630 2906 1103 2997 impossibilem
1124 2907 1398 2976 reddant
1423 2909 1874 2978 attentionem.

406 3011 685 3089 Quinto,
726 3011 952 3092 Quoad
1004 3014 1417 3105 scrupulosos
1450 3015 1726 3085 advertit
1773 3015 1964 3085 Croix
2019 3015 2090 3106 (1.
2137 3015 2255 3103 lv,
2312 3036 2379 3082 n.
2433 3012 2604 3082 1350

309 3120 371 3180 et
393 3115 589 3207 1351)
611 3139 718 3186 eos
739 3119 907 3186 nihil
932 3120 1138 3189 teneri
1156 3122 1238 3189 ad
1266 3123 1722 3214 repetendum,
1747 3123 1876 3192 nisi
1898 3125 2056 3192 certi
2078 3123 2209 3191 sint
2228 3144 2298 3191 se
2322 3126 2603 3189 mutasse

308 3219 735 3290 intentionem
782 3226 1032 3293 orandi.
1069 3226 1259 3306 Quod
1293 3227 1347 3294 si
1389 3230 1536 3316 quis
1585 3233 1910 3320 pateretur
1959 3250 2186 3318 graves
2230 3225 2599 3304 anxietates,

306 3329 517 3413 posset
538 3323 887 3412 aliquando
909 3331 1104 3397 etiam
1132 3331 1192 3396 ei
1221 3330 1525 3400 interdici
1544 3332 1831 3401 recitatio
1871 3331 2096 3420 officii,
2135 3331 2341 3400 donec
2383 3329 2601 3398 videa-

307 3433 413 3497 tur
440 3449 620 3519 posse
651 3431 922 3497 recitare
946 3435 1084 3501 sine
1108 3439 1286 3502 tanto
1307 3438 1754 3522 incommodo,
1798 3458 1950 3505 cum
2005 3458 2324 3527 magnum
2350 3436 2603 3504 incom-

306 3536 579 3604 modum
599 3539 856 3604 excuset
893 3557 1006 3626 per
1029 3558 1096 3606 se
1123 3559 1161 3606 a
1186 3541 1521 3631 praeceptis
1546 3539 1876 3611 Ecclesiae.
1919 3540 2013 3633 (S.
2048 3542 2436 3632 Liguorius‚
2465 3541 2600 3608 loco

307 3642 553 3734 citato.)

1393 3812 1514 3893 §9

874 3987 1154 4028 OBLIGATIO
1171 3987 1357 4041 &QUOAD
1396 3988 1589 4028 RODUM
1618 3987 2024 4030 PRONUNTIANDI

391 4151 458 4220 6⁰
481 4149 649 4219 Cum
678 4165 848 4225 certo
874 4167 1242 4253 requiratur
1267 4165 1601 4251 recitatiO,
1628 4169 1945 4256 quaeritur
1971 4189 2051 4235 an
2078 4168 2351 4236 recitans
2372 4173 2433 4237 et
2451 4188 2587 4236 non

300 4259 534 4330 surdus
552 4257 788 4377 ,debeat
817 4285 882 4379 se
910 4271 1181 4355 audire?
1210 4309 1300 4322 —
1327 4271 1863 4361 Controvertitur‚
1890 4273 1999 4341 sed
2028 4278 2164 4341 tuta
2185 4281 2279 4342 est
2308 4274 2379 4342 in
2400 4273 2590 4365 praxi

204 4422 220 4435 ,
296 4371 608 4439 sentenua
655 4371 976 4455 negatlva,
1008 4374 1186 4459 quia,
1232 4383 1303 4442 ut
1330 4377 1418 4443 ait
1462 4376 1747 4467 Sylvius,
1785 4384 2180 4471 praeceptum
2218 4379 2463 4469 obligat
2496 4374 2593 4445 ad
