2930 4982
379 383 415 437 4
425 380 461 436 6
471 382 506 436 4
1349 380 1694 430 ‘ruffinus

377 511 800 579 memoratam
826 504 1050 573 Galliae
1077 504 1331 594 praxim
1362 525 1483 593 ego
1520 523 1652 571 non
1705 501 2012 570 auderem
2059 520 2335 568 asserere
2365 520 2498 567 non
2531 519 2659 568 esse

376 614 711 682 abusivam
746 618 809 680 et
836 612 915 678 de
956 610 1172 677 medio
1195 610 1567 676 tollendam.

464 719 685 799 Quoad
711 717 1134 808 privilegium
1165 714 1930 804 aliquibusdignitatibus
1952 718 2014 782 et
2038 712 2368 782 canonicis
2406 733 2660 781 conces-

379 846 526 893 sum
565 825 793 890 utendi
838 821 1205 912 insignibus
1232 823 1743 913 pontificalibus,
1775 820 1952 889 verbi
1999 820 2230 909 gratia,
2273 820 2491 905 mitra,
2523 841 2659 886 san-

378 931 589 1009 daliis,
613 945 736 996 etc.
752 979 770 1016 ,
806 952 924 1019 pro
952 930 1177 1018 regula
1211 930 1437 997 haberi
1471 929 1658 997 debet
1683 927 2054 996 constitutio
2079 927 2179 994 Pii
2203 924 2319 994 Vll
2349 926 2470 992 hac
2497 925 2575 994 de
2598 947 2660 994 re

325 1121 335 1128 -
378 1036 573 1117 edita,
602 1057 800 1123 quam
824 1035 970 1102 vide
1002 1035 1071 1102 in
1094 1035 1474 1103 collectione
1503 1033 1938 1117 Gardelliana‚
1968 1039 2015 1101 t.
2054 1031 2198 1116 Vll,
2233 1054 2300 1099 n.
2328 1031 2530 1099 4443.

1266 1309 1556 1372 CAPUT
1602 1309 1760 1369 XIII

939 1482 1378 1529 eaAEaoeArivAE
1409 1482 1617 1534 oqun
1653 1481 2127 1527 remaneam-mm

478 1694 512 1734 «
557 1668 1126 1749 Quemadmodum
1167 1669 1389 1736 divina
1441 1669 1758 1759 sapientia
1796 1669 1875 1735 in'
1911 1666 2152 1736 coelesti
2192 1665 2548 1735 Jerusalem
2590 1687 2665 1735 ac

388 1800 423 1841 ι(
470 1775 898 1864 triumphanti
926 1774 1239 1856 Ecclesia,
1280 1774 1450 1841 miro
1502 1775 1731 1842 ordine
1788 1774 2155 1842 mansiones
2197 1774 2434 1841 multas
2475 1794 2667 1862 appo·

390 1906 422 1945 α
468 1882 622 1964 suit,
648 1884 832 1969 juxta
862 1880 1295 1947 diversitatem
1325 1881 1651 1968 graduum
1680 1880 2147 1970 praecedentiae,
2180 1879 2282 1949 vel
2309 1880 2666 1947 secundum

388 2012 425 2053 «
463 1986 823 2054 ministeria
852 1992 925 2053 ut
952 1986 1021 2053 in
1042 1986 1312 2075 angeliS‚
1349 1988 1449 2054 vel
1478 1988 1839 2055 secundum
1869 1988 2096 2054 merita
2131 1992 2205 2054 ut
2233 1988 2303 2054 in
2329 1986 2558 2063 beatis,
2585 1986 2667 2052 ita
2765 1981 2771 1988 ’

390 2118 426 2158 κ
470 2095 664 2161 etiam
687 2094 911 2161 divino
958 2092 1178 2161 afflatu
1224 2093 1622 2161 militantem
1672 2092 2032 2161 Ecclesiam
2070 2093 2150 2161 ad
2195 2093 2401 2160 instar
2435 2091 2673 2158 trium-

389 2223 423 2263 «
468 2199 730 2289 phantis
745 2198 1123 2284 admirabili
1140 2198 1615 2288 dispensatione
1643 2220 1760 2288 per
1780 2220 1930 2267 suos
1955 2198 2231 2266 vicarios
2250 2193 2669 2265 condecorari

388 2328 425 2369 «
466 2304 820 2387 mandavit,
851 2303 965 2393 qui
994 2311 1199 2373 certos
1227 2304 1468 2394 gradus
1492 2310 1555 2372 et
1581 2305 1840 2373 ordines
1885 2300 2387 2386 distribuerun13
2421 2307 2499 2370 ut
2525 2301 2667 2370 illo·

388 2434 425 2475 «
469 2433 620 2478 rum
639 2412 983 2478 harmonia
1010 2417 1073 2478 et
1097 2411 1395 2480 varietate
1414 2410 1779 2501 unicuique
1795 2411 2158 2480 secundum
2179 2426 2364 2479 suam
2393 2410 2671 2500 dignita-

388 2540 424 2580 «
471 2520 599 2583 tem
631 2517 892 2584 daretur
912 2518 1122 2585 honor
1151 2523 1214 2585 et
1239 2518 1704 2609 praecedentia3
1738 2524 1936 2608 utque
1961 2521 2084 2588 hoc
2132 2515 2323 2587 modo
2344 2518 2412 2585 in
2436 2517 2672 2585 Eccle-

384 2645 422 2686 σι
468 2621 555 2688 sia
583 2621 890 2688 militanti
909 2627 1218 2711 tanquam
1238 2624 1526 2712 imagine
1546 2625 2035 2715 triumphantis,
2063 2626 2303 2694 adesset
2321 2623 2667 2692 concordia

388 2753 426 2795 α
468 2729 637 2796 inter
685 2730 982 2819 majores,
1033 2735 1096 2796 et
1150 2736 1321 2798 recte
1369 2730 1786 2820 singulorum
1829 2739 2166 2821 gereretur
2194 2728 2668 2800 administratio

389 2860 423 2901 α
469 2835 863 2903 officiorum.
902 2834 1114 2916 Quare
1136 2836 1324 2905 sicuti
1348 2838 1831 2906 condemnandi
1857 2845 2010 2907 sunt
2037 2840 2154 2929 qui
2182 2837 2427 2907 ambitu
2455 2842 2520 2904 et
2544 2835 2674 2902 bu-

394 2966 431 3007 «
472 2965 686 3010 manae
711 2942 934 3031 gloriae
953 2941 1326 3033 cupiditate,
1351 2945 1596 3033 primos
1624 2946 1955 3013 recubitus
1986 2951 2049 3013 et
2071 2946 2316 3036 primas
2339 2942 2670 3030 cathedras

389 3073 425 3113 α
476 3069 790 3138 usurpare
817 3056 1159 3135 conantur,
1210 3049 1296 3117 ita
1327 3050 1637 3118 laudandi
1677 3056 1831 3122 sunt
1881 3052 1997 3142 qui
2026 3053 2105 3120 de
2137 3049 2566 3141 praecedentia
2611 3052 2672 3114 et

391 3178 428 3219 α
474 3153 837 3242 majoritate
859 3154 1263 3222 contendunt
1300 3161 1373 3222 ut
1403 3156 1562 3223 ordo
1582 3161 1644 3224 et
1665 3158 2082 3225 consonantia
2117 3158 2291 3224 inter
2317 3155 2587 3223 clericos
2612 3158 2673 3221 et

389 3283 426 3324 «
471 3258 771 3326 ecclesias
814 3260 1238 3350 particulares
1291 3263 1524 3351 majori
1588 3262 1977 3353 perfectione
2027 3268 2340 3345 servetur,
2399 3267 2476 3328 ut
2512 3260 2674 3329 dixit

390 3388 426 3429 ε(
469 3363 627 3431 Rota
651 3364 744 3455 (in
783 3366 1049 3432 Lucana
1076 3366 1163 3451 28
1180 3369 1358 3456 junii
1411 3367 1617 3451 1700,4
1636 3390 1856 3436 coram
1883 3368 2203 3460 Molines).
2240 3393 2276 3435 >³
2327 3367 2422 3436 lta
2445 3367 2671 3436 Mona·

380 3470 529 3541 celli
568 3471 639 3536 in
691 3492 807 3538 suo
835 3470 1268 3538 Formulario
1315 3477 1520 3563 (parte
1565 3496 1660 3561 111,
1692 3476 1792 3544 tit.
1841 3476 1912 3565 2,
1938 3477 2019 3544 ad
2047 3476 2241 3544 form.
2274 3477 2338 3563 7,
2369 3498 2440 3543 n.
2493 3475 2560 3544 6.
2588 3511 2674 3527 -

378 3577 551 3647 Edit.
575 3575 841 3658 Venet,
873 3577 1071 3661 1772,
1104 3598 1252 3667 pag.
1279 3577 1461 3671 538).

473 3685 629 3753 Haec
659 3683 1109 3774 praemittenda
1139 3685 1470 3766 duximuS,
1504 3708 1586 3753 ne
1605 3708 1832 3755 omnes
1850 3687 1939 3755 'de
1957 3687 2385 3777 praecedentia
2410 3692 2677 3755 conten-

380 3791 588 3860 tiones
616 3793 876 3859 incaute
898 3790 1132 3880 aliquis
1181 3797 1495 3882 tanquam
1558 3794 1819 3861 vitiosas
1848 3799 1920 3861 'et
1946 3792 2256 3862 doctrinae
2285 3794 2675 3883 evangelicae

383 3905 820 3988 repugnantes
839 3899 1200 3967 damnaret.

474 4004 675 4074 Aliud
721 4008 944 4090 etiam,
992 4029 1066 4072 ex
1120 4006 1345 4073 eodem
1394 4004 1751 4075 Monacello
1791 4006 1956 4097 (loco
2000 4005 2212 4096 citato)
2264 4005 2685 4097 principium¹

384 4113 892 4201 praemittemus:
920 4111 1110 4181 Posse
1138 4134 1375 4203 nempe
1401 4134 1628 4180 omnes
1656 4113 2123 4181 controversias
2147 4112 2320 4180 inter
2344 4113 2680 4204 ecclesias·

381 4221 543 4288 ticos
607 4217 686 4284 de
732 4219 1156 4307 praecedentia
1208 4220 1291 4287 ab
1338 4218 1655 4310 Episcopo
1706 4217 2223 4310 provisionaliter
2295 4216 2528 4284 dirimi
2577 4216 2680 4308 (ex

384 4343 523 4413 cap.
566 4322 672 4405 12,
704 4343 855 4390 sess.
890 4321 999 4390 35.
1033 4361 1123 4375 —
1150 4323 1503 4412 GavantuS‚
1536 4324 1602 4391 in
1634 4323 1947 4408 Mamali,
1988 4324 2182 4392 verbo
2208 4321 2676 4398 praecedentia,

385 4449 454 4493 n.
495 4425 583 4514 1);
618 4428 702 4494 ita
730 4426 1006 4493 utnulla
1035 4428 1379 4517 appellatio
1422 4430 1775 4522 suspendat
1802 4429 2105 4500 effectum
2132 4427 2372 4520 judicii
2403 4426 2676 4517 Episco-
