<?xml version="1.0" encoding="UTF-8"?>
<!DOCTYPE html PUBLIC "-//W3C//DTD XHTML 1.0 Transitional//EN"
    "http://www.w3.org/TR/xhtml1/DTD/xhtml1-transitional.dtd">
<html xmlns="http://www.w3.org/1999/xhtml" xml:lang="en" lang="en">
 <head>
  <title>
</title>
<meta http-equiv="Content-Type" content="text/html;charset=utf-8" />
  <meta name='ocr-system' content='tesseract 3.04.00' />
  <meta name='ocr-capabilities' content='ocr_page ocr_carea ocr_par ocr_line ocrx_word'/>
</head>
<body>
  <div class='ocr_page' id='page_1' title='image "./tractatusdecapi00bouigoog_0457.png"; bbox 0 0 2930 4982; ppageno 0'>
   <div class='ocr_carea' id='block_1_1' title="bbox 1101 422 2467 480">
    <p class='ocr_par' dir='ltr' id='par_1_1' title="bbox 1101 422 2467 480">
     <span class='ocr_line' id='line_1_1' title="bbox 1101 422 2467 480; baseline 0.006 -9"><span class='ocrx_word' id='word_1_1' title='bbox 1101 424 1177 471; x_wconf 80' lang='lat' dir='ltr'><strong>ns</strong></span> <span class='ocrx_word' id='word_1_2' title='bbox 1224 425 1554 473; x_wconf 67' lang='lat' dir='ltr'><strong>manuus.</strong></span> <span class='ocrx_word' id='word_1_3' title='bbox 2343 422 2467 480; x_wconf 71' lang='lat'><strong>⁴¹9</strong></span> 
     </span>
    </p>
   </div>
   <div class='ocr_carea' id='block_1_2' title="bbox 157 542 2488 2124">
    <p class='ocr_par' dir='ltr' id='par_1_2' title="bbox 157 542 2488 2124">
     <span class='ocr_line' id='line_1_2' title="bbox 202 542 2474 638; baseline 0.004 -30"><span class='ocrx_word' id='word_1_4' title='bbox 202 568 233 608; x_wconf 75' lang='grc' dir='ltr'>α</span> <span class='ocrx_word' id='word_1_5' title='bbox 255 542 518 612; x_wconf 84' lang='lat' dir='ltr'>Certum</span> <span class='ocrx_word' id='word_1_6' title='bbox 548 548 641 612; x_wconf 89' lang='lat' dir='ltr'><strong>est</strong></span> <span class='ocrx_word' id='word_1_7' title='bbox 662 564 886 611; x_wconf 90' lang='lat' dir='ltr'><strong>omnes</strong></span> <span class='ocrx_word' id='word_1_8' title='bbox 922 544 1237 633; x_wconf 88' lang='lat' dir='ltr'><strong>obligatos</strong></span> <span class='ocrx_word' id='word_1_9' title='bbox 1270 566 1431 629; x_wconf 91' lang='lat' dir='ltr'><strong>esse,</strong></span> <span class='ocrx_word' id='word_1_10' title='bbox 1465 566 1619 613; x_wconf 90' lang='lat' dir='ltr'><strong>cum</strong></span> <span class='ocrx_word' id='word_1_11' title='bbox 1652 547 1732 614; x_wconf 89' lang='lat' dir='ltr'><strong>sit</strong></span> <span class='ocrx_word' id='word_1_12' title='bbox 1762 553 2149 638; x_wconf 84' lang='lat' dir='ltr'><strong>praeceptum</strong></span> <span class='ocrx_word' id='word_1_13' title='bbox 2178 550 2474 620; x_wconf 87' lang='lat' dir='ltr'><strong>naturale</strong></span> 
     </span>
     <span class='ocr_line' id='line_1_3' title="bbox 202 649 2473 742; baseline 0.005 -28"><span class='ocrx_word' id='word_1_14' title='bbox 202 674 234 715; x_wconf 92' lang='lat'>«</span> <span class='ocrx_word' id='word_1_15' title='bbox 253 655 312 718; x_wconf 88' lang='lat' dir='ltr'><strong>et</strong></span> <span class='ocrx_word' id='word_1_16' title='bbox 331 649 631 718; x_wconf 91' lang='lat' dir='ltr'><strong>divinum</strong></span> <span class='ocrx_word' id='word_1_17' title='bbox 651 671 878 719; x_wconf 89' lang='lat' dir='ltr'><strong>omnes</strong></span> <span class='ocrx_word' id='word_1_18' title='bbox 899 650 1325 740; x_wconf 78' lang='lat' dir='ltr'><strong>adstringens,</strong></span> <span class='ocrx_word' id='word_1_19' title='bbox 1357 650 1733 742; x_wconf 82' lang='lat' dir='ltr'><strong>Unicuique</strong></span> <span class='ocrx_word' id='word_1_20' title='bbox 1751 653 1928 721; x_wconf 89' lang='lat' dir='ltr'><strong>enim</strong></span> <span class='ocrx_word' id='word_1_21' title='bbox 1949 656 2279 724; x_wconf 87' lang='lat' dir='ltr'><strong>mandavit</strong></span> <span class='ocrx_word' id='word_1_22' title='bbox 2298 654 2473 725; x_wconf 83' lang='lat' dir='ltr'><strong>Deus</strong></span> 
     </span>
     <span class='ocr_line' id='line_1_4' title="bbox 202 754 2472 850; baseline 0.005 -29"><span class='ocrx_word' id='word_1_23' title='bbox 202 780 235 821; x_wconf 73' lang='grc' dir='ltr'><strong>ι(</strong></span> <span class='ocrx_word' id='word_1_24' title='bbox 256 756 330 822; x_wconf 93' lang='lat' dir='ltr'><strong>de</strong></span> <span class='ocrx_word' id='word_1_25' title='bbox 352 755 648 845; x_wconf 88' lang='lat' dir='ltr'><strong>proximo</strong></span> <span class='ocrx_word' id='word_1_26' title='bbox 672 776 810 823; x_wconf 90' lang='lat' dir='ltr'><strong>suo.</strong></span> <span class='ocrx_word' id='word_1_27' title='bbox 840 754 1001 823; x_wconf 90' lang='lat' dir='ltr'><strong>Item</strong></span> <span class='ocrx_word' id='word_1_28' title='bbox 1030 777 1257 824; x_wconf 90' lang='lat' dir='ltr'><strong>omnes</strong></span> <span class='ocrx_word' id='word_1_29' title='bbox 1297 756 1568 847; x_wconf 83' lang='lat' dir='ltr'><strong>obligati</strong></span> <span class='ocrx_word' id='word_1_30' title='bbox 1591 764 1745 825; x_wconf 91' lang='lat' dir='ltr'><strong>sunt</strong></span> <span class='ocrx_word' id='word_1_31' title='bbox 1772 757 1981 827; x_wconf 90' lang='lat' dir='ltr'><strong>Deum</strong></span> <span class='ocrx_word' id='word_1_32' title='bbox 2007 766 2070 827; x_wconf 89' lang='lat' dir='ltr'><strong>et</strong></span> <span class='ocrx_word' id='word_1_33' title='bbox 2105 762 2472 850; x_wconf 86' lang='lat' dir='ltr'><strong>proximum</strong></span> 
     </span>
     <span class='ocr_line' id='line_1_5' title="bbox 201 860 2476 954; baseline 0.005 -28"><span class='ocrx_word' id='word_1_34' title='bbox 201 884 233 925; x_wconf 74' lang='lat' dir='ltr'><strong>t&lt;</strong></span> <span class='ocrx_word' id='word_1_35' title='bbox 254 881 468 928; x_wconf 90' lang='lat' dir='ltr'><strong>amare</strong></span> <span class='ocrx_word' id='word_1_36' title='bbox 494 888 512 947; x_wconf 85' lang='lat'>3</span> <span class='ocrx_word' id='word_1_37' title='bbox 545 861 655 928; x_wconf 91' lang='lat' dir='ltr'><strong>sed</strong></span> <span class='ocrx_word' id='word_1_38' title='bbox 686 883 761 928; x_wconf 89' lang='lat' dir='ltr'><strong>ex</strong></span> <span class='ocrx_word' id='word_1_39' title='bbox 788 882 1008 931; x_wconf 90' lang='lat' dir='ltr'><strong>amore</strong></span> <span class='ocrx_word' id='word_1_40' title='bbox 1045 860 1164 929; x_wconf 90' lang='lat' dir='ltr'><strong>Dei</strong></span> <span class='ocrx_word' id='word_1_41' title='bbox 1208 874 1270 930; x_wconf 86' lang='lat' dir='ltr'><strong>et</strong></span> <span class='ocrx_word' id='word_1_42' title='bbox 1311 863 1594 954; x_wconf 85' lang='lat' dir='ltr'><strong>proximi</strong></span> <span class='ocrx_word' id='word_1_43' title='bbox 1632 864 1925 932; x_wconf 89' lang='lat' dir='ltr'><strong>nascitur</strong></span> <span class='ocrx_word' id='word_1_44' title='bbox 1953 865 2202 933; x_wconf 88' lang='lat' dir='ltr'><strong>malum</strong></span> <span class='ocrx_word' id='word_1_45' title='bbox 2231 869 2476 938; x_wconf 83' lang='lat' dir='ltr'><strong>utrius-</strong></span> 
     </span>
     <span class='ocr_line' id='line_1_6' title="bbox 202 968 2478 1062; baseline 0.004 -29"><span class='ocrx_word' id='word_1_46' title='bbox 202 993 232 1031; x_wconf 81' lang='lat'>«</span> <span class='ocrx_word' id='word_1_47' title='bbox 259 989 380 1056; x_wconf 91' lang='lat' dir='ltr'><strong>que</strong></span> <span class='ocrx_word' id='word_1_48' title='bbox 426 968 744 1059; x_wconf 90' lang='lat' dir='ltr'><strong>impedire</strong></span> <span class='ocrx_word' id='word_1_49' title='bbox 790 976 1113 1057; x_wconf 88' lang='lat' dir='ltr'><strong>quantum</strong></span> <span class='ocrx_word' id='word_1_50' title='bbox 1163 968 1306 1037; x_wconf 87' lang='lat' dir='ltr'><strong>fieri</strong></span> <span class='ocrx_word' id='word_1_51' title='bbox 1346 971 1569 1060; x_wconf 88' lang='lat' dir='ltr'><strong>possit.</strong></span> <span class='ocrx_word' id='word_1_52' title='bbox 1620 969 1796 1059; x_wconf 90' lang='lat' dir='ltr'><strong>Ergo</strong></span> <span class='ocrx_word' id='word_1_53' title='bbox 1840 971 2130 1038; x_wconf 84' lang='lat' dir='ltr'><strong>nascitur</strong></span> <span class='ocrx_word' id='word_1_54' title='bbox 2173 971 2478 1062; x_wconf 79' lang='lat' dir='ltr'><strong>obligatio</strong></span> 
     </span>
     <span class='ocr_line' id='line_1_7' title="bbox 199 1073 2485 1169; baseline 0.004 -32"><span class='ocrx_word' id='word_1_55' title='bbox 199 1096 231 1137; x_wconf 70' lang='grc' dir='ltr'><strong>ε(</strong></span> <span class='ocrx_word' id='word_1_56' title='bbox 253 1075 631 1163; x_wconf 85' lang='lat' dir='ltr'><strong>proximum</strong></span> <span class='ocrx_word' id='word_1_57' title='bbox 698 1073 1085 1165; x_wconf 88' lang='lat' dir='ltr'><strong>corripiendi</strong></span> <span class='ocrx_word' id='word_1_58' title='bbox 1114 1127 1132 1157; x_wconf 93' lang='lat'><strong>,</strong></span> <span class='ocrx_word' id='word_1_59' title='bbox 1195 1076 1354 1164; x_wconf 88' lang='lat' dir='ltr'><strong>quia</strong></span> <span class='ocrx_word' id='word_1_60' title='bbox 1401 1098 1570 1167; x_wconf 85' lang='lat' dir='ltr'><strong>saepe</strong></span> <span class='ocrx_word' id='word_1_61' title='bbox 1628 1078 1711 1144; x_wconf 88' lang='lat' dir='ltr'><strong>ad</strong></span> <span class='ocrx_word' id='word_1_62' title='bbox 1766 1076 2247 1168; x_wconf 85' lang='lat' dir='ltr'><strong>impediendam</strong></span> <span class='ocrx_word' id='word_1_63' title='bbox 2312 1078 2485 1169; x_wconf 79' lang='lat' dir='ltr'><strong>inju-</strong></span> 
     </span>
     <span class='ocr_line' id='line_1_8' title="bbox 200 1179 2485 1271; baseline 0.006 -27"><span class='ocrx_word' id='word_1_64' title='bbox 200 1181 425 1246; x_wconf 81' lang='lat' dir='ltr'><strong>«riam</strong></span> <span class='ocrx_word' id='word_1_65' title='bbox 475 1179 598 1248; x_wconf 90' lang='lat' dir='ltr'><strong>Dei</strong></span> <span class='ocrx_word' id='word_1_66' title='bbox 642 1187 706 1247; x_wconf 90' lang='lat' dir='ltr'><strong>et</strong></span> <span class='ocrx_word' id='word_1_67' title='bbox 750 1181 997 1248; x_wconf 90' lang='lat' dir='ltr'><strong>malum</strong></span> <span class='ocrx_word' id='word_1_68' title='bbox 1044 1182 1324 1271; x_wconf 83' lang='lat' dir='ltr'><strong>proximi</strong></span> <span class='ocrx_word' id='word_1_69' title='bbox 1373 1184 1684 1251; x_wconf 90' lang='lat' dir='ltr'><strong>correctio</strong></span> <span class='ocrx_word' id='word_1_70' title='bbox 1728 1189 1823 1252; x_wconf 89' lang='lat' dir='ltr'><strong>est</strong></span> <span class='ocrx_word' id='word_1_71' title='bbox 1864 1186 2141 1252; x_wconf 88' lang='lat' dir='ltr'><strong>unicum</strong></span> <span class='ocrx_word' id='word_1_72' title='bbox 2186 1186 2485 1257; x_wconf 88' lang='lat' dir='ltr'><strong>medium</strong></span> 
     </span>
     <span class='ocr_line' id='line_1_9' title="bbox 197 1287 2478 1381; baseline 0.006 -32"><span class='ocrx_word' id='word_1_73' title='bbox 197 1310 233 1349; x_wconf 87' lang='lat'>«</span> <span class='ocrx_word' id='word_1_74' title='bbox 264 1287 522 1375; x_wconf 91' lang='lat' dir='ltr'><strong>(punct.</strong></span> <span class='ocrx_word' id='word_1_75' title='bbox 557 1289 621 1371; x_wconf 87' lang='lat'><strong>7,</strong></span> <span class='ocrx_word' id='word_1_76' title='bbox 647 1310 714 1354; x_wconf 91' lang='lat' dir='ltr'><strong>n.</strong></span> <span class='ocrx_word' id='word_1_77' title='bbox 748 1287 833 1378; x_wconf 90' lang='lat'><strong>1).</strong></span> <span class='ocrx_word' id='word_1_78' title='bbox 862 1287 1152 1369; x_wconf 85' lang='lat' dir='ltr'><strong>—Quod</strong></span> <span class='ocrx_word' id='word_1_79' title='bbox 1178 1289 1231 1356; x_wconf 91' lang='lat' dir='ltr'><strong>si</strong></span> <span class='ocrx_word' id='word_1_80' title='bbox 1258 1289 1336 1357; x_wconf 91' lang='lat' dir='ltr'><strong>de</strong></span> <span class='ocrx_word' id='word_1_81' title='bbox 1359 1291 1650 1380; x_wconf 89' lang='lat' dir='ltr'><strong>personis</strong></span> <span class='ocrx_word' id='word_1_82' title='bbox 1676 1292 2076 1380; x_wconf 86' lang='lat' dir='ltr'><strong>corrigendis</strong></span> <span class='ocrx_word' id='word_1_83' title='bbox 2103 1292 2478 1381; x_wconf 82' lang='lat' dir='ltr'><strong>loquamur,</strong></span> 
     </span>
     <span class='ocr_line' id='line_1_10' title="bbox 197 1395 2485 1485; baseline 0.005 -27"><span class='ocrx_word' id='word_1_84' title='bbox 197 1416 230 1457; x_wconf 88' lang='lat'>«</span> <span class='ocrx_word' id='word_1_85' title='bbox 256 1414 487 1462; x_wconf 90' lang='lat' dir='ltr'><strong>omnes</strong></span> <span class='ocrx_word' id='word_1_86' title='bbox 520 1401 652 1461; x_wconf 90' lang='lat' dir='ltr'><strong>tam</strong></span> <span class='ocrx_word' id='word_1_87' title='bbox 675 1395 894 1462; x_wconf 90' lang='lat' dir='ltr'><strong>fideles</strong></span> <span class='ocrx_word' id='word_1_88' title='bbox 919 1417 1120 1483; x_wconf 91' lang='lat' dir='ltr'><strong>quam</strong></span> <span class='ocrx_word' id='word_1_89' title='bbox 1149 1396 1441 1463; x_wconf 88' lang='lat' dir='ltr'><strong>infideles</strong></span> <span class='ocrx_word' id='word_1_90' title='bbox 1469 1404 1621 1463; x_wconf 86' lang='lat' dir='ltr'><strong>sunt</strong></span> <span class='ocrx_word' id='word_1_91' title='bbox 1644 1400 2096 1485; x_wconf 88' lang='lat' dir='ltr'><strong>corrigendi...</strong></span> <span class='ocrx_word' id='word_1_92' title='bbox 2126 1398 2485 1469; x_wconf 77' lang='lat' dir='ltr'><strong>Difficultas</strong></span> 
     </span>
     <span class='ocr_line' id='line_1_11' title="bbox 157 1499 2487 1592; baseline 0.004 -30"><span class='ocrx_word' id='word_1_93' title='bbox 157 1584 164 1589; x_wconf 19' lang='lat' dir='ltr'>x</span> <span class='ocrx_word' id='word_1_94' title='bbox 211 1525 243 1563; x_wconf 75' lang='grc' dir='ltr'><strong>α</strong></span> <span class='ocrx_word' id='word_1_95' title='bbox 266 1504 357 1566; x_wconf 88' lang='lat' dir='ltr'><strong>est</strong></span> <span class='ocrx_word' id='word_1_96' title='bbox 383 1502 466 1568; x_wconf 92' lang='lat' dir='ltr'><strong>de</strong></span> <span class='ocrx_word' id='word_1_97' title='bbox 499 1499 808 1577; x_wconf 84' lang='lat' dir='ltr'><strong>Praelatis,</strong></span> <span class='ocrx_word' id='word_1_98' title='bbox 850 1522 933 1568; x_wconf 89' lang='lat' dir='ltr'><strong>an</strong></span> <span class='ocrx_word' id='word_1_99' title='bbox 964 1502 1097 1568; x_wconf 90' lang='lat' dir='ltr'><strong>sint</strong></span> <span class='ocrx_word' id='word_1_100' title='bbox 1128 1523 1167 1569; x_wconf 89' lang='lat' dir='ltr'><strong>a</strong></span> <span class='ocrx_word' id='word_1_101' title='bbox 1203 1500 1476 1569; x_wconf 89' lang='lat' dir='ltr'><strong>subditis</strong></span> <span class='ocrx_word' id='word_1_102' title='bbox 1508 1503 1920 1591; x_wconf 77' lang='lat' dir='ltr'><strong>corrigendi?</strong></span> <span class='ocrx_word' id='word_1_103' title='bbox 1966 1502 2042 1570; x_wconf 90' lang='lat' dir='ltr'><strong>Et</strong></span> <span class='ocrx_word' id='word_1_104' title='bbox 2073 1504 2344 1592; x_wconf 90' lang='lat' dir='ltr'><strong>quidem</strong></span> <span class='ocrx_word' id='word_1_105' title='bbox 2371 1505 2487 1572; x_wconf 90' lang='lat' dir='ltr'><strong>de-</strong></span> 
     </span>
     <span class='ocr_line' id='line_1_12' title="bbox 198 1607 2479 1701; baseline 0.001 -27"><span class='ocrx_word' id='word_1_106' title='bbox 198 1634 231 1674; x_wconf 82' lang='lat'>«</span> <span class='ocrx_word' id='word_1_107' title='bbox 254 1610 401 1677; x_wconf 90' lang='lat' dir='ltr'><strong>bere</strong></span> <span class='ocrx_word' id='word_1_108' title='bbox 431 1608 676 1695; x_wconf 84' lang='lat' dir='ltr'><strong>corrigi</strong></span> <span class='ocrx_word' id='word_1_109' title='bbox 701 1607 754 1673; x_wconf 92' lang='lat' dir='ltr'><strong>si</strong></span> <span class='ocrx_word' id='word_1_110' title='bbox 784 1607 1166 1695; x_wconf 87' lang='lat' dir='ltr'><strong>delinquant</strong></span> <span class='ocrx_word' id='word_1_111' title='bbox 1188 1613 1281 1674; x_wconf 93' lang='lat' dir='ltr'><strong>est</strong></span> <span class='ocrx_word' id='word_1_112' title='bbox 1310 1629 1606 1698; x_wconf 85' lang='lat' dir='ltr'><strong>expressa</strong></span> <span class='ocrx_word' id='word_1_113' title='bbox 1629 1607 1867 1675; x_wconf 90' lang='lat' dir='ltr'><strong>decisio</strong></span> <span class='ocrx_word' id='word_1_114' title='bbox 1891 1607 2186 1697; x_wconf 86' lang='lat' dir='ltr'><strong>Gregorii</strong></span> <span class='ocrx_word' id='word_1_115' title='bbox 2216 1608 2311 1699; x_wconf 94' lang='lat' dir='ltr'><strong>(in</strong></span> <span class='ocrx_word' id='word_1_116' title='bbox 2335 1632 2479 1701; x_wconf 87' lang='lat' dir='ltr'><strong>cap.</strong></span> 
     </span>
     <span class='ocr_line' id='line_1_13' title="bbox 202 1711 2485 1802; baseline 0 -20"><span class='ocrx_word' id='word_1_117' title='bbox 202 1741 234 1781; x_wconf 86' lang='lat'>«</span> <span class='ocrx_word' id='word_1_118' title='bbox 255 1715 453 1782; x_wconf 84' lang='lat' dir='ltr'><strong>Sicut</strong></span> <span class='ocrx_word' id='word_1_119' title='bbox 486 1713 556 1797; x_wconf 79' lang='lat'><strong>2,</strong></span> <span class='ocrx_word' id='word_1_120' title='bbox 581 1736 655 1801; x_wconf 84' lang='lat' dir='ltr'><strong>q.</strong></span> <span class='ocrx_word' id='word_1_121' title='bbox 685 1711 775 1802; x_wconf 87' lang='lat'><strong>7).</strong></span> <span class='ocrx_word' id='word_1_122' title='bbox 815 1712 1302 1779; x_wconf 87' lang='lat' dir='ltr'><strong>Advertendum</strong></span> <span class='ocrx_word' id='word_1_123' title='bbox 1333 1719 1551 1779; x_wconf 88' lang='lat' dir='ltr'><strong>tamen</strong></span> <span class='ocrx_word' id='word_1_124' title='bbox 1578 1722 1672 1780; x_wconf 85' lang='lat' dir='ltr'><strong>est</strong></span> <span class='ocrx_word' id='word_1_125' title='bbox 1700 1713 1873 1781; x_wconf 87' lang='lat' dir='ltr'><strong>hanc</strong></span> <span class='ocrx_word' id='word_1_126' title='bbox 1900 1714 2363 1782; x_wconf 81' lang='lat' dir='ltr'><strong>correctionem</strong></span> <span class='ocrx_word' id='word_1_127' title='bbox 2392 1716 2485 1783; x_wconf 89' lang='lat' dir='ltr'><strong>fa-</strong></span> 
     </span>
     <span class='ocr_line' id='line_1_14' title="bbox 202 1817 2486 1911; baseline 0.002 -26"><span class='ocrx_word' id='word_1_128' title='bbox 202 1845 234 1885; x_wconf 81' lang='lat'>«</span> <span class='ocrx_word' id='word_1_129' title='bbox 257 1820 564 1889; x_wconf 84' lang='lat' dir='ltr'><strong>ciendam</strong></span> <span class='ocrx_word' id='word_1_130' title='bbox 600 1839 734 1885; x_wconf 91' lang='lat' dir='ltr'><strong>esse</strong></span> <span class='ocrx_word' id='word_1_131' title='bbox 776 1839 929 1884; x_wconf 92' lang='lat' dir='ltr'><strong>cum</strong></span> <span class='ocrx_word' id='word_1_132' title='bbox 968 1839 1207 1906; x_wconf 85' lang='lat' dir='ltr'><strong>magna</strong></span> <span class='ocrx_word' id='word_1_133' title='bbox 1245 1817 1587 1908; x_wconf 90' lang='lat' dir='ltr'><strong>prudentia</strong></span> <span class='ocrx_word' id='word_1_134' title='bbox 1627 1825 1691 1885; x_wconf 90' lang='lat' dir='ltr'><strong>et</strong></span> <span class='ocrx_word' id='word_1_135' title='bbox 1726 1818 2120 1903; x_wconf 88' lang='lat' dir='ltr'><strong>humilitate,</strong></span> <span class='ocrx_word' id='word_1_136' title='bbox 2168 1825 2230 1888; x_wconf 89' lang='lat' dir='ltr'><strong>et</strong></span> <span class='ocrx_word' id='word_1_137' title='bbox 2268 1822 2486 1911; x_wconf 83' lang='lat' dir='ltr'><strong>potius</strong></span> 
     </span>
     <span class='ocr_line' id='line_1_15' title="bbox 204 1923 2488 2014; baseline 0.002 -24"><span class='ocrx_word' id='word_1_138' title='bbox 204 1952 234 1990; x_wconf 78' lang='grc' dir='ltr'><strong>(ι</strong></span> <span class='ocrx_word' id='word_1_139' title='bbox 255 1925 656 1995; x_wconf 87' lang='lat' dir='ltr'><strong>obsecrando</strong></span> <span class='ocrx_word' id='word_1_140' title='bbox 678 1946 876 2013; x_wconf 85' lang='lat' dir='ltr'><strong>quam</strong></span> <span class='ocrx_word' id='word_1_141' title='bbox 908 1923 1339 2013; x_wconf 88' lang='lat' dir='ltr'><strong>increpando;</strong></span> <span class='ocrx_word' id='word_1_142' title='bbox 1379 1926 1669 2011; x_wconf 81' lang='lat' dir='ltr'><strong>itemque</strong></span> <span class='ocrx_word' id='word_1_143' title='bbox 1696 1930 1936 1990; x_wconf 85' lang='lat' dir='ltr'><strong>secreto</strong></span> <span class='ocrx_word' id='word_1_144' title='bbox 1975 1931 2038 1990; x_wconf 87' lang='lat' dir='ltr'><strong>ct</strong></span> <span class='ocrx_word' id='word_1_145' title='bbox 2064 1946 2199 1991; x_wconf 93' lang='lat' dir='ltr'><strong>non</strong></span> <span class='ocrx_word' id='word_1_146' title='bbox 2226 1925 2488 2014; x_wconf 90' lang='lat' dir='ltr'><strong>publice</strong></span> 
     </span>
     <span class='ocr_line' id='line_1_16' title="bbox 202 2027 2487 2124; baseline 0.001 -28"><span class='ocrx_word' id='word_1_147' title='bbox 202 2055 234 2096; x_wconf 75' lang='grc' dir='ltr'><strong>α</strong></span> <span class='ocrx_word' id='word_1_148' title='bbox 258 2032 355 2124; x_wconf 87' lang='lat' dir='ltr'><strong>(ex</strong></span> <span class='ocrx_word' id='word_1_149' title='bbox 399 2033 659 2100; x_wconf 89' lang='lat' dir='ltr'><strong>decreto</strong></span> <span class='ocrx_word' id='word_1_150' title='bbox 696 2029 1057 2097; x_wconf 88' lang='lat' dir='ltr'><strong>Innocentii</strong></span> <span class='ocrx_word' id='word_1_151' title='bbox 1097 2027 1206 2110; x_wconf 91' lang='lat' dir='ltr'><strong>lll,</strong></span> <span class='ocrx_word' id='word_1_152' title='bbox 1240 2049 1300 2095; x_wconf 91' lang='lat' dir='ltr'><strong>c.</strong></span> <span class='ocrx_word' id='word_1_153' title='bbox 1346 2029 1520 2094; x_wconf 82' lang='lat' dir='ltr'><strong>Cum</strong></span> <span class='ocrx_word' id='word_1_154' title='bbox 1558 2050 1640 2092; x_wconf 74' lang='lat' dir='ltr'><strong>ex</strong></span> <span class='ocrx_word' id='word_1_155' title='bbox 1681 2027 2011 2116; x_wconf 81' lang='lat' dir='ltr'><strong>injuncte,</strong></span> <span class='ocrx_word' id='word_1_156' title='bbox 2058 2032 2154 2096; x_wconf 89' lang='lat' dir='ltr'><strong>De</strong></span> <span class='ocrx_word' id='word_1_157' title='bbox 2183 2029 2487 2121; x_wconf 82' lang='lat' dir='ltr'><strong>lzoeret.):</strong></span> 
     </span>
    </p>
   </div>
   <div class='ocr_carea' id='block_1_3' title="bbox 206 2132 2499 2325">
    <p class='ocr_par' dir='ltr' id='par_1_3' title="bbox 206 2132 2499 2325">
     <span class='ocr_line' id='line_1_17' title="bbox 206 2132 2489 2225; baseline 0 -22"><span class='ocrx_word' id='word_1_158' title='bbox 206 2163 240 2202; x_wconf 83' lang='lat'>«</span> <span class='ocrx_word' id='word_1_159' title='bbox 261 2137 452 2217; x_wconf 84' lang='lat' dir='ltr'><strong>Quod</strong></span> <span class='ocrx_word' id='word_1_160' title='bbox 481 2135 763 2222; x_wconf 78' lang='lat' dir='ltr'><strong>intelligi</strong></span> <span class='ocrx_word' id='word_1_161' title='bbox 810 2134 1020 2217; x_wconf 87' lang='lat' dir='ltr'><strong>debet,</strong></span> <span class='ocrx_word' id='word_1_162' title='bbox 1055 2133 1185 2200; x_wconf 91' lang='lat' dir='ltr'><strong>nisi</strong></span> <span class='ocrx_word' id='word_1_163' title='bbox 1215 2142 1474 2222; x_wconf 91' lang='lat' dir='ltr'><strong>peccata</strong></span> <span class='ocrx_word' id='word_1_164' title='bbox 1512 2132 1642 2198; x_wconf 87' lang='lat' dir='ltr'><strong>sint</strong></span> <span class='ocrx_word' id='word_1_165' title='bbox 1681 2134 2053 2200; x_wconf 86' lang='lat' dir='ltr'><strong>scandalosa</strong></span> <span class='ocrx_word' id='word_1_166' title='bbox 2085 2141 2147 2200; x_wconf 93' lang='lat' dir='ltr'><strong>et</strong></span> <span class='ocrx_word' id='word_1_167' title='bbox 2182 2135 2489 2225; x_wconf 80' lang='lat' dir='ltr'><strong>publica:</strong></span> 
     </span>
     <span class='ocr_line' id='line_1_18' title="bbox 207 2232 2499 2325; baseline 0.001 -23"><span class='ocrx_word' id='word_1_168' title='bbox 207 2265 245 2302; x_wconf 70' lang='lat' dir='ltr'><strong>(t</strong></span> <span class='ocrx_word' id='word_1_169' title='bbox 265 2245 431 2303; x_wconf 84' lang='lat' dir='ltr'><strong>tunc</strong></span> <span class='ocrx_word' id='word_1_170' title='bbox 459 2240 634 2303; x_wconf 86' lang='lat' dir='ltr'><strong>enim</strong></span> <span class='ocrx_word' id='word_1_171' title='bbox 665 2236 922 2325; x_wconf 89' lang='lat' dir='ltr'><strong>publice</strong></span> <span class='ocrx_word' id='word_1_172' title='bbox 950 2237 1139 2322; x_wconf 90' lang='lat' dir='ltr'><strong>argui</strong></span> <span class='ocrx_word' id='word_1_173' title='bbox 1170 2235 1430 2312; x_wconf 89' lang='lat' dir='ltr'><strong>debent,</strong></span> <span class='ocrx_word' id='word_1_174' title='bbox 1463 2232 1717 2300; x_wconf 88' lang='lat' dir='ltr'><strong>etiamsi</strong></span> <span class='ocrx_word' id='word_1_175' title='bbox 1749 2234 1931 2300; x_wconf 91' lang='lat' dir='ltr'><strong>nulla</strong></span> <span class='ocrx_word' id='word_1_176' title='bbox 1959 2244 2249 2324; x_wconf 84' lang='lat' dir='ltr'><strong>speretur</strong></span> <span class='ocrx_word' id='word_1_177' title='bbox 2275 2259 2499 2305; x_wconf 90' lang='lat' dir='ltr'><strong>emen-</strong></span> 
     </span>
    </p>
   </div>
   <div class='ocr_carea' id='block_1_4' title="bbox 206 2338 2508 4553">
    <p class='ocr_par' dir='ltr' id='par_1_4' title="bbox 206 2338 2508 4553">
     <span class='ocr_line' id='line_1_19' title="bbox 213 2338 1372 2431; baseline -0.001 -24"><span class='ocrx_word' id='word_1_178' title='bbox 213 2342 470 2411; x_wconf 89' lang='lat' dir='ltr'><strong>«datio.</strong></span> <span class='ocrx_word' id='word_1_179' title='bbox 506 2365 540 2405; x_wconf 85' lang='lat'>»</span> <span class='ocrx_word' id='word_1_180' title='bbox 579 2339 835 2431; x_wconf 89' lang='lat' dir='ltr'><strong>(Punct.</strong></span> <span class='ocrx_word' id='word_1_181' title='bbox 867 2344 946 2425; x_wconf 69' lang='lat'><strong>7,</strong></span> <span class='ocrx_word' id='word_1_182' title='bbox 971 2363 1039 2406; x_wconf 89' lang='lat' dir='ltr'><strong>n.</strong></span> <span class='ocrx_word' id='word_1_183' title='bbox 1071 2340 1113 2405; x_wconf 82' lang='lat'>9</span> <span class='ocrx_word' id='word_1_184' title='bbox 1139 2347 1202 2406; x_wconf 91' lang='lat' dir='ltr'><strong>et</strong></span> <span class='ocrx_word' id='word_1_185' title='bbox 1235 2338 1372 2429; x_wconf 80' lang='lat'><strong>10.)</strong></span> 
     </span>
     <span class='ocr_line' id='line_1_20' title="bbox 282 2443 2496 2538; baseline 0 -19"><span class='ocrx_word' id='word_1_186' title='bbox 282 2446 631 2519; x_wconf 85' lang='lat' dir='ltr'><strong>Cornelius</strong></span> <span class='ocrx_word' id='word_1_187' title='bbox 669 2470 705 2514; x_wconf 87' lang='lat' dir='ltr'><strong>a</strong></span> <span class='ocrx_word' id='word_1_188' title='bbox 734 2446 974 2538; x_wconf 89' lang='lat' dir='ltr'><strong>Lapide</strong></span> <span class='ocrx_word' id='word_1_189' title='bbox 1001 2445 1096 2537; x_wconf 83' lang='lat' dir='ltr'><strong>(in.</strong></span> <span class='ocrx_word' id='word_1_190' title='bbox 1123 2444 1476 2537; x_wconf 87' lang='lat' dir='ltr'><strong>Epistolam</strong></span> <span class='ocrx_word' id='word_1_191' title='bbox 1510 2444 1588 2513; x_wconf 86' lang='lat' dir='ltr'><strong>ad</strong></span> <span class='ocrx_word' id='word_1_192' title='bbox 1619 2443 1897 2533; x_wconf 80' lang='lat' dir='ltr'><strong>GalataS,</strong></span> <span class='ocrx_word' id='word_1_193' title='bbox 1931 2445 2002 2512; x_wconf 90' lang='lat' dir='ltr'><strong>in</strong></span> <span class='ocrx_word' id='word_1_194' title='bbox 2031 2467 2199 2517; x_wconf 84' lang='lat' dir='ltr'><strong>vers.</strong></span> <span class='ocrx_word' id='word_1_195' title='bbox 2242 2449 2348 2532; x_wconf 88' lang='lat'><strong>11,</strong></span> <span class='ocrx_word' id='word_1_196' title='bbox 2389 2470 2496 2519; x_wconf 91' lang='lat' dir='ltr'><strong>ca-</strong></span> 
     </span>
     <span class='ocr_line' id='line_1_21' title="bbox 206 2551 2496 2647; baseline 0 -24"><span class='ocrx_word' id='word_1_197' title='bbox 206 2557 356 2646; x_wconf 91' lang='lat' dir='ltr'><strong>pitis</strong></span> <span class='ocrx_word' id='word_1_198' title='bbox 398 2554 500 2647; x_wconf 74' lang='lat'><strong>2):</strong></span> <span class='ocrx_word' id='word_1_199' title='bbox 561 2580 594 2619; x_wconf 89' lang='lat'>«</span> <span class='ocrx_word' id='word_1_200' title='bbox 633 2553 860 2621; x_wconf 87' lang='lat' dir='ltr'><strong>Dices:</strong></span> <span class='ocrx_word' id='word_1_201' title='bbox 909 2553 1081 2641; x_wconf 90' lang='lat' dir='ltr'><strong>Ergo</strong></span> <span class='ocrx_word' id='word_1_202' title='bbox 1113 2551 1352 2619; x_wconf 87' lang='lat' dir='ltr'><strong>Paulus</strong></span> <span class='ocrx_word' id='word_1_203' title='bbox 1392 2559 1611 2636; x_wconf 84' lang='lat' dir='ltr'><strong>utpote</strong></span> <span class='ocrx_word' id='word_1_204' title='bbox 1659 2552 2016 2641; x_wconf 89' lang='lat' dir='ltr'><strong>corripiens</strong></span> <span class='ocrx_word' id='word_1_205' title='bbox 2060 2574 2135 2619; x_wconf 92' lang='lat' dir='ltr'><strong>ac</strong></span> <span class='ocrx_word' id='word_1_206' title='bbox 2164 2556 2496 2645; x_wconf 85' lang='lat' dir='ltr'><strong>corrigens</strong></span> 
     </span>
     <span class='ocr_line' id='line_1_22' title="bbox 213 2658 2497 2750; baseline 0.002 -25"><span class='ocrx_word' id='word_1_207' title='bbox 213 2663 561 2745; x_wconf 88' lang='lat' dir='ltr'><strong>«Petrum,</strong></span> <span class='ocrx_word' id='word_1_208' title='bbox 594 2660 779 2729; x_wconf 90' lang='lat' dir='ltr'><strong>Petro</strong></span> <span class='ocrx_word' id='word_1_209' title='bbox 804 2660 1177 2728; x_wconf 90' lang='lat' dir='ltr'><strong>auctoritate</strong></span> <span class='ocrx_word' id='word_1_210' title='bbox 1210 2680 1327 2749; x_wconf 88' lang='lat' dir='ltr'><strong>par</strong></span> <span class='ocrx_word' id='word_1_211' title='bbox 1355 2659 1482 2726; x_wconf 90' lang='lat' dir='ltr'><strong>fuit</strong></span> <span class='ocrx_word' id='word_1_212' title='bbox 1507 2658 1606 2726; x_wconf 83' lang='lat' dir='ltr'><strong>vel</strong></span> <span class='ocrx_word' id='word_1_213' title='bbox 1636 2659 1955 2748; x_wconf 87' lang='lat' dir='ltr'><strong>superior,</strong></span> <span class='ocrx_word' id='word_1_214' title='bbox 1988 2679 2062 2725; x_wconf 92' lang='lat' dir='ltr'><strong>ac</strong></span> <span class='ocrx_word' id='word_1_215' title='bbox 2092 2681 2497 2750; x_wconf 85' lang='lat' dir='ltr'><strong>consequen-</strong></span> 
     </span>
     <span class='ocr_line' id='line_1_23' title="bbox 214 2765 2493 2858; baseline -0.001 -22"><span class='ocrx_word' id='word_1_216' title='bbox 214 2796 251 2835; x_wconf 71' lang='lat'>«</span> <span class='ocrx_word' id='word_1_217' title='bbox 272 2775 369 2835; x_wconf 87' lang='lat' dir='ltr'><strong>ter</strong></span> <span class='ocrx_word' id='word_1_218' title='bbox 410 2770 641 2836; x_wconf 89' lang='lat' dir='ltr'><strong>Petrus</strong></span> <span class='ocrx_word' id='word_1_219' title='bbox 676 2768 860 2836; x_wconf 91' lang='lat' dir='ltr'><strong>Pauli</strong></span> <span class='ocrx_word' id='word_1_220' title='bbox 903 2775 965 2836; x_wconf 89' lang='lat' dir='ltr'><strong>et</strong></span> <span class='ocrx_word' id='word_1_221' title='bbox 1006 2766 1447 2858; x_wconf 82' lang='lat' dir='ltr'><strong>apostolorum</strong></span> <span class='ocrx_word' id='word_1_222' title='bbox 1489 2774 1684 2855; x_wconf 83' lang='lat' dir='ltr'><strong>caput</strong></span> <span class='ocrx_word' id='word_1_223' title='bbox 1723 2770 1785 2832; x_wconf 90' lang='lat' dir='ltr'><strong>et</strong></span> <span class='ocrx_word' id='word_1_224' title='bbox 1827 2766 2134 2855; x_wconf 89' lang='lat' dir='ltr'><strong>princeps</strong></span> <span class='ocrx_word' id='word_1_225' title='bbox 2172 2786 2308 2832; x_wconf 91' lang='lat' dir='ltr'><strong>non</strong></span> <span class='ocrx_word' id='word_1_226' title='bbox 2346 2765 2493 2833; x_wconf 82' lang='lat' dir='ltr'><strong>ruit.</strong></span> 
     </span>
     <span class='ocr_line' id='line_1_24' title="bbox 223 2870 2500 2962; baseline -0 -23"><span class='ocrx_word' id='word_1_227' title='bbox 223 2898 259 2939; x_wconf 71' lang='grc' dir='ltr'><strong>ι(</strong></span> <span class='ocrx_word' id='word_1_228' title='bbox 281 2873 682 2962; x_wconf 81' lang='lat' dir='ltr'><strong>RespondeO,</strong></span> <span class='ocrx_word' id='word_1_229' title='bbox 710 2894 873 2959; x_wconf 92' lang='lat' dir='ltr'><strong>nego</strong></span> <span class='ocrx_word' id='word_1_230' title='bbox 901 2872 1462 2959; x_wconf 81' lang='lat' dir='ltr'><strong>consequentiam:</strong></span> <span class='ocrx_word' id='word_1_231' title='bbox 1498 2870 1667 2937; x_wconf 84' lang='lat' dir='ltr'><strong>Nam</strong></span> <span class='ocrx_word' id='word_1_232' title='bbox 1695 2870 1776 2936; x_wconf 91' lang='lat' dir='ltr'><strong>ab</strong></span> <span class='ocrx_word' id='word_1_233' title='bbox 1805 2870 2229 2937; x_wconf 77' lang='lat' dir='ltr'><strong>inferioribus</strong></span> <span class='ocrx_word' id='word_1_234' title='bbox 2260 2870 2500 2959; x_wconf 90' lang='lat' dir='ltr'><strong>corrigi</strong></span> 
     </span>
     <span class='ocr_line' id='line_1_25' title="bbox 216 2976 2501 3070; baseline 0 -24"><span class='ocrx_word' id='word_1_235' title='bbox 216 3005 252 3045; x_wconf 89' lang='lat'>«</span> <span class='ocrx_word' id='word_1_236' title='bbox 276 2999 467 3070; x_wconf 91' lang='lat' dir='ltr'><strong>posse</strong></span> <span class='ocrx_word' id='word_1_237' title='bbox 495 2977 853 3066; x_wconf 88' lang='lat' dir='ltr'><strong>superiores</strong></span> <span class='ocrx_word' id='word_1_238' title='bbox 877 2998 1031 3042; x_wconf 91' lang='lat' dir='ltr'><strong>cum</strong></span> <span class='ocrx_word' id='word_1_239' title='bbox 1052 2976 1296 3042; x_wconf 86' lang='lat' dir='ltr'><strong>humili</strong></span> <span class='ocrx_word' id='word_1_240' title='bbox 1323 2976 1629 3042; x_wconf 81' lang='lat' dir='ltr'><strong>charitate</strong></span> <span class='ocrx_word' id='word_1_241' title='bbox 1654 2998 1770 3066; x_wconf 91' lang='lat' dir='ltr'><strong>pro</strong></span> <span class='ocrx_word' id='word_1_242' title='bbox 1794 2980 2057 3044; x_wconf 80' lang='lat' dir='ltr'><strong>veritate</strong></span> <span class='ocrx_word' id='word_1_243' title='bbox 2080 2977 2319 3044; x_wconf 91' lang='lat' dir='ltr'><strong>tuenda</strong></span> <span class='ocrx_word' id='word_1_244' title='bbox 2345 2976 2501 3046; x_wconf 89' lang='lat' dir='ltr'><strong>hinc</strong></span> 
     </span>
     <span class='ocr_line' id='line_1_26' title="bbox 220 3078 2501 3170; baseline 0 -21"><span class='ocrx_word' id='word_1_245' title='bbox 220 3085 462 3168; x_wconf 75' lang='lat' dir='ltr'><strong>«docet</strong></span> <span class='ocrx_word' id='word_1_246' title='bbox 500 3081 912 3170; x_wconf 85' lang='lat' dir='ltr'><strong>Augustinus</strong></span> <span class='ocrx_word' id='word_1_247' title='bbox 959 3080 1167 3170; x_wconf 88' lang='lat' dir='ltr'><strong>(epist.</strong></span> <span class='ocrx_word' id='word_1_248' title='bbox 1221 3080 1354 3168; x_wconf 83' lang='grc'><strong>19),</strong></span> <span class='ocrx_word' id='word_1_249' title='bbox 1400 3078 1792 3168; x_wconf 71' lang='lat' dir='ltr'><strong>CyprianuS‚</strong></span> <span class='ocrx_word' id='word_1_250' title='bbox 1829 3088 2086 3150; x_wconf 88' lang='lat' dir='ltr'><strong>sanctus</strong></span> <span class='ocrx_word' id='word_1_251' title='bbox 2120 3081 2402 3149; x_wconf 85' lang='lat' dir='ltr'><strong>Thomas</strong></span> <span class='ocrx_word' id='word_1_252' title='bbox 2439 3089 2501 3150; x_wconf 89' lang='lat' dir='ltr'><strong>et</strong></span> 
     </span>
     <span class='ocr_line' id='line_1_27' title="bbox 220 3185 2501 3277; baseline 0 -21"><span class='ocrx_word' id='word_1_253' title='bbox 220 3191 413 3272; x_wconf 77' lang='lat' dir='ltr'><strong>«alii,</strong></span> <span class='ocrx_word' id='word_1_254' title='bbox 464 3191 578 3277; x_wconf 91' lang='lat' dir='ltr'><strong>qui</strong></span> <span class='ocrx_word' id='word_1_255' title='bbox 627 3188 798 3255; x_wconf 88' lang='lat' dir='ltr'><strong>clare</strong></span> <span class='ocrx_word' id='word_1_256' title='bbox 845 3187 1078 3255; x_wconf 91' lang='lat' dir='ltr'><strong>docent</strong></span> <span class='ocrx_word' id='word_1_257' title='bbox 1115 3185 1378 3253; x_wconf 90' lang='lat' dir='ltr'><strong>Petrum</strong></span> <span class='ocrx_word' id='word_1_258' title='bbox 1425 3187 1828 3276; x_wconf 86' lang='lat' dir='ltr'><strong>superiorem</strong></span> <span class='ocrx_word' id='word_1_259' title='bbox 1873 3209 1910 3255; x_wconf 90' lang='lat' dir='ltr'><strong>a</strong></span> <span class='ocrx_word' id='word_1_260' title='bbox 1952 3187 2154 3256; x_wconf 86' lang='lat' dir='ltr'><strong>Paulo</strong></span> <span class='ocrx_word' id='word_1_261' title='bbox 2199 3188 2501 3257; x_wconf 83' lang='lat' dir='ltr'><strong>inferiore</strong></span> 
     </span>
     <span class='ocr_line' id='line_1_28' title="bbox 219 3290 2494 3389; baseline 0.004 -30"><span class='ocrx_word' id='word_1_262' title='bbox 219 3302 645 3386; x_wconf 89' lang='lat' dir='ltr'><strong>«correptum</strong></span> <span class='ocrx_word' id='word_1_263' title='bbox 683 3315 841 3361; x_wconf 89' lang='lat' dir='ltr'><strong>esse.</strong></span> <span class='ocrx_word' id='word_1_264' title='bbox 893 3292 1083 3361; x_wconf 91' lang='lat' dir='ltr'><strong>Unde</strong></span> <span class='ocrx_word' id='word_1_265' title='bbox 1123 3300 1269 3382; x_wconf 86' lang='lat' dir='ltr'><strong>apte</strong></span> <span class='ocrx_word' id='word_1_266' title='bbox 1313 3290 1670 3379; x_wconf 86' lang='lat' dir='ltr'><strong>Gregorius</strong></span> <span class='ocrx_word' id='word_1_267' title='bbox 1721 3292 1929 3382; x_wconf 87' lang='lat' dir='ltr'><strong>(hom.</strong></span> <span class='ocrx_word' id='word_1_268' title='bbox 1982 3293 2062 3359; x_wconf 85' lang='lat'><strong>18</strong></span> <span class='ocrx_word' id='word_1_269' title='bbox 2095 3296 2165 3361; x_wconf 92' lang='lat' dir='ltr'><strong>in</strong></span> <span class='ocrx_word' id='word_1_270' title='bbox 2196 3294 2494 3389; x_wconf 88' lang='lat' dir='ltr'><strong>Ezech.):</strong></span> 
     </span>
     <span class='ocr_line' id='line_1_29' title="bbox 221 3399 2496 3492; baseline 0.001 -23"><span class='ocrx_word' id='word_1_271' title='bbox 221 3430 253 3469; x_wconf 74' lang='grc' dir='ltr'>α</span> <span class='ocrx_word' id='word_1_272' title='bbox 280 3403 517 3473; x_wconf 80' lang='lat' dir='ltr'><strong>Tacuit</strong></span> <span class='ocrx_word' id='word_1_273' title='bbox 553 3406 815 3484; x_wconf 83' lang='lat' dir='ltr'><strong>Petrus,</strong></span> <span class='ocrx_word' id='word_1_274' title='bbox 845 3413 926 3468; x_wconf 84' lang='lat' dir='ltr'><strong>ut</strong></span> <span class='ocrx_word' id='word_1_275' title='bbox 961 3400 1083 3492; x_wconf 82' lang='lat' dir='ltr'><strong>qui</strong></span> <span class='ocrx_word' id='word_1_276' title='bbox 1106 3400 1379 3491; x_wconf 79' lang='lat' dir='ltr'><strong>primus</strong></span> <span class='ocrx_word' id='word_1_277' title='bbox 1416 3411 1564 3467; x_wconf 86' lang='lat' dir='ltr'><strong>erat</strong></span> <span class='ocrx_word' id='word_1_278' title='bbox 1606 3399 1681 3466; x_wconf 83' lang='lat' dir='ltr'><strong>in</strong></span> <span class='ocrx_word' id='word_1_279' title='bbox 1720 3400 2137 3489; x_wconf 83' lang='lat' dir='ltr'><strong>apostolatus</strong></span> <span class='ocrx_word' id='word_1_280' title='bbox 2177 3403 2496 3491; x_wconf 81' lang='lat' dir='ltr'><strong>culmine,</strong></span> 
     </span>
     <span class='ocr_line' id='line_1_30' title="bbox 224 3506 2496 3601; baseline -0 -26"><span class='ocrx_word' id='word_1_281' title='bbox 224 3512 537 3601; x_wconf 81' lang='lat' dir='ltr'><strong>«primus</strong></span> <span class='ocrx_word' id='word_1_282' title='bbox 557 3520 718 3576; x_wconf 83' lang='lat' dir='ltr'><strong>esset</strong></span> <span class='ocrx_word' id='word_1_283' title='bbox 741 3508 812 3575; x_wconf 81' lang='lat' dir='ltr'><strong>in</strong></span> <span class='ocrx_word' id='word_1_284' title='bbox 834 3507 1245 3574; x_wconf 77' lang='lat' dir='ltr'><strong>humilitate.</strong></span> <span class='ocrx_word' id='word_1_285' title='bbox 1275 3506 1356 3573; x_wconf 93' lang='lat' dir='ltr'><strong>Et</strong></span> <span class='ocrx_word' id='word_1_286' title='bbox 1375 3506 1783 3596; x_wconf 85' lang='lat' dir='ltr'><strong>Augustinus</strong></span> <span class='ocrx_word' id='word_1_287' title='bbox 1805 3506 2010 3599; x_wconf 90' lang='lat' dir='ltr'><strong>(epist.</strong></span> <span class='ocrx_word' id='word_1_288' title='bbox 2042 3508 2123 3574; x_wconf 88' lang='grc'><strong>19</strong></span> <span class='ocrx_word' id='word_1_289' title='bbox 2147 3507 2226 3574; x_wconf 87' lang='lat' dir='ltr'><strong>ad</strong></span> <span class='ocrx_word' id='word_1_290' title='bbox 2255 3507 2496 3596; x_wconf 85' lang='lat' dir='ltr'><strong>Hier.):</strong></span> 
     </span>
     <span class='ocr_line' id='line_1_31' title="bbox 227 3610 2503 3703; baseline -0.003 -22"><span class='ocrx_word' id='word_1_291' title='bbox 227 3616 556 3697; x_wconf 75' lang='lat' dir='ltr'><strong>«Rarius,</strong></span> <span class='ocrx_word' id='word_1_292' title='bbox 596 3614 708 3699; x_wconf 88' lang='lat' dir='ltr'><strong>ait,</strong></span> <span class='ocrx_word' id='word_1_293' title='bbox 744 3625 807 3679; x_wconf 89' lang='lat' dir='ltr'><strong>et</strong></span> <span class='ocrx_word' id='word_1_294' title='bbox 842 3613 1138 3680; x_wconf 80' lang='lat' dir='ltr'><strong>sanctius</strong></span> <span class='ocrx_word' id='word_1_295' title='bbox 1164 3611 1547 3702; x_wconf 76' lang='lat' dir='ltr'><strong>exemplum</strong></span> <span class='ocrx_word' id='word_1_296' title='bbox 1590 3616 1828 3680; x_wconf 84' lang='lat' dir='ltr'><strong>Petrus</strong></span> <span class='ocrx_word' id='word_1_297' title='bbox 1853 3614 2144 3703; x_wconf 81' lang='lat' dir='ltr'><strong>posteris</strong></span> <span class='ocrx_word' id='word_1_298' title='bbox 2182 3610 2503 3703; x_wconf 77' lang='lat' dir='ltr'><strong>praebuit,</strong></span> 
     </span>
     <span class='ocr_line' id='line_1_32' title="bbox 230 3714 2505 3812; baseline -0.003 -26"><span class='ocrx_word' id='word_1_299' title='bbox 230 3747 262 3786; x_wconf 69' lang='grc' dir='ltr'><strong>(ι</strong></span> <span class='ocrx_word' id='word_1_300' title='bbox 284 3746 413 3812; x_wconf 85' lang='lat' dir='ltr'><strong>quo</strong></span> <span class='ocrx_word' id='word_1_301' title='bbox 441 3744 576 3790; x_wconf 80' lang='lat' dir='ltr'><strong>non</strong></span> <span class='ocrx_word' id='word_1_302' title='bbox 603 3719 1132 3810; x_wconf 76' lang='lat' dir='ltr'><strong>dediqnarentur</strong></span> <span class='ocrx_word' id='word_1_303' title='bbox 1150 3744 1193 3787; x_wconf 89' lang='lat' dir='ltr'><strong>a</strong></span> <span class='ocrx_word' id='word_1_304' title='bbox 1210 3716 1692 3807; x_wconf 79' lang='lat' dir='ltr'><strong>posterioribus</strong></span> <span class='ocrx_word' id='word_1_305' title='bbox 1713 3719 1984 3808; x_wconf 77' lang='lat' dir='ltr'><strong>corriqi,</strong></span> <span class='ocrx_word' id='word_1_306' title='bbox 2016 3741 2218 3808; x_wconf 82' lang='lat' dir='ltr'><strong>quam</strong></span> <span class='ocrx_word' id='word_1_307' title='bbox 2248 3714 2505 3784; x_wconf 84' lang='lat' dir='ltr'><strong>Paulus</strong></span> 
     </span>
     <span class='ocr_line' id='line_1_33' title="bbox 232 3817 2505 3919; baseline -0.003 -28"><span class='ocrx_word' id='word_1_308' title='bbox 232 3852 264 3891; x_wconf 69' lang='grc' dir='ltr'><strong>(ι</strong></span> <span class='ocrx_word' id='word_1_309' title='bbox 282 3852 411 3919; x_wconf 84' lang='lat' dir='ltr'><strong>quo</strong></span> <span class='ocrx_word' id='word_1_310' title='bbox 455 3825 857 3918; x_wconf 81' lang='lat' dir='ltr'><strong>confidenter</strong></span> <span class='ocrx_word' id='word_1_311' title='bbox 886 3824 1211 3892; x_wconf 81' lang='lat' dir='ltr'><strong>auderent</strong></span> <span class='ocrx_word' id='word_1_312' title='bbox 1241 3823 1521 3890; x_wconf 81' lang='lat' dir='ltr'><strong>minores</strong></span> <span class='ocrx_word' id='word_1_313' title='bbox 1551 3822 1911 3913; x_wconf 83' lang='lat' dir='ltr'><strong>majoribus</strong></span> <span class='ocrx_word' id='word_1_314' title='bbox 1942 3848 2069 3915; x_wconf 82' lang='lat' dir='ltr'><strong>pro</strong></span> <span class='ocrx_word' id='word_1_315' title='bbox 2100 3817 2505 3913; x_wconf 80' lang='lat' dir='ltr'><strong>defendenda</strong></span> 
     </span>
     <span class='ocr_line' id='line_1_34' title="bbox 233 3927 1600 4020; baseline -0.004 -21"><span class='ocrx_word' id='word_1_316' title='bbox 233 3958 263 3999; x_wconf 77' lang='grc' dir='ltr'>α</span> <span class='ocrx_word' id='word_1_317' title='bbox 285 3935 592 4020; x_wconf 84' lang='lat' dir='ltr'><strong>veritate,</strong></span> <span class='ocrx_word' id='word_1_318' title='bbox 617 3932 804 4000; x_wconf 87' lang='lat' dir='ltr'><strong>salva</strong></span> <span class='ocrx_word' id='word_1_319' title='bbox 834 3931 1183 4016; x_wconf 76' lang='lat' dir='ltr'><strong>charitate,</strong></span> <span class='ocrx_word' id='word_1_320' title='bbox 1218 3927 1531 3998; x_wconf 80' lang='lat' dir='ltr'><strong>resistere.</strong></span> <span class='ocrx_word' id='word_1_321' title='bbox 1566 3954 1600 3994; x_wconf 85' lang='lat'>»</span> 
     </span>
     <span class='ocr_line' id='line_1_35' title="bbox 305 4033 2496 4127; baseline -0.002 -19"><span class='ocrx_word' id='word_1_322' title='bbox 305 4040 575 4109; x_wconf 90' lang='lat' dir='ltr'><strong>Tirinus</strong></span> <span class='ocrx_word' id='word_1_323' title='bbox 624 4040 694 4106; x_wconf 93' lang='lat' dir='ltr'><strong>in</strong></span> <span class='ocrx_word' id='word_1_324' title='bbox 744 4038 1154 4124; x_wconf 28' lang='lat' dir='ltr'><strong>versiculum,</strong></span> <span class='ocrx_word' id='word_1_325' title='bbox 1193 4037 1300 4123; x_wconf 86' lang='lat'><strong>11,</strong></span> <span class='ocrx_word' id='word_1_326' title='bbox 1353 4037 1580 4126; x_wconf 91' lang='lat' dir='ltr'><strong>capitis</strong></span> <span class='ocrx_word' id='word_1_327' title='bbox 1635 4037 1676 4105; x_wconf 78' lang='lat'>2</span> <span class='ocrx_word' id='word_1_328' title='bbox 1720 4036 2022 4127; x_wconf 84' lang='lat' dir='ltr'><strong>Epistolae</strong></span> <span class='ocrx_word' id='word_1_329' title='bbox 2067 4035 2147 4102; x_wconf 90' lang='lat' dir='ltr'><strong>ad</strong></span> <span class='ocrx_word' id='word_1_330' title='bbox 2199 4033 2496 4103; x_wconf 86' lang='lat' dir='ltr'><strong>Galatas:</strong></span> 
     </span>
     <span class='ocr_line' id='line_1_36' title="bbox 239 4141 2504 4233; baseline -0 -23"><span class='ocrx_word' id='word_1_331' title='bbox 239 4168 270 4210; x_wconf 73' lang='grc' dir='ltr'><strong>(ι</strong></span> <span class='ocrx_word' id='word_1_332' title='bbox 285 4145 506 4215; x_wconf 89' lang='lat' dir='ltr'><strong>Dices:</strong></span> <span class='ocrx_word' id='word_1_333' title='bbox 533 4145 702 4233; x_wconf 88' lang='lat' dir='ltr'><strong>Ergo</strong></span> <span class='ocrx_word' id='word_1_334' title='bbox 720 4145 946 4213; x_wconf 87' lang='lat' dir='ltr'><strong>Petrus</strong></span> <span class='ocrx_word' id='word_1_335' title='bbox 972 4144 1238 4213; x_wconf 82' lang='lat' dir='ltr'><strong>inferior</strong></span> <span class='ocrx_word' id='word_1_336' title='bbox 1259 4147 1393 4210; x_wconf 89' lang='lat' dir='ltr'><strong>erat</strong></span> <span class='ocrx_word' id='word_1_337' title='bbox 1422 4143 1644 4210; x_wconf 87' lang='lat' dir='ltr'><strong>Paulo.</strong></span> <span class='ocrx_word' id='word_1_338' title='bbox 1668 4141 2069 4229; x_wconf 84' lang='lat' dir='ltr'><strong>RespondeO,</strong></span> <span class='ocrx_word' id='word_1_339' title='bbox 2094 4163 2260 4231; x_wconf 86' lang='lat' dir='ltr'><strong>nego</strong></span> <span class='ocrx_word' id='word_1_340' title='bbox 2281 4163 2504 4209; x_wconf 88' lang='lat' dir='ltr'><strong>conse-</strong></span> 
     </span>
     <span class='ocr_line' id='line_1_37' title="bbox 239 4245 2508 4340; baseline -0.002 -26"><span class='ocrx_word' id='word_1_341' title='bbox 239 4273 271 4314; x_wconf 78' lang='lat'>«</span> <span class='ocrx_word' id='word_1_342' title='bbox 288 4252 646 4340; x_wconf 89' lang='lat' dir='ltr'><strong>quentiam.</strong></span> <span class='ocrx_word' id='word_1_343' title='bbox 702 4249 869 4331; x_wconf 84' lang='lat' dir='ltr'><strong>Quia</strong></span> <span class='ocrx_word' id='word_1_344' title='bbox 905 4249 1144 4318; x_wconf 89' lang='lat' dir='ltr'><strong>Paulus</strong></span> <span class='ocrx_word' id='word_1_345' title='bbox 1171 4248 1585 4339; x_wconf 88' lang='lat' dir='ltr'><strong>reprehendit</strong></span> <span class='ocrx_word' id='word_1_346' title='bbox 1611 4245 1873 4311; x_wconf 88' lang='lat' dir='ltr'><strong>Petrum</strong></span> <span class='ocrx_word' id='word_1_347' title='bbox 1899 4268 2026 4314; x_wconf 93' lang='lat' dir='ltr'><strong>non</strong></span> <span class='ocrx_word' id='word_1_348' title='bbox 2062 4254 2369 4338; x_wconf 89' lang='lat' dir='ltr'><strong>tanquam</strong></span> <span class='ocrx_word' id='word_1_349' title='bbox 2397 4265 2508 4310; x_wconf 90' lang='lat' dir='ltr'><strong>su-</strong></span> 
     </span>
     <span class='ocr_line' id='line_1_38' title="bbox 241 4351 2496 4448; baseline -0.006 -25"><span class='ocrx_word' id='word_1_350' title='bbox 241 4359 525 4448; x_wconf 77' lang='lat' dir='ltr'><strong>«perior,</strong></span> <span class='ocrx_word' id='word_1_351' title='bbox 566 4359 669 4425; x_wconf 87' lang='lat' dir='ltr'><strong>vel</strong></span> <span class='ocrx_word' id='word_1_352' title='bbox 710 4380 784 4424; x_wconf 86' lang='lat' dir='ltr'><strong>ex</strong></span> <span class='ocrx_word' id='word_1_353' title='bbox 826 4358 1226 4438; x_wconf 85' lang='lat' dir='ltr'><strong>auctoritate,</strong></span> <span class='ocrx_word' id='word_1_354' title='bbox 1276 4353 1385 4419; x_wconf 90' lang='lat' dir='ltr'><strong>sed</strong></span> <span class='ocrx_word' id='word_1_355' title='bbox 1446 4351 1658 4418; x_wconf 90' lang='lat' dir='ltr'><strong>solum</strong></span> <span class='ocrx_word' id='word_1_356' title='bbox 1706 4373 1780 4418; x_wconf 87' lang='lat' dir='ltr'><strong>ex</strong></span> <span class='ocrx_word' id='word_1_357' title='bbox 1832 4353 2140 4422; x_wconf 88' lang='lat' dir='ltr'><strong>charitate</strong></span> <span class='ocrx_word' id='word_1_358' title='bbox 2191 4362 2496 4436; x_wconf 87' lang='lat' dir='ltr'><strong>tanquam</strong></span> 
     </span>
     <span class='ocr_line' id='line_1_39' title="bbox 240 4457 2496 4553; baseline -0.008 -23"><span class='ocrx_word' id='word_1_359' title='bbox 240 4485 272 4525; x_wconf 70' lang='grc' dir='ltr'><strong>ι(</strong></span> <span class='ocrx_word' id='word_1_360' title='bbox 293 4462 583 4552; x_wconf 78' lang='lat' dir='ltr'><strong>inferior,</strong></span> <span class='ocrx_word' id='word_1_361' title='bbox 619 4466 772 4553; x_wconf 87' lang='lat' dir='ltr'><strong>quia</strong></span> <span class='ocrx_word' id='word_1_362' title='bbox 803 4463 1051 4530; x_wconf 88' lang='lat' dir='ltr'><strong>bonum</strong></span> <span class='ocrx_word' id='word_1_363' title='bbox 1083 4457 1424 4549; x_wconf 89' lang='lat' dir='ltr'><strong>publicum</strong></span> <span class='ocrx_word' id='word_1_364' title='bbox 1454 4457 1546 4522; x_wconf 88' lang='lat' dir='ltr'><strong>sic</strong></span> <span class='ocrx_word' id='word_1_365' title='bbox 1578 4457 1955 4545; x_wconf 79' lang='lat' dir='ltr'><strong>postulabat.</strong></span> <span class='ocrx_word' id='word_1_366' title='bbox 1980 4461 2120 4527; x_wconf 83' lang='lat' dir='ltr'><strong>Tali</strong></span> <span class='ocrx_word' id='word_1_367' title='bbox 2143 4457 2315 4523; x_wconf 87' lang='lat' dir='ltr'><strong>enim</strong></span> <span class='ocrx_word' id='word_1_368' title='bbox 2349 4469 2496 4516; x_wconf 88' lang='lat' dir='ltr'><strong>casu</strong></span> 
     </span>
    </p>
   </div>
  </div>
 </body>
</html>
