2930 4982
1179 350 1259 398 ns
1305 350 1637 400 emrous.
2184 320 2197 335 “
2431 346 2555 400 447

274 495 308 534 «
336 489 564 538 curam
605 473 935 558 gererent3
990 465 1094 535 his
1147 467 1318 536 inter
1345 474 1606 536 caeteras
1659 469 1913 559 legibus
1961 470 2353 556 constitutis,
2384 473 2560 561 quod

272 601 308 641 «
317 588 576 669 proeter
589 597 785 643 usum
789 584 1320 665 perpetuumque
1332 575 1629 664 reqimen
1648 587 1713 642 et
1730 576 2166 646 ministerium
2180 577 2563 648 eorumdem

273 705 310 745 «
336 679 679 749 semitarii
695 690 759 748 et
774 678 1084 761 ecclesiae,
1107 678 1181 747 in
1197 680 1509 748 omnibus
1523 692 1586 748 et
1594 704 1726 773 per
1748 684 1978 751 omnia
1996 684 2186 752 salva
2207 696 2559 753 remaneat

276 812 311 851 «
336 786 409 854 in
424 785 697 876 reliquis
701 783 1086 875 jurisdictio
1106 783 1478 869 Ordinarii‚
1508 785 1864 854 exercenda
1885 785 2109 877 quoad
2122 788 2560 859 seminarium

274 891 536 982 «juxta
562 912 876 958 normam
899 889 1076 956 sacri
1105 889 1376 958 concilii
1410 889 1785 959 Tridentini
1811 903 1876 959 et
1911 894 2141 960 Sacroe
2178 894 2557 983 Conqreqa·

275 1024 308 1063 «
339 994 542 1065 tionis
568 992 865 1088 ejusdem
888 994 1265 1085 interpretis
1290 994 1574 1065 decreta.
1602 996 1942 1086 SecundO,
1958 996 2229 1088 quodem
2244 997 2558 1068 reditibus

274 1103 682 1171 «seminarii
709 1101 843 1192 ipsi
876 1101 1113 1169 Patres
1144 1101 1453 1170 alantur.
1497 1106 1676 1171 Unus
1708 1114 1932 1171 tamen
1966 1116 2031 1171 et
2060 1102 2235 1171 idem
2261 1104 2350 1172 sit
2386 1104 2560 1173 cibus

272 1236 309 1275 «
341 1222 407 1278 et
410 1222 649 1301 potus,
672 1220 736 1278 et
752 1209 950 1276 unica
968 1231 1219 1292 mensa,
1237 1220 1382 1276 tam
1392 1208 1537 1277 illis
1552 1209 2320 1302 etconvictoribusquam
2338 1210 2564 1279 alum·

270 1343 307 1381 «
341 1316 469 1383 nis.
530 1315 766 1398 Tertio,
836 1313 1122 1403 sinqulis
1165 1314 1685 1405 quibuscumque
1719 1316 2077 1399 mensibus,
2134 1315 2229 1384 ad
2267 1317 2567 1385 instituti

273 1420 679 1489 «seminarii
721 1419 1049 1511 optimam
1093 1422 1654 1489 conservationem
1686 1435 1750 1489 et
1790 1421 2440 1490 administrationem
2468 1444 2563 1490 se-

268 1553 306 1593 «
337 1528 474 1595 mel
507 1527 746 1595 saltem
791 1548 1019 1594 coram
1074 1525 1433 1595 Ordinario
1486 1529 1919 1619 conqreqatio
1962 1527 2316 1611 habeatur,
2377 1528 2563 1617 eique

269 1659 306 1698 «
334 1632 641 1702 intersint
660 1628 970 1702 canonici
984 1631 1080 1700 ad
1098 1631 1171 1700 id
1185 1655 1269 1700 cx
1297 1656 1547 1701 norma
1564 1636 1741 1702 sacri
1765 1634 2034 1702 concilii
2056 1632 2434 1701 Tridentini
2455 1632 2564 1702 de·

275 1766 308 1805 «
331 1739 590 1831 putati,
616 1750 680 1807 et
711 1739 792 1807 P.
822 1749 1037 1807 rector
1048 1760 1177 1828 pro
1206 1750 1523 1830 tempore,
1553 1739 1675 1830 qui
1695 1760 1893 1807 suam·
1922 1738 2003 1806 de
2033 1761 2105 1805 re
2137 1761 2287 1828 quoe
2310 1738 2379 1805 in
2404 1760 2559 1805 con-

212 1865 214 1867 ’
273 1873 308 1912 «
329 1845 768 1914 saltationem
808 1842 991 1912 cadit
1017 1846 1414 1912 sententiam
1453 1848 1813 1936 proferat;
1851 1858 1930 1913 ut
1968 1844 2120 1913 inde
2153 1866 2302 1934 quoe
2331 1865 2558 1911 coram

274 1979 307 2018 «
338 1956 473 2021 Deo
503 1953 782 2044 potiora
822 1964 886 2019 et
903 1952 1395 2043 praestantiora
1442 1973 1574 2018 esse
1618 1951 2102 2019 existimaverit
2158 1949 2562 2017 Ordinarius

271 2085 306 2124 «
339 2060 478 2150 ipse
523 2058 858 2127 deliberet.
899 2060 1177 2140 Quart0‚
1230 2055 1325 2124 ad
1365 2057 1804 2124 seminarium
1848 2066 1912 2123 et
1951 2055 2290 2125 ecclesiam
2317 2066 2563 2145 spectet

274 2190 310 2228 «
338 2164 670 2255 quidquid
687 2186 920 2232 eorum·
942 2162 1290 2254 respective
1324 2162 1890 2252 contemplatione
1924 2162 1993 2228 in
2024 2173 2363 2251 posterum
2396 2182 2561 2251 quo-

275 2294 311 2334 «
342 2267 815 2360 modocumque
819 2269 1228 2360 provenerit.
1278 2270 1635 2351 Caeterum,
1663 2267 1724 2334 si
1744 2266 1909 2356 quid
1931 2266 2226 2357 ipsismet
2245 2265 2564 2333 Patribus

275 2374 740 2442 «nominatim
768 2373 1085 2465 expressis
1121 2395 1202 2441 ex
1240 2371 1624 2453 donatione,
1677 2373 1929 2463 leqato,
1959 2373 2067 2439 vel
2087 2371 2222 2438 alio
2247 2392 2557 2461 quocum-

272 2507 306 2548 «
338 2505 465 2573 que
493 2482 719 2567 titulo,
746 2493 867 2550 aut
886 2476 1381 2573 quomodolibet
1402 2480 1475 2548 in
1498 2480 1818 2571 futurum
1839 2479 2054 2571 fuerit
2088 2477 2425 2559 relictum,
2456 2475 2565 2544 vel

269 2612 306 2652 «
336 2588 541 2657 aliter
566 2588 651 2656 ab
676 2588 819 2656 istis
840 2587 1270 2678 acquisitum,
1294 2587 1368 2655 in
1386 2585 1723 2654 redituum
1750 2585 2100 2654 seminarii
2114 2585 2378 2654 ratione
2400 2582 2562 2651 nul-

272 2718 308 2757 «
338 2693 601 2763 latenus
630 2706 1119 2786 computentur.
1162 2695 1437 2782 Quinto,
1478 2691 1743 2762 demum
1774 2693 2071 2761 rationes
2105 2690 2444 2759 redituum
2473 2711 2560 2757 se·

280 2823 317 2864 «
343 2802 618 2868 minarii
631 2802 1185 2869 eminentissimus
1203 2802 1574 2893 Episcopus
1594 2800 1704 2867 vel
1729 2800 1865 2889 ejus
1887 2797 2179 2865 vicarius
2203 2794 2477 2885 qeneral
2480 2795 2558 2878 is,

278 2905 543 2995 «juxta
573 2909 870 2996 formam
899 2930 943 2974 a
974 2930 1159 2975 sacro
1198 2907 1483 2974 concilio·
1512 2904 1892 2972 Tridentino
1914 2902 2385 2992 praescriptam
2418 2900 2563 2967 sin-

278 3036 312 3074 «
338 3011 521 3103 qulis
567 3012 765 3079 annis
810 3012 1026 3102 exiqet
1072 3035 1120 3079 a
1166 3015 1371 3079 Patre
1395 3077 1398 3080 ,
1426 3022 1675 3079 rectore
1725 3020 1790 3077 et
1839 3007 2005 3076 dicti*
2046 3005 2392 3075 seminarii
2436 3006 2564 3074 mi-

276 3142 310 3183 «
339 3120 594 3187 nistris'.
628 3143 666 3185 ›>

356 3224 471 3294 IV.
505 3225 759 3307 Quanta
804 3230 1023 3294 autem
1055 3245 1222 3293 cumx
1267 3223 1690 3291 ecclesiarum
1720 3221 2023 3305 miiitum,
2066 3220 2420 3309 generatim
2467 3220 2559 3289 lo-

270 3333 555 3424 quendo,
613 3332 905 3410 adhiberi
962 3353 1081 3422 pro
1109 3331 1612 3399 seminariorum
1656 3328 1977 3418 regimine
2021 3327 2264 3418 possint
2300 3328 2555 3397 ordines

270 3441 552 3530 religiosi
583 3445 645 3507 et
671 3439 1223 3528 congregationes,
1257 3442 1319 3504 et
1363 3459 1564 3526 quam
1596 3436 1817 3504 inanes
1856 3458 1932 3503 ac
1976 3434 2262 3503 subdolae
2290 3435 2420 3502 sint
2451 3455 2558 3501 ra-

269 3545 476 3614 tiones
505 3544 745 3634 quibus
785 3545 1120 3634 scriptores
1166 3542 1436 3631 quidam
1469 3565 1503 3608 e
1525 3541 1943 3632 j‘ansenistico
1975 3541 2078 3607 vel
2119 3541 2349 3607 saltem
2372 3537 2559 3604 valde

271 3653 452 3720 affini
492 3657 685 3735 coetu,
731 3656 1046 3719 conantur
1091 3649 1361 3717 suadere
1403 3649 1821 3717 removendas
1851 3647 2247 3737 religionum
2279 3643 2556 3710 famiiias

274 3756 354 3825 ab
410 3755 794 3845 hujusmodi
846 3775 1153 3832 munere,
1200 3753 1385 3820 facite
1429 3753 1689 3843 probari
1746 3758 1955 3843 posset
1985 3803 2003 3837 ‚
2057 3751 2185 3817 nisi
2239 3749 2556 3833 discepta-

275 3862 365 3930 tio
418 3863 561 3931 haec
611 3863 897 3930 nimium
945 3883 1062 3929 nos
1102 3865 1277 3929 extra
1318 3861 1650 3950 praesentis
1687 3866 1991 3928 tractatus
2026 3856 2267 3924 limites
2311 3857 2557 3940 pertra-

273 3969 479 4038 heret.
