2930 4982
1210 331 1292 379 ΒΕ
1333 331 1658 380 cunnus.
2460 324 2581 381 325

299 458 432 520 tum
462 476 479 531 ;
526 472 649 521 nec
705 474 743 520 a
783 452 955 524 dicta
993 452 1138 542 lege
1175 452 1459 542 capitula
1494 472 1628 521 sese
1662 452 1940 522 eximere
1985 457 2100 521 aut
2140 452 2225 521 ab
2265 451 2583 546 Episcopo

300 561 482 628 eximi
509 565 802 650 possunt.

381 664 483 733 lX.
524 666 709 748 Quid
727 665 1123 734 censendum
1145 665 1226 734 de
1250 666 1575 757 Episcopi
1593 663 1873 749 decreto,
1900 688 2027 756 quo
2050 667 2291 735 tollens
2313 689 2581 736 consue-

298 770 592 840 tudinem
617 795 754 841 non
774 771 1100 841 cantandi
1122 772 1403 840 missam
1425 771 1934 840 conventualem
1961 773 2090 840 nisi
2114 772 2334 842 diebus
2360 774 2574 863 festis,

291 879 401 947 sub
442 880 734 947 censuris
764 890 828 947 et
852 879 1011 946 aliis
1023 880 1244 969 poenis
1270 891 1600 947 statueret
1625 877 1882 946 dietam
1912 879 2183 946 missam
2212 902 2255 946 a
2282 878 2578 970 capitulo

290 982 581 1075 quotidie
637 985 961 1052 cantari?
995 1023 1087 1036 —
1131 1011 1165 1048 α
1205 985 1606 1076 Respondeo,
1647 985 1859 1075 quoad
1891 985 2161 1053 missam
2196 990 2396 1052 teneri
2423 1005 2580 1073 quo-

294 1114 325 1151 «
353 1089 512 1155 libet
554 1090 663 1157 die
690 1114 708 1169 ;
753 1089 929 1177 quod
956 1110 1110 1157 vero
1138 1091 1220 1157 ad
1245 1111 1498 1181 poenas,
1529 1111 1666 1159 esse
1693 1089 2140 1158 moderandas.
2169 1088 2253 1157 Et
2280 1090 2369 1157 ita
2392 1090 2580 1157 etiam

294 1221 324 1259 «
363 1197 626 1263 censuit
653 1194 851 1263 Sacra
876 1194 1306 1285 Congregatio
1335 1196 1614 1264 concilii.
1646 1195 1742 1286 (ln
1776 1196 2168 1278 Tusculana,
2205 1194 2288 1261 16
2319 1216 2583 1263 novem-

290 1328 322 1364 «
357 1300 497 1369 bris
531 1301 759 1391 1652.)
785 1302 986 1369 Adest
1010 1303 1189 1369 enim
1217 1303 1289 1370 in
1318 1303 1608 1370 ecclesiis
1634 1302 2113 1371 cathedralibus
2135 1307 2199 1370 et
2226 1301 2581 1391 collegiatis

290 1433 318 1470 «
359 1407 676 1498 obligatio
714 1409 1018 1476 cantandi
1051 1409 1339 1498 quotidie
1369 1411 1662 1495 missam,
1695 1417 1770 1477 ut
1806 1410 1963 1477 alibi
1981 1409 2286 1476 diximus.
2328 1405 2578 1476 Verum

294 1542 325 1578 ι(
351 1536 505 1583 cum
540 1516 683 1583 baec
721 1515 1031 1605 obligatio
1066 1517 1301 1584 habeat
1337 1517 1665 1604 originem
1707 1537 1783 1584 ex
1821 1515 2232 1584 institutione
2261 1514 2578 1595 humana,

292 1622 638 1691 «humano
669 1628 861 1712 atque
891 1622 1049 1691 adeo
1095 1624 1328 1691 morali
1365 1623 1561 1691 modo
1589 1628 1685 1691 est
1712 1623 2115 1715 accipienda,
2157 1626 2220 1689 et
2247 1626 2580 1713 propterea

294 1754 323 1790 «
352 1731 586 1819 poterit
618 1751 865 1797 cessare
897 1752 973 1797 ex
1000 1729 1374 1797 rationabili
1408 1751 1622 1815 causa,
1669 1732 1838 1799 sicut
1875 1736 2127 1799 cessant
2163 1728 2306 1797 aliae
2342 1729 2576 1818 huJus-

292 1861 323 1897 «
352 1836 524 1904 modi
552 1836 1061 1925 obligationes..
1098 1834 1285 1904 Unde
1326 1836 1383 1904 si
1414 1844 1785 1905 occurreret
1810 1837 2204 1905 consecratio
2238 1834 2569 1927 Episcopi,

291 1965 319 2002 «
345 1943 660 2010 adventus
677 1942 1009 2032 ‚principis
1033 1951 1146 2008 aut
1160 1942 1491 2032 Episcopi,
1520 1948 1631 2010 aut
1648 1944 1806 2030 quid
1832 1942 2070 2029 simile,
2097 1941 2359 2029 quando
2381 1941 2574 2008 missa

289 2075 319 2114 ι(
348 2051 797 2118 conventualis
818 2071 955 2117 non
980 2055 1194 2140 posset
1215 2049 1555 2117 commode
1580 2049 1949 2138 anticipari,
1973 2049 2185 2116 omitti
2215 2052 2421 2139 posset
2435 2046 2572 2115 sine

285 2183 322 2220 t(
352 2162 632 2245 peccat0.
665 2155 872 2223 Immo
919 2158 1297 2245 contingere
1325 2160 1531 2246 potest
1562 2154 1736 2243 quod
1772 2154 2098 2221 moraliter
2124 2155 2235 2221 fiat
2266 2153 2572 2243 impossi-

291 2287 323 2324 «
361 2260 540 2344 bilis,
574 2264 931 2351 praesertim
956 2263 1076 2329 ubi
1106 2283 1427 2329 numerus
1455 2260 1952 2327 inservientium
1983 2281 2117 2326 non
2145 2265 2239 2325 est
2266 2279 2566 2345 magnus.

290 2394 323 2430 ι(
352 2365 532 2435 Fieri
576 2367 754 2433 enim
798 2372 1005 2456 potest
1049 2367 1223 2455 quod
1276 2366 1477 2455 aliqui
1522 2366 1963 2446 infirmentur,
2010 2363 2123 2431 alii
2167 2362 2574 2431 detineantur

291 2473 632 2562 «negotiis
663 2472 1062 2554 necessariis,
1108 2478 1301 2562 atque
1332 2473 1491 2543 adeo
1526 2495 1655 2541 non
1689 2471 1852 2542 adsit
1888 2493 2207 2541 numerus
2240 2469 2572 2539 sufficiens

288 2603 318 2642 (ι
345 2603 464 2670 pro
499 2581 878 2671 hujusmodi
908 2581 1261 2649 functione.
1300 2607 1334 2645 »
1379 2579 1775 2671 (Pignatelli,
1798 2581 2075 2649 consult.
2102 2578 2258 2662 391,
2291 2583 2335 2645 t.
2374 2576 2453 2666 Ι.)

363 2685 447 2755 Χ.
482 2686 661 2769 Quid
676 2685 755 2755 de
780 2686 1113 2755 hodiernis
1139 2687 1460 2778 capitulis
1505 2687 1782 2770 Gallice,
1813 2711 1959 2778 quoe
1986 2688 2259 2754 missam
2288 2705 2569 2751 conven-

283 2794 541 2860 tualem
588 2794 876 2882 quotidie
916 2817 1052 2862 non
1104 2806 1410 2882 cantant,
1443 2796 1551 2862 vel
1587 2817 1726 2862 non
1757 2816 1981 2861 omnes
2024 2794 2262 2859 missas
2293 2810 2569 2856 conven-

288 2898 509 2964 tuales
526 2919 654 2986 pro
680 2897 901 2964 eodem
920 2897 1024 2965 die
1047 2922 1090 2965 a
1112 2899 1383 2966 rubrica
1401 2900 1883 2988 praescriptas?

375 3005 438 3071 1.
479 3002 550 3071 Si
581 3004 668 3071 ita
697 3002 1136 3092 frequentetur
1161 3026 1237 3070 ex
1260 3004 1523 3071 obtenta
1541 3028 1578 3070 a
1599 3003 1837 3071 Sancta
1859 3001 2023 3071 Sede
2043 3000 2368 3089 facultate,
2392 3000 2570 3069 nulla

283 3111 657 3198 difficultas,
690 3116 761 3178 ut
788 3115 981 3200 patet.

370 3217 433 3284 2.
481 3215 551 3286 Si
594 3239 669 3284 ex
706 3221 938 3285 statuto
987 3214 1244 3285 Sanctae
1289 3214 1473 3285 Sedis
1514 3215 1890 3306 approbat0,
1940 3216 2122 3283 nulla
2164 3215 2400 3306 pariter
2446 3215 2563 3284 dif-

287 3323 554 3393 ficultas.
589 3323 754 3393 Nam
800 3323 1032 3393 Sancta
1055 3321 1250 3391 Sedes
1279 3324 1401 3391 tale
1435 3329 1749 3392 statutum
1786 3323 2227 3415 approbando,
2268 3324 2390 3392 hoc
2429 3324 2564 3414 ipso

289 3431 380 3498 vel
400 3433 754 3501 declaravit
780 3431 1238 3520 obligationem
1254 3433 1426 3521 juris
1455 3433 1833 3500 communis
1855 3454 1971 3523 pro
1989 3432 2093 3499 tali
2124 3433 2410 3522 capitulo
2430 3453 2561 3500 non

287 3558 532 3627 urgere,
576 3539 680 3606 vel
706 3538 790 3605 ab
818 3538 1038 3605 eadem
1063 3530 1458 3626 obligatione
1489 3539 1908 3629 dispensavit.

369 3641 430 3711 3.
480 3644 553 3713 Si
598 3665 843 3734 parvus
882 3644 967 3710 sit
1011 3664 1324 3711 numerus
1371 3645 1838 3712 canonicorum
1884 3649 1947 3711 et
1988 3644 2468 3720 ministrorum,
2510 3645 2570 3705 et

295 3744 423 3815 ideo
449 3771 593 3817 non
634 3749 764 3814 nisi
802 3768 960 3814 cum
1001 3747 1382 3813 difficultate
1427 3749 1578 3814 satis
1621 3750 1825 3838 possit
1862 3748 2002 3815 fieri
2048 3744 2372 3838 praedictae
2397 3742 2567 3830 juris

295 3853 651 3924 communis
676 3853 1079 3943 obligationi,
1105 3854 1581 3923 recurrendum
1610 3855 1686 3921 ad
1708 3853 1970 3922 Sacram
1992 3853 2571 3940 Congregationem

295 3979 399 4047 pro
425 3962 708 4047 indulto,
743 3962 917 4051 quod
948 3983 1083 4028 non
1117 3961 1564 4050 denegabitur.
1602 3961 1872 4029 Attento
1903 3966 2121 4027 autem
2156 3956 2441 4045 generali
2471 3977 2577 4024 ca-

299 4065 648 4152 pitulorum
674 4067 902 4137 Galliae
926 4074 1118 4151 statu,
1149 4069 1343 4158 pauci
1364 4067 1625 4135 dicendi
1656 4073 1812 4134 sunt
1839 4066 2134 4133 canonici
2157 4087 2174 4147 ;
2207 4064 2383 4154 iique
2415 4084 2584 4154 prae-

305 4175 460 4241 terea
492 4176 578 4244 ab
606 4175 964 4265 EpiscopiS,
996 4177 1086 4241 ita
1115 4179 1417 4264 poscente
1451 4174 1812 4238 dioeceseon
1862 4171 2256 4258 necessitate,
2289 4172 2370 4239 ad
2403 4167 2574 4235 varia

310 4283 519 4349 munia
541 4282 827 4350 distracti
858 4305 874 4365 ;
904 4302 1023 4348 nec
1062 4281 1297 4348 adsunt
1314 4276 1687 4346 beneficiati
1716 4277 2244 4345 secundiordinis
2273 4276 2384 4363 qui
2408 4274 2478 4336 in
2504 4268 2589 4331 fe-

308 4386 494 4455 rendo
505 4410 698 4457 onere
715 4389 1013 4478 supplere
1031 4386 1300 4476 possint.
1324 4385 1637 4472 Reliquus
1656 4389 1873 4452 autem
1887 4385 2099 4452 clerus
2113 4390 2173 4450 et
2193 4370 2593 4464 regularium
