2930 4982
340 367 408 423 31
428 369 463 425 6
1303 371 1648 421 mAcTAws

1387 607 1549 689 §16

397 783 586 822 Ennia
615 783 910 870 (ΞΒΕΠΒΝΙἸἾΒ
946 782 1000 822 xl
1033 780 1256 822 uom'rlo
1286 781 1353 821 ΒΕ
1385 780 1552 822 RECTE
1591 780 1965 821 PERSOLVENDO
1993 781 2031 820 A
2056 780 2340 822 GANONICIS
2379 780 2566 823 nlvmo

1379 867 1590 918 o'rmcm

427 1038 853 1108 Monitionem
892 1039 1074 1107 illam
1121 1039 1322 1131 ipsius
1353 1037 1690 1106 Pontificis
1718 1038 1910 1127 jussu
1948 1038 2391 1129 promulgavit
2436 1035 2631 1108 Sacra

337 1142 760 1234 Congregatio
798 1145 1016 1236 Episc.
1058 1151 1121 1212 et
1168 1165 1305 1232 reg.
1348 1143 1452 1211 his
1491 1143 1753 1211 verbis:
1795 1141 1993 1210 Jubet
2035 1142 2377 1212 Sanctitas
2401 1166 2524 1211 sua
2551 1156 2631 1211 ut

328 1249 708 1340 plurimum
752 1249 1160 1319 commendes
1202 1250 1556 1330 canonicis,
1612 1248 2081 1338 beneficiariis,
2132 1248 2636 1333 mansionariis,·

334 1354 727 1445 capellanis,
746 1356 1028 1438 clericis,
1054 1355 1344 1446 aliisque
1363 1355 1558 1422 choro
1578 1353 2083 1422 inservientibus
2102 1364 2250 1420 tum
2270 1353 2342 1420 in
2360 1353 2635 1445 ijosa'ca·

336 1458 646 1542 thedrali,
686 1474 829 1528 tum
861 1462 930 1530 in
959 1461 1333 1551 colleqiatis
1360 1472 1495 1527 tuce
1518 1459 1831 1541 dioecesis,
1860 1457 2293 1539 commendes,
2319 1459 2632 1549 inquam,

331 1565 810 1652 qravissimum
862 1589 1029 1634 onus
1076 1564 1257 1656 quod
1296 1565 1437 1632 illis
1482 1564 1964 1656 praescribitur,
2023 1563 2182 1631 dum
2229 1564 2304 1631 in
2350 1565 2643 1633 eliorum

333 1670 755 1753 conveniunt,
810 1693 1044 1763 nempe
1080 1683 1160 1739 ut
1197 1669 1601 1739 modestiam
1646 1682 1709 1739 et
1735 1669 2082 1738 silentium
2121 1667 2418 1737 decenter
2452 1670 2525 1737 in
2555 1692 2640 1738 eo

333 1774 473 1842 loco
488 1798 643 1866 prae
671 1799 738 1843 se
757 1777 1014 1866 ferant,
1044 1775 1612 1866 quemadmodum
1638 1774 1999 1844 illosdecet
2025 1774 2322 1841 maaeime
2343 1774 2645 1863 quiante

331 1895 746 1971 conspectum
779 1883 1151 1973 majestatis
1184 1881 1439 1951 divinoe
1480 1892 1836 1951 versantur
1856 1900 1887 1964 ς
1927 1892 2007 1947 ut
2025 1880 2344 1972 psallant
2383 1903 2643 1971 maqno

318 1985 604 2075 pietatis
627 1986 879 2069 studi0,
902 1988 1163 2057 vocibus
1185 2001 1340 2079 apte
1362 1988 1798 2081 comparatis,
1823 1984 2013 2053 haud
2024 1986 2462 2076 festinanter,
2483 1984 2641 2053 nul-

333 2089 539 2180 lisque
567 2094 877 2184 proecisis
918 2093 1309 2177 vocabulis;
1345 2094 1446 2161 'ita
1477 2105 1554 2160 ut
1580 2115 1753 2184 pars
1780 2090 1968 2159 chori
1994 2090 2183 2159 haud
2206 2113 2436 2160 canere
2467 2090 2639 2158 inci-

324 2198 505 2289 piat,
538 2221 688 2266 eum
713 2222 876 2290 pars
896 2199 1117 2268 altera
1141 2211 1415 2269 cantum
1435 2196 1735 2267 nondum
1766 2197 2098 2281 absolvit;
2120 2209 2200 2264 ut
2218 2197 2345 2265 lzac
2371 2197 2636 2265 ratione

324 2306 626 2396 populus
653 2307 999 2397 intelliqat
1020 2305 1287 2374 divinas
1310 2304 1569 2386 laudes,
1596 2316 1659 2372 et
1681 2303 1772 2371 ad
1786 2303 2111 2396 pietatem
2133 2326 2212 2371 ac
2232 2302 2634 2393 reliqionem

334 2430 416 2476 ex
437 2411 742 2499 ipsarum
775 2424 980 2478 cantu
1006 2422 1373 2479 moveatur.

419 2511 592 2580 Dicit
634 2516 1020 2584 Benedictus
1050 2515 1229 2596 XlV,
1280 2538 1372 2602 se,
1418 2521 1765 2606 postquam
1815 2498 2059 2583 multos
2091 2515 2251 2604 legit
2292 2513 2370 2581 de
2402 2513 2633 2582 eodem

331 2624 712 2705 argumento
746 2619 1126 2687 disserentes
1163 2627 1493 2706 auctores,
1513 2621 1834 2688 nullum
1814 2620 2138 2689 invenisse
2166 2619 2291 2709 qui
2312 2619 2627 2710 praedictae

331 2721 679 2790 Clementis
693 2721 783 2790 Xl
804 2723 1229 2792 exhortationi
1250 2727 1642 2816 aequiparari
1659 2725 1858 2816 possit
1873 2753 1890 2813 ;
1909 2733 1974 2794 et
1988 2725 2277 2814 singulas
2297 2724 2476 2817 illius
2492 2745 2632 2792 mo·

332 2828 599 2895 nitionis
623 2830 965 2897 sententias
996 2832 1465 2900 commentario
1506 2831 1803 2922 explanat
1825 2831 1893 2898 in
1925 2831 2061 2899 suis
2084 2829 2630 2899 Institutionibus

334 2925 777 3002 ecelesiasticis
810 2935 987 3024 (inst.
1022 2935 1175 3018 107,
1209 2935 1367 3028 §5⁹sp
1401 2936 1714 3005 Eamdem
1740 2942 1805 3004 et
1832 2937 2027 3005 nobis*
2049 2936 2240 3005 liceat
2269 2936 2625 3018 canoniciS,

334 3037 458 3141 hoc
479 3039 954 3129 qualecumque
972 3043 1366 3131 opusculum
1387 3048 1686 3111 nostrum
1709 3042 1998 3133 lecturis5
2023 3064 2141 3134 per
2153 3041 2409 3133 singula
2434 3040 2627 3109 verba

334 3143 771 3212 meditandam
809 3160 1189 3236 proponere.

1161 3370 1164 3375 '
1263 3376 1552 3466 cip'n'r
1600 3389 1697 3465 11'1

816 3557 1126 3610 ΟΒΙᾹΙΘΑΤῙΟ
1160 3562 1353 3616 Quom
1397 3563 1618 3611 MISSAB
1665 3560 2138 3611 nmmum!

781 3662 812 3679 O

433 3740 494 3808 1.
556 3743 666 3810 An
715 3743 1016 3827 canonici
1066 3755 1408 3812 teneantur
1458 3742 1552 3812 ad
1603 3744 2072 3836 quotidianam
2123 3742 2625 3813 celebrationem

339 3844 558 3914 missae
581 3836 1027 3917 conventualis
1046 3872 1198 3917 cum
1224 3862 1429 3918 cantu
1443 3853 1476 3916 ?
1498 3888 1591 3902 —-
1618 3849 1805 3919 Hanc
1826 3849 2292 3939 obligationem
2315 3853 2628 3937 tanquam

339 3954 581 4018 certam
638 3959 699 4021 et
739 3954 1173 4023 communiter
1215 3956 1563 4024 admissam
1613 3955 1891 4025 affirmat
1935 3954 2280 4045 Pignatelli
2322 3951 2623 4043 (consult.

341 4049 462 4117 321
519 4058 679 4122 tomi
722 4059 784 4147 I)
831 4061 932 4128 his
975 4060 1182 4128 verbis
1225 4083 1240 4127 :
1297 4084 1334 4124 «
1378 4058 1739 4131 Celebratio
1784 4062 2162 4131 divinorum
2213 4059 2625 4141 officiorum,

348 4182 382 4221 «
408 4156 621 4226 debita
672 4161 971 4236 Ecclesiae
1007 4169 1251 4237 ratione
1291 4167 1617 4250 beneficii,
1677 4192 1812 4238 non
1857 4171 2161 4261 importat
2211 4168 2378 4236 solas
2434 4167 2628 4235 horas

348 4290 381 4328 «
410 4263 776 4352 canonicas,
819 4271 926 4336 sed
958 4274 1153 4341 etiam
1198 4275 1462 4342 missam
1505 4274 1997 4355 conventualem
2032 4282 2340 4365 tanquam
2371 4277 2628 4363 partem

347 4393 380 4433 α
407 4372 823 4463 praecipuam.
892 4374 972 4441 Et
1032 4376 1174 4446 ideo
1239 4380 1486 4450 ratione
1536 4381 1733 4450 officii
1787 4381 2133 4450 exhibendi
2188 4378 2493 4449 Ecclesiae
2554 4376 2625 4444 in
