2930 4982
1130 317 1215 399 ΒΕ
1260 345 1587 400 cffl‘rums.
2381 344 2456 399 59
2471 342 2507 397 5

225 476 655 544 institutiones
697 473 870 563 juris
924 472 1223 540 canonici
1274 472 1494 553 edens,
1537 476 1799 540 truncas
1840 493 1945 540 eas
1990 470 2379 556 emitterem,
2429 474 2509 543 ad

223 582 512 651 vitandas
538 602 685 671 quae
699 583 837 670 jam
866 580 1057 647 vitari
1091 584 1422 668 nequeunt
1463 578 1971 669 disceptationes.

310 687 482 769 Quid
513 694 732 754 autem
768 692 1076 754 eventura
1106 707 1579 764 commemor0‚
1627 706 1780 752 cum
1803 686 1943 775 Jam
1975 673 2036 750 et
2078 683 2243 751 facta
2288 686 2514 754 eadem

223 799 282 860 et
314 792 388 862 in
418 792 748 860 manualia
776 791 1275 860 seminariorum
1306 789 1534 860 Galliae
1577 790 1947 859 introducta
1985 793 2275 858 constet?
2323 789 2516 871 Quae-

223 899 462 967 stiones
506 898 650 965 illas
689 898 767 966 de
812 900 993 990 praxi
1030 899 1343 968 hodierna
1389 898 1604 988 quoad
1640 895 1867 965 Galliae
1896 896 2179 986 capitula
2226 919 2357 966 non
2398 919 2518 987 ego

219 1004 480 1097 primus
524 1006 775 1094 exagito
818 1028 834 1072 ε
880 1007 950 1073 in
1005 1005 1297 1073 medium
1351 1027 1456 1072 eas
1499 1004 1906 1072 adduxerunt
1951 1009 2185 1094 praeter
2231 1010 2515 1093 caeterOS,

219 1115 415 1181 etiam
468 1109 794 1178 dictorum
852 1113 1260 1180 manualium
1319 1118 1631 1180 auctores.
1687 1148 1778 1163 —
1824 1109 2090 1196 Fateor,
2144 1110 2408 1199 inquiS,
2457 1119 2521 1179 at

219 1217 493 1286 diversis
527 1217 1079 1303 conclusionibus,
1108 1224 1172 1284 et
1203 1220 1312 1307 jus
1337 1218 1698 1309 episcopale
1725 1216 2162 1302 firmantibus,
2206 1238 2335 1283 non
2364 1238 2519 1285 con-

217 1322 638 1391 vellentibuS.
690 1362 782 1376 —-
834 1322 1118 1392 Diversis
1167 1326 1434 1413 utique,
1486 1325 1834 1413 subjiciam
1885 1345 2005 1413 ego
2034 1374 2051 1401 ,
2106 1328 2171 1390 at
2223 1323 2410 1414 plene
2460 1330 2522 1392 et

219 1429 527 1498 audacter
569 1429 1022 1497 mendacibus,
1057 1429 1282 1519 Neque
1324 1430 1544 1518 aliqua
1589 1430 1817 1497 saltem
1865 1429 2265 1520 probationis
2307 1430 2521 1519 specie

219 1536 450 1603 falsam
492 1558 691 1625 quam
733 1536 1110 1626 junioribus
1152 1537 1507 1627 propinant
1549 1536 1803 1604 clericis
1847 1536 2211 1605 doctrinam
2256 1536 2522 1603 munire

222 1647 487 1725 curant3
522 1643 827 1732 quodque
852 1643 1062 1709 fuerat
1082 1644 1216 1709 huc
1241 1664 1448 1733 usque
1477 1642 1650 1732 apud
1673 1641 2091 1711 heterodoxos
2115 1642 2311 1709 etiam
2336 1642 2522 1708 inau-

221 1748 460 1827 ditum,
486 1750 598 1836 jus
629 1769 981 1815 commune
1021 1748 1249 1817 dicunt
1276 1751 1342 1818 id
1374 1750 1592 1840 ipsum
1622 1750 1797 1839 quod
1834 1751 1954 1839 jus
1978 1748 2142 1816 illud
2174 1746 2517 1836 reprobat3

220 1854 625 1920 sententiam
645 1854 981 1922 doctorum
1012 1877 1460 1941 communem,
1490 1857 1665 1944 quod
1703 1856 2016 1924 sententia
2049 1856 2160 1921 illa
2192 1851 2525 1923 unanimis

218 1959 544 2048 explodit3
579 1962 831 2049 praxim
858 1949 927 2026 i'n
953 1961 1162 2028 Gallia
1194 1960 1356 2026 olim
1383 1960 1815 2047 obtinentem,
1845 1983 2045 2048 quam
2078 1965 2323 2026 constat
2363 1980 2522 2024 con-

218 2065 490 2131 trariam
522 2067 798 2131 extitisse
831 2087 846 2130 z
882 2065 1077 2152 idque
1111 2066 1183 2132 in
1221 2066 1504 2133 classicis
1531 2066 2033 2133 seminariorum
2075 2063 2285 2131 libris.
2314 2061 2526 2151 Atque

223 2176 300 2235 ut
343 2191 558 2235 unum
605 2171 773 2237 inter
813 2171 1045 2253 multa,
1078 2172 1361 2263 exempli
1391 2174 1622 2261 gratia,
1665 2173 1967 2257 referam,
2001 2170 2159 2237 dum
2199 2168 2530 2237 affirmant

222 2272 634 2341 collationem
677 2276 1183 2342 canonicatuum
1230 2276 1310 2343 ad
1356 2276 1755 2366 Episcopum
1806 2298 1881 2343 ex
1928 2276 2099 2366 juris
2154 2275 2527 2343 communis

217 2380 603 2468 praescripto
631 2381 949 2450 exclusive
984 2383 1329 2471 pertinere,
1362 2382 1560 2471 idque
1602 2388 1916 2471 tanquam
1947 2388 2121 2449 extra
2160 2386 2525 2449 controver-

219 2483 391 2552 siam
439 2508 705 2555 omnem
763 2488 1139 2578 proferunt,
1195 2488 1430 2557 frustra
1478 2512 1727 2579 quaeres
1774 2489 1852 2557 de
1913 2495 2046 2557 tam
2093 2495 2310 2579 aperte
2363 2487 2522 2557 falso

218 2599 466 2661 asserto
502 2595 605 2661 vel
648 2596 1000 2662 minimam
1038 2597 1440 2687 probationis
1477 2597 1752 2664 larvam.
1782 2596 2081 2676 Quorum
2112 2596 2521 2663 manualium

218 2720 439 2767 unum
462 2721 676 2789 nuper
694 2700 820 2768 fuit
839 2723 876 2768 a
901 2699 1093 2769 Sacra
1118 2703 1356 2769 indicis
1377 2701 1890 2793 Congregatione
1920 2702 2280 2771 confixum.
2309 2700 2524 2789 Atque

215 2806 505 2888 utinam,
540 2807 665 2874 hac
705 2810 1012 2875 suadente
1057 2808 1644 2891 animadversione,
1679 2810 1943 2874 tandem
1990 2811 2445 2874 removeantur
2485 2828 2524 2873 a

216 2910 593 2981 seminariis
629 2910 852 2979 Galliae
881 2912 994 2978 alii
1036 2934 1168 2979 non
1212 2913 1435 2978 minus
1477 2914 1695 2979 nocivi
1740 2912 1929 2996 libri;
1971 2912 2214 3000 quibus
2257 2911 2380 2978 sub
2409 2911 2525 2978 fu-

219 3025 365 3088 cato
407 3017 841 3108 episcopalem
884 3020 1331 3084 auctoritatem
1368 3017 1713 3105 muniendi
1762 3022 2098 3106 praetextu,
2128 3017 2523 3085 rebellionis

218 3149 378 3215 erga
415 3123 646 3192 Sedet'n
676 3123 1112 3212 Apostolicam
1155 3123 1677 3190 funestissimum
1717 3144 1989 3211 germen
2020 3123 2297 3191 incautis
2329 3124 2522 3190 cleri-

218 3250 459 3298 corum
514 3229 1055 3317 generationibus
1089 3228 1425 3316 injicitur,
1473 3227 1858 3323 episcopalis
1910 3229 2049 3318 ipsa
2096 3230 2437 3297 auctoritas
2486 3252 2524 3297 a

217 3337 651 3403 fundamento
680 3335 1069 3421 corroditur,
1113 3340 1175 3400 et
1215 3335 1501 3401 ecclesiis
1555 3338 2014 3423 tempestatum
2058 3355 2133 3401 ac
2183 3333 2522 3402 turbinum

218 3443 441 3510 nubes
469 3440 818 3529 aliquando
842 3441 1202 3530 explosurae
1239 3445 1722 3508 coacervantur.
1754 3477 1844 3490 —
1872 3439 2242 3519 Laudandi,
2271 3441 2515 3530 inquiS,

218 3554 523 3618 auctores
558 3547 679 3629 illi,
708 3548 880 3636 quod
925 3547 1260 3621 firmandae
1288 3548 1757 3638 Episcoporum
1801 3547 2164 3615 auctoritati
2207 3547 2524 3617 desudent

216 3697 313 3710 -—
340 3655 533 3745 quasi
560 3655 939 3721 inconcussa
968 3653 1084 3720 illa
1112 3653 1474 3721 Praesulum
1501 3645 1847 3722 auctoritas
1876 3653 2102 3729 fictitio
2129 3660 2192 3722 et
2220 3654 2521 3723 mendaci

208 3767 374 3853 jure
404 3760 653 3827 firmari
677 3763 899 3851 possit,
931 3765 991 3826 et
1019 3781 1152 3826 non
1190 3760 1404 3851 potius
1431 3782 1586 3828 vero
1625 3768 1689 3828 et
1730 3764 1939 3844 certo;
1979 3766 2094 3828 aut
2134 3761 2514 3845 mendaciis,

216 3867 517 3957 alioquin
574 3865 861 3957 lapsura,
904 3864 1228 3954 indigeat!
1280 3865 1499 3956 Hujus
1536 3866 1822 3956 profecto
1866 3868 2265 3935 auctoritatis
2307 3869 2517 3936 hostes

216 3997 355 4043 non
389 3977 903 4064 propugnatores
938 3972 1278 4062 reputandi
1307 3974 1423 4063 qui
1463 3974 1592 4041 hoc
1620 3995 1931 4042 arenaceo
1960 3979 2023 4041 et
2058 3974 2339 4045 ridiculo
2369 3976 2518 4047 fun·

216 4082 533 4149 damento
594 4102 737 4147 carn
788 4083 1346 4170 superexstruunt.
1415 4079 1558 4149 Sibi
1609 4082 1771 4149 forte
1843 4081 2286 4170 gratulantur,
2344 4083 2520 4175 quod

216 4185 564 4276 aliquibus
603 4184 827 4267 Galliae
867 4184 1204 4277 Episcopis
1247 4188 1342 4255 sic
1381 4187 1710 4257 adulando
1752 4196 2010 4278 gratum
2060 4191 2331 4262 fecerint
2379 4218 2405 4260 ε’
2453 4198 2520 4260 at

217 4314 439 4382 neque
476 4293 598 4359 hoc
637 4292 809 4383 ipsos
838 4299 1157 4362 assecutos
1194 4294 1720 4364 existimaverim.
1751 4296 1911 4376 Quis
1951 4299 2129 4368 enim
2180 4299 2517 4368 venerabis

216 4398 392 4467 lium
441 4397 682 4466 horum
719 4396 1079 4468 Praesulum
1127 4422 1260 4468 non
1303 4401 1632 4492 injuriam·
1664 4403 1917 4477 duxerit
1948 4405 2104 4474 salsa
2146 4406 2271 4472 sibi
2312 4404 2512 4474 tribui
