2930 4982
1117 334 1198 379 nn
1235 333 1561 382 cunutus,
2403 334 2482 391 99

278 453 376 517 De
407 448 571 540 jure
624 472 776 520 vero
806 452 1252 543 particulari,
1314 458 1376 520 et
1421 455 1684 543 quidem
1734 456 1916 525 valde
1966 463 2251 545 extense,
2305 463 2494 536 aliter

213 555 547 625 dicendum
592 563 705 625 est.
755 557 925 626 Nam
967 558 1270 628 Clemens
1311 558 1468 630 XIV
1497 562 1568 630 in
1610 583 1726 631 sua
1752 563 2210 634 constitutione
2257 573 2491 663 Nuper

205 684 312 753 pro
336 673 550 754 parte
582 663 691 753 (29
727 666 1101 734 novembris
1156 665 1355 757 1769)
1395 666 1479 734 ad
1535 689 1814 756 regnum
1851 668 2166 740 Sardiniae
2205 678 2488 746 extendit

215 793 335 860 quae
377 772 639 839 decreta
670 771 922 840 fuerant
956 793 995 840 a
1033 771 1247 841 Leone
1276 771 1361 857 X,
1402 772 1584 844 Sixto
1629 773 1690 843 V
1730 781 1793 843 et
1839 774 2145 865 Gregorio
2180 778 2333 851 xlv
2369 806 2486 873 pro

212 880 410 969 regnis
433 877 761 963 Navarrae,
788 878 1112 964 Granatae,
1146 880 1435 950 Castellae
1470 886 1535 949 et
1564 882 1899 971 LegioniS,
1933 905 2168 976 nempe
2200 894 2272 954 ut
2295 910 2487 959 cano·

210 987 448 1054 nicatus
490 986 868 1075 theologalis
896 993 958 1054 et
985 986 1454 1077 poenitentiarii
1496 989 1757 1078 proevio
1806 1012 2146 1075 concursu,
2178 1015 2299 1082 per
2328 995 2491 1065 edic-

215 1103 417 1160 torum
448 1091 867 1182 affizionem,
905 1114 977 1159 co
987 1114 1137 1159 ram
1181 1092 1559 1162 Ordinariis
1590 1095 1887 1163 locorum
1913 1108 1978 1164 et
2003 1098 2359 1188 respective
2390 1124 2492 1169 ec-

213 1199 547 1267 clesiarum
574 1197 886 1291 capitulis
899 1196 1226 1285 Ιιαόεηᾱο,
1251 1200 1702 1288 conferantur.
1735 1199 2119 1269 Benedictus
2138 1225 2289 1271 vero
2309 1204 2484 1288 XIII,

211 1327 365 1374 anno
405 1304 609 1390 1725,
644 1305 715 1371 in
748 1326 864 1372 sua
902 1305 1360 1373 constitutione
1399 1306 1770 1375 Pastor-alis
1809 1306 2021 1396 officii
2052 1309 2292 1399 pariter
2328 1333 2488 1381 con-

209 1434 466 1481 cursum
501 1417 564 1479 et
610 1411 1054 1480 necessitatem
1104 1412 1476 1480 doctoratus
1525 1414 1598 1479 in
1648 1412 1973 1501 theologia
2014 1416 2491 1505 praescripserat

207 1539 310 1606 pro
338 1517 523 1585 Italia
563 1522 626 1584 et
664 1518 901 1586 insulis
942 1518 1414 1609 adjacentibus.
1463 1518 1539 1586 In
1569 1520 1813 1587 recenti
1840 1524 2057 1587 autem
2106 1522 2492 1593 concordato

206 1621 292 1692 Pii
329 1623 422 1692 lX
444 1623 714 1691 feliciter
737 1626 1070 1715 regnantis
1107 1647 1261 1694 cum
1291 1624 1760 1716 Hispaniarum
1798 1625 2145 1715 gubernio,
2178 1631 2492 1699 remansit

204 1736 255 1798 et
277 1731 662 1799 confirmata
709 1736 804 1799 est
844 1753 1195 1801 concursus
1238 1734 1625 1801 necessitas:
1683 1733 2222 1802 Canonicatuum
2264 1734 2344 1802 de
2383 1738 2488 1827 ol-

200 1835 358 1924 ficio
378 1837 672 1928 provisio
718 1835 812 1904 ad
834 1837 1169 1928 praelatos
1216 1850 1281 1906 et
1327 1837 1636 1929 capitula
1669 1838 1923 1928 proevio
1979 1861 2297 1907 concursu
2331 1863 2491 1930 per-

205 1941 454 2009 tinebit.
515 1942 784 2010 Goeteris
830 1942 1273 2032 diqnitatibus
1330 1967 1410 2011 ac
1450 1942 1951 2012 canonicatibus
2000 1947 2318 2027 Majestas
2367 1968 2491 2012 sua

203 2059 257 2115 et
283 2049 780 2140 Archiepiscopi
831 2061 1030 2139 atque
1078 2049 1397 2140 Episcopi
1444 2048 1670 2116 stricte
1724 2047 2128 2117 alternando
2167 2050 2492 2140 provide-

203 2154 357 2222 bunt
407 2155 554 2248 (art.
613 2154 744 2244 18).
792 2153 981 2250 Unde
1027 2154 1240 2222 adhuc
1285 2156 1459 2240 viget
1506 2159 1654 2220 tum
1710 2154 1781 2220 in
1835 2153 2179 2242 Hispania,
2233 2164 2376 2223 tum
2424 2160 2496 2223 in

197 2258 376 2329 Italia
413 2267 481 2326 et
509 2261 746 2325 insulis
780 2259 1257 2346 adjacentibuS,
1301 2259 1409 2343 jus
1459 2256 1846 2344 praedictum
1890 2258 2304 2345 particulare,
2349 2279 2502 2326 con-

193 2385 480 2435 cursum
508 2363 859 2430 decernens
888 2361 967 2429 in
990 2360 1377 2431 conferendo
1402 2361 1782 2431 canonicatu
1816 2362 2184 2453 theologali.
2222 2362 2495 2435 Sanctus

196 2494 343 2541 vero
395 2469 667 2538 Carolus
713 2467 1124 2537 Borromaeus
1170 2467 1340 2535 hanc
1395 2467 1812 2559 disciplinam
1862 2469 1941 2537 de
1991 2491 2310 2539 concursu
2373 2497 2491 2563 pro

200 2575 544 2665 theologali
573 2575 918 2666 praebenda
939 2577 1081 2665 jam
1117 2596 1234 2642 suo
1267 2580 1557 2665 tempore
1587 2576 1657 2642 in
1684 2576 1949 2645 ecclesia
1979 2599 2094 2645 sua
2123 2580 2483 2648 induxerat.

282 2681 509 2762 Quoad
534 2678 814 2748 Galliam
830 2680 942 2768 jus
966 2698 1316 2745 commune
1343 2677 1811 2768 applicandum
1834 2675 2042 2761 venit,
2074 2702 2229 2747 cum
2260 2704 2490 2751 ornnes

212 2788 396 2877 hujus
451 2785 760 2876 regionis·
809 2785 1091 2853 ecclesiae
1153 2805 1376 2851 recens
1430 2791 1684 2866 erectae,
1744 2784 1869 2851 sub
1918 2786 2071 2873 jure
2142 2787 2489 2852 communi

215 2899 353 2962 ortae
394 2894 561 2978 sint,
597 2915 720 2960 nec
771 2913 1130 2959 concursus
1172 2890 1273 2957 lex
1325 2890 1539 2978 quoad
1586 2888 2009 2978 praebendam
2061 2887 2495 2977 theologalem

222 3021 253 3067 a
278 2998 499 3069 Sancta
528 2998 690 3068 Sede
731 2997 1039 3088 imposita
1091 2995 1314 3062 fuerit.
1354 2994 1718 3061 Difficultas
1767 2994 1927 3060 oriri
1985 2999 2236 3061 tantum
2285 3003 2494 3084 posset

219 3110 407 3196 quoad
444 3106 780 3175 dioecesim
808 3102 1223 3194 Ajaciensem
1254 3102 1325 3167 in
1366 3099 1581 3167 insula
1606 3097 1884 3179 Corsica,
1919 3104 2134 3190 utpote
2163 3124 2308 3188 quae
2343 3123 2493 3169 cen·

223 3214 399 3281 senda
449 3214 612 3280 foret
657 3209 1128 3300 comprehensa
1171 3205 1293 3273 sub
1344 3204 1760 3295 dispositione
1810 3203 2143 3273 Benedicti
2185 3205 2331 3273 XIII
2374 3231 2489 3299 pro

226 3318 385 3387 ltalia
416 3326 479 3388 et
514 3319 750 3386 insulis
790 3315 1257 3405 adjacentibus.
1306 3312 1429 3382 Sed
1473 3314 1670 3381 etiarn
1717 3313 1827 3380 illa
1855 3312 2137 3381 Ecclesia
2183 3316 2489 3384 exstincta

227 3424 334 3493 fuit
358 3448 467 3516 per
511 3424 767 3492 bullam
829 3421 963 3503 Qui
1013 3419 1261 3487 Christi
1301 3418 1601 3506 Domini,
1637 3420 1709 3486 in
1748 3440 1878 3508 qua
1919 3418 2087 3486 intcr
2118 3442 2489 3507 suppressas

230 3536 666 3599 enumeratur:
696 3528 871 3595 unde
899 3548 1046 3615 quae
1074 3526 1276 3614 ipsius
1307 3525 1447 3591 loco
1476 3547 1594 3614 per
1631 3525 1925 3593 eamdem
1957 3525 2490 3591 constitutionem

231 3645 412 3706 erecta
460 3644 578 3719 est,
629 3635 752 3703 sub
796 3636 946 3721 jure
988 3629 1327 3707 communi
1360 3630 1529 3698 sicut
1564 3636 1624 3696 et
1662 3636 1887 3699 ceterae
1931 3630 2215 3697 ecclesiae
2256 3627 2494 3693 Gallia-

230 3764 358 3811 rum
383 3743 627 3813 censeri
653 3741 864 3810 debet.

309 3849 404 3920 111.
456 3849 682 3931 Quoad
733 3842 1176 3913 necessitatem
1226 3838 1592 3906 doctoratus
1628 3837 1700 3904 in
1752 3833 2096 3923 theologali
2151 3837 2486 3927 canonico,

235 3958 446 4042 pariter
473 3951 1013 4043 distinguendum
1045 3951 1137 4015 est
1165 3946 1335 4013 inter
1353 3946 1464 4035 jus
1494 3964 1845 4013 commune
1867 3946 1929 4009 et
1944 3943 2056 4032 jus
2075 3943 2482 4032 particulare.

313 4063 401 4131 Ad
433 4066 545 4155 jus
583 4079 938 4130 commune
967 4054 1139 4145 quod
1161 4055 1424 4140 attinet,
1470 4054 1735 4119 nullum
1769 4050 2045 4119 verbum
2087 4050 2234 4117 facit
2271 4053 2491 4119 conci-

232 4165 378 4236 lium
402 4167 864 4238 Tridentinum
905 4163 985 4229 de
1033 4161 1404 4228 necessitate
1445 4158 1685 4247 gradus
1720 4156 2071 4226 academici
2113 4156 2181 4224 in
2226 4180 2342 4224 suo
2371 4159 2491 4224 de-

234 4280 382 4342 creto
414 4273 713 4343 sessionis
759 4270 1005 4359 quintae
1039 4266 1120 4355 (c.
1162 4264 1249 4355 1);
1295 4264 1404 4331 sed
1446 4264 1722 4352 requirit
1747 4267 1998 4331 tantum
2041 4264 2123 4329 ab
2174 4262 2492 4350 Episcopo

236 4377 372 4468 eligi
391 4382 723 4451 idoneum.
768 4376 915 4445 Dici
943 4361 1210 4463 quidem
1242 4375 1446 4461 potest
1486 4370 1677 4439 fuisse
1706 4378 1993 4439 mentem
2023 4387 2219 4435 sacrae
2266 4357 2495 4445 synodi
