2930 4982
383 344 461 398 54
1030 326 1037 331 ’
1351 353 1694 401 ἰιιΑοΤΑτυε

380 495 413 533 «
452 469 851 538 riosissimus
886 469 1278 539 Clodovicus
1304 474 1714 539 Francorum
1739 493 1880 552 rex,
1907 471 2132 539 divino
2163 472 2529 542 irradiatus
2554 475 2661 542 lu·-

378 576 640 658 «mine,
702 575 1016 665 reliqiosa
1061 577 1391 667 petitione
1431 575 1843 643 humilitatis
1885 590 2129 645 nostroe
2172 580 2660 646 eoetremitatem

380 708 414 748 «
432 682 765 772 poposcit,
799 693 876 748 ut
901 694 966 749 et
1000 705 1120 750 nos
1145 696 1210 751 et
1234 683 1699 750 canonicorum
1725 695 2104 751 nostrorum
2127 687 2491 753 communis
2518 689 2665 776 fra-

383 814 416 853 «
449 790 809 856 cernitas‘...
844 789 925 857 Et
960 790 1134 880 apud
1165 790 1616 859 Mabillonium
1660 789 1754 881 (in
1813 789 1989 880 praef.
2044 797 2167 859 act.
2207 791 2538 860 Benedict.
2584 794 2669 861 ad

375 920 410 960 «
445 898 661 964 saecul.
699 918 793 981 ιιι,
828 903 991 986 part.
1041 919 1084 981 1,
1120 920 1265 988 pag.
1313 899 1454 988 20),
1505 898 1618 965 ubi
1663 899 2018 964 recitantur
2064 899 2290 966 litterae
2330 897 2648 986 Stephani

381 1029 414 1067 «
441 1001 629 1091 Papae
659 1003 838 1069 hisce
865 1003 1072 1070 ferme
1096 1005 1309 1072 verbis
1345 1029 1361 1072 ι
1408 1007 1505 1070 Et
1543 1004 1860 1093 quoniam
1904 1001 1997 1069 ad
2025 1026 2243 1094 preces
2272 1002 2667 1071 Chludovici

387 1134 420 1171 (ι
449 1108 590 1197 filii
641 1108 1007 1198 Daqoberti
1041 1110 1238 1197 reqis,
1285 1108 1591 1177 dominus
1624 1108 2022 1175 Landericus
2060 1108 2418 1175 Parisiacoe
2478 1108 2670 1175 Urbis

385 1215 812 1303 «Episcopus
860 1237 902 1280 a
953 1237 1074 1281 sua
1110 1226 1174 1281 et
1218 1215 1520 1281 omnium
1559 1237 1831 1281 suorum
1875 1236 2309 1282 successorum
2330 1224 2672 1304 potestate

385 1345 420 1384 «
450 1318 746 1410 deinceps
791 1343 940 1387 cum
966 1319 1238 1387 consilio
1263 1341 1538 1387 suorum
1585 1320 2048 1387 canonicorum
2073 1332 2137 1387 et
2158 1321 2458 1411 fratrum
2505 1342 2669 1387 suo-

391 1452 424 1491 «
462 1450 613 1494 rum
652 1427 1182 1518 coepiscoporum
1207 1427 1495 1518 reqionis
1530 1427 1793 1495 illius...
1827 1424 1995 1494 Vide
2035 1426 2338 1494 eumdem
2367 1425 2665 1494 Mabillo-

391 1560 428 1600 ι(
457 1535 644 1601 nium
692 1535 876 1624 (part.
932 1533 1012 1620 ΙΙ,
1065 1534 1145 1601 ad
1186 1533 1403 1602 saecul.
1445 1556 1537 1618 ιιι,
1574 1540 1697 1602 act.
1729 1533 2062 1602 Benedict.
2098 1555 2245 1623 pag.
2281 1531 2461 1622 336).
2499 1558 2531 1596 »
2573 1532 2670 1600 Ita

376 1641 653 1707 loannes
677 1640 868 1708 Politi
898 1641 968 1708 in
1008 1663 1125 1708 suo
1158 1663 1349 1730 opere
1377 1641 1487 1708 cui
1510 1641 1738 1709 titulus
1764 1639 2301 1730 Jurisprudentza
2330 1640 2668 1708 ecclesias-

386 1746 517 1814 tica
542 1747 871 1832 universa,
917 1753 1076 1815 tom.
1110 1745 1190 1827 V,
1232 1769 1379 1836 pag.
1426 1749 1491 1833 1,
1522 1747 1675 1814 edit.
1702 1746 1933 1816 Venet.
1974 1745 2172 1814 1790.

1486 2023 1591 2098 Ξ2

898 2206 1133 2251 QUAENAM
1169 2205 1248 2244 SIT
1278 2205 1445 2244 RECTA
1484 2205 1869 2244 CANONICORUM
1907 2206 2180 2244 DEFINITIO

477 2385 645 2454 Cum
675 2407 871 2475 supra
900 2387 1244 2453 definitum
1287 2386 1481 2453 fuerit
1505 2388 1661 2475 quid
1696 2389 1777 2455 'sit
1806 2389 2195 2478 capitulum,
2224 2395 2285 2455 et
2322 2392 2679 2460 canonicus

393 2493 559 2559 nihil
587 2493 765 2560 aliud
795 2495 878 2559 sit
905 2515 1101 2582 quam
1131 2515 1307 2561 unus
1338 2517 1412 2561 ex
1446 2494 1759 2561 membris
1789 2495 2077 2584 capituli,
2104 2497 2246 2582 jam
2290 2518 2676 2584 supervaca-

392 2620 592 2664 neum
610 2602 702 2665 est
725 2599 883 2666 huic
906 2601 1244 2688 quaestioni
1263 2601 1623 2668 immorari.
1653 2599 2024 2667 Notandum
2054 2605 2297 2681 tamen,
2333 2621 2487 2665 eum
2509 2601 2678 2669 dici-

395 2709 503 2770 tur
530 2706 919 2771 canonicum
957 2727 1091 2772 esse
1116 2729 1329 2773 unum
1366 2708 1442 2773 de
1476 2705 1739 2795 capituli
1769 2704 2111 2790 membriS,
2143 2704 2511 2772 addendum
2542 2729 2679 2776 esse

386 2810 657 2899 proprie
697 2809 918 2891 dictis,·
981 2812 1134 2900 quia
1187 2813 1548 2903 capitulum
1580 2812 1703 2878 sibi
1742 2810 2048 2899 adjuncta
2073 2810 2311 2879 habere
2350 2817 2554 2901 potest
2605 2814 2677 2879 in

394 2917 709 2984 auxilium
740 2918 817 2985 ad
842 2920 1018 2986 varia
1051 2919 1348 2987 obeunda
1372 2918 1600 2985 munia
1633 2917 1897 2985 clericos
1939 2917 2098 2984 alios
2124 2919 2247 2987 sub
2272 2920 2537 2986 nomine
2565 2918 2674 2986 be-

395 3023 864 3108 neficiatorum,
892 3027 994 3094 vel
1016 3027 1494 3116 coadjutorum,
1516 3024 1617 3092 vel
1647 3024 2157 3115 capellanorum,
2182 3026 2283 3092 vel
2312 3027 2681 3093 mansiona-

397 3126 644 3195 riorum
668 3152 684 3212 3
710 3131 823 3219 qui
860 3131 1009 3198 licet
1031 3132 1247 3220 aliquo
1280 3145 1471 3198 sensu
1500 3131 1578 3198 ad
1600 3130 1958 3219 capitulum
1983 3131 2344 3219 pertineant
2377 3135 2439 3196 et
2464 3152 2682 3196 unum

397 3233 553 3321 quid
590 3257 746 3304 curn
783 3259 855 3305 eo
899 3237 1202 3319 efficiant,
1248 3258 1379 3303 non
1420 3241 1639 3302 tamen
1671 3240 1822 3302 sunt
1868 3236 2130 3323 capituli
2173 3233 2387 3302 stricte
2434 3235 2680 3323 sumpti

402 3339 721 3408 membra.

1502 3509 1604 3584 {3

1124 3690 1507 3729 CANONICORUM
1549 3690 1723 3729 VARIAE
1762 3690 1996 3752 SPECIESK

496 3869 559 3933 1⁰
589 3867 1098 3954 Distinguuntur
1126 3867 1197 3932 in
1237 3864 1655 3932 cathedrales
1681 3871 1742 3929 et
1763 3862 2166 3950 colleqiales,
2189 3864 2371 3951 juxta
2415 3886 2679 3940 sensum

403 3974 597 4040 modo
618 3972 1028 4040 enuntiatum
1052 3971 1260 4061 quoad
1282 3971 1583 4059 capitula.
1616 3969 1683 4034 2⁰
1706 3968 1780 4034 In
1803 3968 2145 4035 canonicos
2160 3970 2681 4060 praebendarios,

403 4079 518 4169 qui
569 4099 805 4169 nempe
856 4077 1270 4169 praebendam
1324 4075 1599 4157 habent3
1636 4080 1697 4141 et
1742 4073 2122 4164 simpliciter
2178 4076 2517 4144 canonicos
2563 4075 2676 4164 qui

403 4184 745 4277 praebenda
780 4191 1021 4252 carent.
1052 4182 1119 4251 3⁰
1147 4182 1215 4250 ln
1242 4193 1646 4257 numeratos,
1672 4186 1732 4246 et
1749 4182 2384 4270 supranumerarios.
2415 4181 2682 4261 Quando

404 4316 639 4396 nempe
670 4290 1509 4378 determinatusfuitaliquis
1521 4292 1732 4356 certus
1753 4290 2214 4356 canonicorum
2234 4311 2550 4356 numerus
2572 4285 2684 4376 qui

404 4402 644 4469 mutari
674 4420 807 4467 non
830 4397 1075 4479 debeat,
1103 4394 1394 4461 canonici
1423 4400 1656 4483 praeter
1681 4394 1881 4461 istum
1913 4417 2260 4463 numerum
2300 4395 2564 4476 admissi
2588 4392 2681 4459 di-
