<?xml version="1.0" encoding="UTF-8"?>
<!DOCTYPE html PUBLIC "-//W3C//DTD XHTML 1.0 Transitional//EN"
    "http://www.w3.org/TR/xhtml1/DTD/xhtml1-transitional.dtd">
<html xmlns="http://www.w3.org/1999/xhtml" xml:lang="en" lang="en">
 <head>
  <title>
</title>
<meta http-equiv="Content-Type" content="text/html;charset=utf-8" />
  <meta name='ocr-system' content='tesseract 3.04.00' />
  <meta name='ocr-capabilities' content='ocr_page ocr_carea ocr_par ocr_line ocrx_word'/>
</head>
<body>
  <div class='ocr_page' id='page_1' title='image "./tractatusdecapi00bouigoog_0026.png"; bbox 0 0 2930 4982; ppageno 0'>
   <div class='ocr_carea' id='block_1_1' title="bbox 355 364 1666 419">
    <p class='ocr_par' dir='ltr' id='par_1_1' title="bbox 355 364 1666 419">
     <span class='ocr_line' id='line_1_1' title="bbox 355 364 1666 419; baseline 0.001 -1"><span class='ocrx_word' id='word_1_1' title='bbox 355 365 379 418; x_wconf 78' lang='grc'><strong>1</strong></span> <span class='ocrx_word' id='word_1_2' title='bbox 398 364 433 418; x_wconf 91' lang='grc'><strong>0</strong></span> <span class='ocrx_word' id='word_1_3' title='bbox 1325 371 1666 419; x_wconf 75' lang='lat' dir='ltr'>TRACTATUS</span> 
     </span>
    </p>
   </div>
   <div class='ocr_carea' id='block_1_2' title="bbox 334 487 2653 4497">
    <p class='ocr_par' dir='ltr' id='par_1_2' title="bbox 334 487 2639 1424">
     <span class='ocr_line' id='line_1_2' title="bbox 347 487 2635 581; baseline 0.001 -26"><span class='ocrx_word' id='word_1_4' title='bbox 347 488 510 555; x_wconf 82' lang='lat' dir='ltr'><em>dum</em></span> <span class='ocrx_word' id='word_1_5' title='bbox 535 500 656 574; x_wconf 84' lang='lat' dir='ltr'><em>est,</em></span> <span class='ocrx_word' id='word_1_6' title='bbox 687 487 974 556; x_wconf 78' lang='lat' dir='ltr'><em>induant</em></span> <span class='ocrx_word' id='word_1_7' title='bbox 1003 514 1026 555; x_wconf 92' lang='lat'><em>.·</em></span> <span class='ocrx_word' id='word_1_8' title='bbox 1059 511 1208 556; x_wconf 80' lang='lat' dir='ltr'><em>cum</em></span> <span class='ocrx_word' id='word_1_9' title='bbox 1234 489 1462 579; x_wconf 81' lang='lat' dir='ltr'><em>utique</em></span> <span class='ocrx_word' id='word_1_10' title='bbox 1494 489 1779 556; x_wconf 82' lang='lat' dir='ltr'><em>illorum</em></span> <span class='ocrx_word' id='word_1_11' title='bbox 1813 489 2412 581; x_wconf 73' lang='lat' dir='ltr'><em>habitumpenitus</em></span> <span class='ocrx_word' id='word_1_12' title='bbox 2450 514 2635 558; x_wconf 83' lang='lat' dir='ltr'><em>usur-</em></span> 
     </span>
     <span class='ocr_line' id='line_1_3' title="bbox 343 594 2627 685; baseline 0 -24"><span class='ocrx_word' id='word_1_13' title='bbox 343 616 509 685; x_wconf 81' lang='lat' dir='ltr'><em>pare</em></span> <span class='ocrx_word' id='word_1_14' title='bbox 532 618 666 662; x_wconf 80' lang='lat' dir='ltr'><em>non</em></span> <span class='ocrx_word' id='word_1_15' title='bbox 694 594 998 682; x_wconf 81' lang='lat' dir='ltr'><em>debeant,</em></span> <span class='ocrx_word' id='word_1_16' title='bbox 1025 618 1067 662; x_wconf 83' lang='lat' dir='ltr'><em>a</em></span> <span class='ocrx_word' id='word_1_17' title='bbox 1092 617 1373 684; x_wconf 78' lang='lat' dir='ltr'><em>quorum</em></span> <span class='ocrx_word' id='word_1_18' title='bbox 1398 595 1744 684; x_wconf 82' lang='lat' dir='ltr'><em>proposito</em></span> <span class='ocrx_word' id='word_1_19' title='bbox 1773 595 2259 685; x_wconf 82' lang='lat' dir='ltr'><em>quodammodo</em></span> <span class='ocrx_word' id='word_1_20' title='bbox 2290 595 2627 665; x_wconf 78' lang='lat' dir='ltr'><em>distant...</em></span> 
     </span>
     <span class='ocr_line' id='line_1_4' title="bbox 352 690 2632 791; baseline 0.002 -24"><span class='ocrx_word' id='word_1_21' title='bbox 352 700 547 767; x_wconf 85' lang='lat' dir='ltr'><em>Sicut</em></span> <span class='ocrx_word' id='word_1_22' title='bbox 578 690 755 768; x_wconf 83' lang='lat' dir='ltr'><em>enim</em></span> <span class='ocrx_word' id='word_1_23' title='bbox 791 714 982 791; x_wconf 80' lang='lat' dir='ltr'><em>turpe</em></span> <span class='ocrx_word' id='word_1_24' title='bbox 1019 714 1115 768; x_wconf 84' lang='lat' dir='ltr'><em>est</em></span> <span class='ocrx_word' id='word_1_25' title='bbox 1158 700 1386 767; x_wconf 81' lang='lat' dir='ltr'><em>virum</em></span> <span class='ocrx_word' id='word_1_26' title='bbox 1424 710 1667 767; x_wconf 84' lang='lat' dir='ltr'><em>vestem</em></span> <span class='ocrx_word' id='word_1_27' title='bbox 1710 700 2132 785; x_wconf 81' lang='lat' dir='ltr'><em>muliebrem,</em></span> <span class='ocrx_word' id='word_1_28' title='bbox 2177 714 2242 770; x_wconf 85' lang='lat' dir='ltr'><em>et</em></span> <span class='ocrx_word' id='word_1_29' title='bbox 2281 703 2632 771; x_wconf 84' lang='lat' dir='ltr'><em>mulierem</em></span> 
     </span>
     <span class='ocr_line' id='line_1_5' title="bbox 348 805 2635 890; baseline 0.002 -17"><span class='ocrx_word' id='word_1_30' title='bbox 348 818 591 874; x_wconf 78' lang='lat' dir='ltr'><em>vestem</em></span> <span class='ocrx_word' id='word_1_31' title='bbox 630 807 898 874; x_wconf 83' lang='lat' dir='ltr'><em>virilem</em></span> <span class='ocrx_word' id='word_1_32' title='bbox 944 806 1255 890; x_wconf 82' lang='lat' dir='ltr'><em>induere,·</em></span> <span class='ocrx_word' id='word_1_33' title='bbox 1282 807 1384 874; x_wconf 82' lang='lat' dir='ltr'><em>ita</em></span> <span class='ocrx_word' id='word_1_34' title='bbox 1429 805 1626 874; x_wconf 82' lang='lat' dir='ltr'><em>valde</em></span> <span class='ocrx_word' id='word_1_35' title='bbox 1669 806 2053 876; x_wconf 81' lang='lat' dir='ltr'><em>indecorum</em></span> <span class='ocrx_word' id='word_1_36' title='bbox 2098 820 2193 876; x_wconf 84' lang='lat' dir='ltr'><em>est</em></span> <span class='ocrx_word' id='word_1_37' title='bbox 2232 810 2635 877; x_wconf 81' lang='lat' dir='ltr'><em>Canonicum</em></span> 
     </span>
     <span class='ocr_line' id='line_1_6' title="bbox 348 912 2635 1005; baseline 0.003 -28"><span class='ocrx_word' id='word_1_38' title='bbox 348 925 586 980; x_wconf 82' lang='lat' dir='ltr'><em>vestem</em></span> <span class='ocrx_word' id='word_1_39' title='bbox 638 913 1077 980; x_wconf 83' lang='lat' dir='ltr'><em>monasticam</em></span> <span class='ocrx_word' id='word_1_40' title='bbox 1107 913 1397 998; x_wconf 79' lang='lat' dir='ltr'><em>induere,</em></span> <span class='ocrx_word' id='word_1_41' title='bbox 1430 912 1564 980; x_wconf 76' lang='lat' dir='ltr'><em>nisi</em></span> <span class='ocrx_word' id='word_1_42' title='bbox 1592 923 1817 980; x_wconf 80' lang='lat' dir='ltr'><em>tamen</em></span> <span class='ocrx_word' id='word_1_43' title='bbox 1846 936 1996 980; x_wconf 85' lang='lat' dir='ltr'><em>cum</em></span> <span class='ocrx_word' id='word_1_44' title='bbox 2033 924 2207 981; x_wconf 84' lang='lat' dir='ltr'><em>veste</em></span> <span class='ocrx_word' id='word_1_45' title='bbox 2247 914 2454 981; x_wconf 82' lang='lat' dir='ltr'><em>etiam</em></span> <span class='ocrx_word' id='word_1_46' title='bbox 2466 938 2635 1005; x_wconf 80' lang='lat' dir='ltr'><em>pro-</em></span> 
     </span>
     <span class='ocr_line' id='line_1_7' title="bbox 334 1016 2638 1106; baseline 0.001 -23"><span class='ocrx_word' id='word_1_47' title='bbox 334 1018 642 1106; x_wconf 81' lang='lat' dir='ltr'><em>positum</em></span> <span class='ocrx_word' id='word_1_48' title='bbox 684 1016 964 1084; x_wconf 80' lang='lat' dir='ltr'><em>voluerit</em></span> <span class='ocrx_word' id='word_1_49' title='bbox 1015 1039 1366 1084; x_wconf 80' lang='lat' dir='ltr'><strong><em>assumere.</em></strong></span> <span class='ocrx_word' id='word_1_50' title='bbox 1409 1016 1593 1105; x_wconf 88' lang='lat' dir='ltr'><em>(Can.</em></span> <span class='ocrx_word' id='word_1_51' title='bbox 1660 1018 1842 1106; x_wconf 76' lang='lat'>125.)</span> <span class='ocrx_word' id='word_1_52' title='bbox 1904 1018 2227 1100; x_wconf 81' lang='lat' dir='ltr'><em>Quamvis</em></span> <span class='ocrx_word' id='word_1_53' title='bbox 2288 1020 2638 1088; x_wconf 82' lang='lat' dir='ltr'><em>Canonieis</em></span> 
     </span>
     <span class='ocr_line' id='line_1_8' title="bbox 342 1121 2635 1214; baseline 0.002 -27"><span class='ocrx_word' id='word_1_54' title='bbox 342 1122 657 1212; x_wconf 78' lang='lat' dir='ltr'><em>proprias</em></span> <span class='ocrx_word' id='word_1_55' title='bbox 687 1121 950 1189; x_wconf 82' lang='lat' dir='ltr'><em>licitum</em></span> <span class='ocrx_word' id='word_1_56' title='bbox 975 1122 1063 1188; x_wconf 82' lang='lat' dir='ltr'><em>sit</em></span> <span class='ocrx_word' id='word_1_57' title='bbox 1095 1122 1335 1190; x_wconf 76' lang='lat' dir='ltr'><em>habere</em></span> <span class='ocrx_word' id='word_1_58' title='bbox 1371 1122 1772 1209; x_wconf 79' lang='lat' dir='ltr'><em>mansiones,</em></span> <span class='ocrx_word' id='word_1_59' title='bbox 1804 1122 1992 1190; x_wconf 85' lang='lat' dir='ltr'><em>debet</em></span> <span class='ocrx_word' id='word_1_60' title='bbox 2024 1135 2245 1190; x_wconf 80' lang='lat' dir='ltr'><em>tamen</em></span> <span class='ocrx_word' id='word_1_61' title='bbox 2271 1147 2315 1191; x_wconf 83' lang='grc' dir='ltr'><em>α</em></span> <span class='ocrx_word' id='word_1_62' title='bbox 2345 1124 2635 1214; x_wconf 81' lang='lat' dir='ltr'><em>proelato</em></span> 
     </span>
     <span class='ocr_line' id='line_1_9' title="bbox 346 1227 2639 1318; baseline 0.001 -26"><span class='ocrx_word' id='word_1_63' title='bbox 346 1229 603 1295; x_wconf 82' lang='lat' dir='ltr'><em>mansio</em></span> <span class='ocrx_word' id='word_1_64' title='bbox 622 1227 1045 1316; x_wconf 78' lang='lat' dir='ltr'><em>infirmorum</em></span> <span class='ocrx_word' id='word_1_65' title='bbox 1071 1239 1134 1293; x_wconf 88' lang='lat' dir='ltr'><em>et</em></span> <span class='ocrx_word' id='word_1_66' title='bbox 1155 1249 1383 1294; x_wconf 83' lang='lat' dir='ltr'><em>senum</em></span> <span class='ocrx_word' id='word_1_67' title='bbox 1404 1227 1587 1293; x_wconf 82' lang='lat' dir='ltr'><em>intra</em></span> <span class='ocrx_word' id='word_1_68' title='bbox 1607 1228 1905 1294; x_wconf 78' lang='lat' dir='ltr'><em>claustra</em></span> <span class='ocrx_word' id='word_1_69' title='bbox 1936 1228 2419 1295; x_wconf 82' lang='lat' dir='ltr'><em>Canonieorum</em></span> <span class='ocrx_word' id='word_1_70' title='bbox 2442 1227 2597 1318; x_wconf 77' lang='lat' dir='ltr'><em>fieri</em></span> <span class='ocrx_word' id='word_1_71' title='bbox 2608 1250 2639 1311; x_wconf 89' lang='lat'><em>,·</em></span> 
     </span>
     <span class='ocr_line' id='line_1_10' title="bbox 345 1331 1912 1424; baseline 0.001 -25"><span class='ocrx_word' id='word_1_72' title='bbox 345 1346 420 1399; x_wconf 83' lang='lat' dir='ltr'><em>ut</em></span> <span class='ocrx_word' id='word_1_73' title='bbox 443 1333 772 1422; x_wconf 72' lang='lat' dir='ltr'><em>quisnam</em></span> <span class='ocrx_word' id='word_1_74' title='bbox 794 1335 970 1424; x_wconf 83' lang='lat' dir='ltr'><em>forte</em></span> <span class='ocrx_word' id='word_1_75' title='bbox 991 1355 1124 1400; x_wconf 81' lang='lat' dir='ltr'><em>non</em></span> <span class='ocrx_word' id='word_1_76' title='bbox 1143 1333 1473 1400; x_wconf 76' lang='lat' dir='ltr'><em>habent...</em></span> <span class='ocrx_word' id='word_1_77' title='bbox 1512 1332 1693 1424; x_wconf 85' lang='lat' dir='ltr'><em>(Can.</em></span> <span class='ocrx_word' id='word_1_78' title='bbox 1731 1331 1912 1422; x_wconf 78' lang='lat'>142.)</span> 
     </span>
    </p>

    <p class='ocr_par' dir='ltr' id='par_1_3' title="bbox 348 1437 2642 1733">
     <span class='ocr_line' id='line_1_11' title="bbox 436 1437 2639 1528; baseline 0.001 -22"><span class='ocrx_word' id='word_1_79' title='bbox 436 1437 811 1506; x_wconf 79' lang='lat' dir='ltr'><em>Notandum</em></span> <span class='ocrx_word' id='word_1_80' title='bbox 846 1460 994 1506; x_wconf 89' lang='lat' dir='ltr'><em>vero</em></span> <span class='ocrx_word' id='word_1_81' title='bbox 1034 1446 1128 1506; x_wconf 88' lang='lat' dir='ltr'><em>est</em></span> <span class='ocrx_word' id='word_1_82' title='bbox 1168 1445 1308 1506; x_wconf 88' lang='lat' dir='ltr'><em>acta</em></span> <span class='ocrx_word' id='word_1_83' title='bbox 1348 1438 1550 1528; x_wconf 90' lang='lat' dir='ltr'><em>hujus</em></span> <span class='ocrx_word' id='word_1_84' title='bbox 1578 1437 1880 1522; x_wconf 83' lang='lat' dir='ltr'><em>Concilii,</em></span> <span class='ocrx_word' id='word_1_85' title='bbox 1914 1445 1988 1507; x_wconf 90' lang='lat' dir='ltr'><em>ut</em></span> <span class='ocrx_word' id='word_1_86' title='bbox 2017 1440 2087 1507; x_wconf 90' lang='lat' dir='ltr'><em>in</em></span> <span class='ocrx_word' id='word_1_87' title='bbox 2115 1462 2343 1507; x_wconf 89' lang='lat' dir='ltr'><em>eorum</em></span> <span class='ocrx_word' id='word_1_88' title='bbox 2381 1439 2639 1509; x_wconf 88' lang='lat' dir='ltr'><em>exordio</em></span> 
     </span>
     <span class='ocr_line' id='line_1_12' title="bbox 348 1544 2642 1635; baseline 0.001 -24"><span class='ocrx_word' id='word_1_89' title='bbox 348 1544 732 1627; x_wconf 82' lang='lat' dir='ltr'>declaratur,</span> <span class='ocrx_word' id='word_1_90' title='bbox 757 1566 891 1612; x_wconf 91' lang='lat' dir='ltr'><em>non</em></span> <span class='ocrx_word' id='word_1_91' title='bbox 911 1545 990 1612; x_wconf 88' lang='lat' dir='ltr'><em>ad</em></span> <span class='ocrx_word' id='word_1_92' title='bbox 1012 1545 1395 1612; x_wconf 83' lang='lat' dir='ltr'><em>mutandam</em></span> <span class='ocrx_word' id='word_1_93' title='bbox 1422 1545 1865 1635; x_wconf 84' lang='lat' dir='ltr'><em>disciplinam,</em></span> <span class='ocrx_word' id='word_1_94' title='bbox 1887 1545 1996 1612; x_wconf 88' lang='lat' dir='ltr'><em>sed</em></span> <span class='ocrx_word' id='word_1_95' title='bbox 2016 1546 2095 1612; x_wconf 88' lang='lat' dir='ltr'><em>ad</em></span> <span class='ocrx_word' id='word_1_96' title='bbox 2116 1548 2642 1615; x_wconf 88' lang='lat' dir='ltr'><em>rememorandos</em></span> 
     </span>
     <span class='ocr_line' id='line_1_13' title="bbox 348 1649 2402 1733; baseline 0.001 -17"><span class='ocrx_word' id='word_1_97' title='bbox 348 1670 624 1717; x_wconf 88' lang='lat' dir='ltr'><em>canones</em></span> <span class='ocrx_word' id='word_1_98' title='bbox 647 1656 708 1716; x_wconf 90' lang='lat' dir='ltr'><em>et</em></span> <span class='ocrx_word' id='word_1_99' title='bbox 732 1649 996 1719; x_wconf 90' lang='lat' dir='ltr'><em>Patrum</em></span> <span class='ocrx_word' id='word_1_100' title='bbox 1028 1652 1397 1733; x_wconf 78' lang='lat' dir='ltr'><em>sententiaS,</em></span> <span class='ocrx_word' id='word_1_101' title='bbox 1431 1650 1653 1717; x_wconf 86' lang='lat' dir='ltr'><em>habita</em></span> <span class='ocrx_word' id='word_1_102' title='bbox 1675 1655 1737 1717; x_wconf 89' lang='lat' dir='ltr'><em>et</em></span> <span class='ocrx_word' id='word_1_103' title='bbox 1764 1652 2153 1719; x_wconf 88' lang='lat' dir='ltr'><em>concinnata</em></span> <span class='ocrx_word' id='word_1_104' title='bbox 2183 1653 2402 1720; x_wconf 83' lang='lat' dir='ltr'><em>fuisse.</em></span> 
     </span>
    </p>

    <p class='ocr_par' dir='ltr' id='par_1_4' title="bbox 347 1755 2648 3539">
     <span class='ocr_line' id='line_1_14' title="bbox 438 1755 2637 1848; baseline -0 -22"><span class='ocrx_word' id='word_1_105' title='bbox 438 1755 637 1826; x_wconf 88' lang='lat' dir='ltr'><em>Porro</em></span> <span class='ocrx_word' id='word_1_106' title='bbox 675 1779 751 1824; x_wconf 87' lang='lat' dir='ltr'><em>ex</em></span> <span class='ocrx_word' id='word_1_107' title='bbox 784 1759 1105 1847; x_wconf 71' lang='lat' dir='ltr'><em>praedictis</em></span> <span class='ocrx_word' id='word_1_108' title='bbox 1152 1758 1428 1825; x_wconf 83' lang='lat' dir='ltr'><em>textibus</em></span> <span class='ocrx_word' id='word_1_109' title='bbox 1470 1756 1560 1825; x_wconf 87' lang='lat' dir='ltr'><em>sic</em></span> <span class='ocrx_word' id='word_1_110' title='bbox 1607 1759 2050 1846; x_wconf 81' lang='lat' dir='ltr'><em>argumentari</em></span> <span class='ocrx_word' id='word_1_111' title='bbox 2102 1757 2251 1825; x_wconf 87' lang='lat' dir='ltr'><em>licet</em></span> <span class='ocrx_word' id='word_1_112' title='bbox 2291 1783 2306 1826; x_wconf 90' lang='lat'>:</span> <span class='ocrx_word' id='word_1_113' title='bbox 2347 1765 2637 1848; x_wconf 89' lang='lat' dir='ltr'><em>tempore</em></span> 
     </span>
     <span class='ocr_line' id='line_1_15' title="bbox 349 1861 2643 1955; baseline 0.001 -26"><span class='ocrx_word' id='word_1_114' title='bbox 349 1861 694 1931; x_wconf 84' lang='lat' dir='ltr'><em>citatorum</em></span> <span class='ocrx_word' id='word_1_115' title='bbox 730 1866 1188 1947; x_wconf 85' lang='lat' dir='ltr'><em>conciliorum,</em></span> <span class='ocrx_word' id='word_1_116' title='bbox 1235 1869 1458 1932; x_wconf 87' lang='lat' dir='ltr'><em>octavo</em></span> <span class='ocrx_word' id='word_1_117' title='bbox 1488 1884 1725 1952; x_wconf 88' lang='lat' dir='ltr'><em>nempe</em></span> <span class='ocrx_word' id='word_1_118' title='bbox 1749 1867 1812 1930; x_wconf 85' lang='lat' dir='ltr'><em>et</em></span> <span class='ocrx_word' id='word_1_119' title='bbox 1853 1885 2025 1932; x_wconf 90' lang='lat' dir='ltr'><em>nono</em></span> <span class='ocrx_word' id='word_1_120' title='bbox 2055 1866 2318 1952; x_wconf 68' lang='lat' dir='ltr'><em>saecule,</em></span> <span class='ocrx_word' id='word_1_121' title='bbox 2346 1864 2643 1955; x_wconf 88' lang='lat' dir='ltr'><em>Capitula</em></span> 
     </span>
     <span class='ocr_line' id='line_1_16' title="bbox 347 1966 2645 2060; baseline 0.001 -27"><span class='ocrx_word' id='word_1_122' title='bbox 347 1966 754 2037; x_wconf 82' lang='lat' dir='ltr'><em>habebantur</em></span> <span class='ocrx_word' id='word_1_123' title='bbox 782 1977 1088 2060; x_wconf 88' lang='lat' dir='ltr'><em>tanquam</em></span> <span class='ocrx_word' id='word_1_124' title='bbox 1120 1968 1440 2038; x_wconf 87' lang='lat' dir='ltr'><em>institutio</em></span> <span class='ocrx_word' id='word_1_125' title='bbox 1467 1970 1551 2036; x_wconf 90' lang='lat' dir='ltr'><em>ab</em></span> <span class='ocrx_word' id='word_1_126' title='bbox 1579 1968 1982 2037; x_wconf 87' lang='lat' dir='ltr'><em>institutione</em></span> <span class='ocrx_word' id='word_1_127' title='bbox 2008 1972 2480 2048; x_wconf 87' lang='lat' dir='ltr'><em>monachorum</em></span> <span class='ocrx_word' id='word_1_128' title='bbox 2504 1992 2645 2038; x_wconf 91' lang='lat' dir='ltr'><em>om-</em></span> 
     </span>
     <span class='ocr_line' id='line_1_17' title="bbox 348 2074 2631 2166; baseline 0.003 -29"><span class='ocrx_word' id='word_1_129' title='bbox 348 2074 506 2140; x_wconf 91' lang='lat' dir='ltr'><em>nino</em></span> <span class='ocrx_word' id='word_1_130' title='bbox 529 2074 800 2144; x_wconf 88' lang='lat' dir='ltr'><em>diversa.</em></span> <span class='ocrx_word' id='word_1_131' title='bbox 822 2074 1163 2166; x_wconf 88' lang='lat' dir='ltr'><em>Tanquam</em></span> <span class='ocrx_word' id='word_1_132' title='bbox 1196 2081 1446 2144; x_wconf 89' lang='lat' dir='ltr'><em>certum</em></span> <span class='ocrx_word' id='word_1_133' title='bbox 1473 2075 1775 2141; x_wconf 88' lang='lat' dir='ltr'><em>tenebant</em></span> <span class='ocrx_word' id='word_1_134' title='bbox 1797 2074 2019 2142; x_wconf 90' lang='lat' dir='ltr'><em>Patres</em></span> <span class='ocrx_word' id='word_1_135' title='bbox 2043 2075 2631 2166; x_wconf 79' lang='lat' dir='ltr'><em>AquisgranenseS,</em></span> 
     </span>
     <span class='ocr_line' id='line_1_18' title="bbox 348 2180 2642 2273; baseline 0.001 -28"><span class='ocrx_word' id='word_1_136' title='bbox 348 2200 385 2246; x_wconf 91' lang='lat' dir='ltr'><em>a</em></span> <span class='ocrx_word' id='word_1_137' title='bbox 416 2182 599 2249; x_wconf 90' lang='lat' dir='ltr'><em>nullo</em></span> <span class='ocrx_word' id='word_1_138' title='bbox 637 2204 933 2272; x_wconf 85' lang='lat' dir='ltr'><em>unquam</em></span> <span class='ocrx_word' id='word_1_139' title='bbox 982 2205 1229 2251; x_wconf 88' lang='lat' dir='ltr'><em>canone</em></span> <span class='ocrx_word' id='word_1_140' title='bbox 1256 2180 1662 2273; x_wconf 87' lang='lat' dir='ltr'><em>prohibitum</em></span> <span class='ocrx_word' id='word_1_141' title='bbox 1705 2181 1900 2248; x_wconf 89' lang='lat' dir='ltr'><em>fuisse</em></span> <span class='ocrx_word' id='word_1_142' title='bbox 1939 2181 2282 2251; x_wconf 86' lang='lat' dir='ltr'><em>Canonicis</em></span> <span class='ocrx_word' id='word_1_143' title='bbox 2319 2183 2642 2273; x_wconf 87' lang='lat' dir='ltr'><em>possidere</em></span> 
     </span>
     <span class='ocr_line' id='line_1_19' title="bbox 349 2285 2638 2380; baseline 0.001 -28"><span class='ocrx_word' id='word_1_144' title='bbox 349 2285 519 2354; x_wconf 85' lang='lat' dir='ltr'><em>bona</em></span> <span class='ocrx_word' id='word_1_145' title='bbox 551 2291 956 2380; x_wconf 84' lang='lat' dir='ltr'><em>temporalia,</em></span> <span class='ocrx_word' id='word_1_146' title='bbox 987 2289 1155 2358; x_wconf 89' lang='lat' dir='ltr'><em>etde</em></span> <span class='ocrx_word' id='word_1_147' title='bbox 1182 2289 1260 2356; x_wconf 86' lang='lat' dir='ltr'><em>iis</em></span> <span class='ocrx_word' id='word_1_148' title='bbox 1291 2309 1409 2378; x_wconf 88' lang='lat' dir='ltr'><em>pro</em></span> <span class='ocrx_word' id='word_1_149' title='bbox 1446 2285 1714 2354; x_wconf 84' lang='lat' dir='ltr'><em>arbitrio</em></span> <span class='ocrx_word' id='word_1_150' title='bbox 1739 2286 2080 2377; x_wconf 83' lang='lat' dir='ltr'><em>disponere</em></span> <span class='ocrx_word' id='word_1_151' title='bbox 2108 2316 2126 2376; x_wconf 89' lang='lat'>;</span> <span class='ocrx_word' id='word_1_152' title='bbox 2155 2290 2325 2357; x_wconf 88' lang='lat' dir='ltr'><em>nihil</em></span> <span class='ocrx_word' id='word_1_153' title='bbox 2349 2287 2638 2357; x_wconf 89' lang='lat' dir='ltr'><em>alienum</em></span> 
     </span>
     <span class='ocr_line' id='line_1_20' title="bbox 347 2390 2639 2480; baseline -0 -22"><span class='ocrx_word' id='word_1_154' title='bbox 347 2393 431 2458; x_wconf 87' lang='lat' dir='ltr'><em>ab</em></span> <span class='ocrx_word' id='word_1_155' title='bbox 460 2393 678 2459; x_wconf 80' lang='lat' dir='ltr'><em>officio</em></span> <span class='ocrx_word' id='word_1_156' title='bbox 708 2393 1050 2460; x_wconf 87' lang='lat' dir='ltr'><em>Canonicis</em></span> <span class='ocrx_word' id='word_1_157' title='bbox 1092 2392 1355 2480; x_wconf 87' lang='lat' dir='ltr'><em>proprio</em></span> <span class='ocrx_word' id='word_1_158' title='bbox 1405 2392 1741 2478; x_wconf 89' lang='lat' dir='ltr'><em>reperiunt</em></span> <span class='ocrx_word' id='word_1_159' title='bbox 1776 2390 1848 2456; x_wconf 90' lang='lat' dir='ltr'><em>in</em></span> <span class='ocrx_word' id='word_1_160' title='bbox 1873 2412 1948 2458; x_wconf 93' lang='lat' dir='ltr'><em>eo</em></span> <span class='ocrx_word' id='word_1_161' title='bbox 1973 2393 2145 2480; x_wconf 89' lang='lat' dir='ltr'><em>quod</em></span> <span class='ocrx_word' id='word_1_162' title='bbox 2168 2392 2481 2461; x_wconf 87' lang='lat' dir='ltr'><em>Canonici</em></span> <span class='ocrx_word' id='word_1_163' title='bbox 2506 2392 2639 2458; x_wconf 84' lang='lat' dir='ltr'><em>sint</em></span> 
     </span>
     <span class='ocr_line' id='line_1_21' title="bbox 348 2494 2637 2588; baseline -0.001 -25"><span class='ocrx_word' id='word_1_164' title='bbox 348 2496 604 2584; x_wconf 84' lang='lat' dir='ltr'><em>divites,</em></span> <span class='ocrx_word' id='word_1_165' title='bbox 625 2504 687 2565; x_wconf 91' lang='lat' dir='ltr'><em>et</em></span> <span class='ocrx_word' id='word_1_166' title='bbox 704 2500 817 2587; x_wconf 89' lang='lat' dir='ltr'><em>qui</em></span> <span class='ocrx_word' id='word_1_167' title='bbox 838 2498 1131 2588; x_wconf 89' lang='lat' dir='ltr'><em>proprias</em></span> <span class='ocrx_word' id='word_1_168' title='bbox 1150 2497 1381 2580; x_wconf 72' lang='lat' dir='ltr'><em>domos</em></span> <span class='ocrx_word' id='word_1_169' title='bbox 1402 2494 1728 2585; x_wconf 90' lang='lat' dir='ltr'><em>possident</em></span> <span class='ocrx_word' id='word_1_170' title='bbox 1759 2495 1830 2558; x_wconf 90' lang='lat' dir='ltr'><em>in</em></span> <span class='ocrx_word' id='word_1_171' title='bbox 1872 2495 1952 2562; x_wconf 92' lang='lat' dir='ltr'><em>iis</em></span> <span class='ocrx_word' id='word_1_172' title='bbox 1978 2496 2293 2579; x_wconf 84' lang='lat' dir='ltr'><em>habitent,</em></span> <span class='ocrx_word' id='word_1_173' title='bbox 2321 2503 2385 2564; x_wconf 91' lang='lat' dir='ltr'><em>et</em></span> <span class='ocrx_word' id='word_1_174' title='bbox 2408 2517 2540 2563; x_wconf 86' lang='lat' dir='ltr'><em>nou</em></span> <span class='ocrx_word' id='word_1_175' title='bbox 2568 2498 2637 2562; x_wconf 90' lang='lat' dir='ltr'><em>in</em></span> 
     </span>
     <span class='ocr_line' id='line_1_22' title="bbox 355 2599 2642 2691; baseline -0.001 -20"><span class='ocrx_word' id='word_1_176' title='bbox 355 2604 632 2671; x_wconf 87' lang='lat' dir='ltr'><em>claustro</em></span> <span class='ocrx_word' id='word_1_177' title='bbox 657 2604 1042 2672; x_wconf 84' lang='lat' dir='ltr'><em>canonicali.</em></span> <span class='ocrx_word' id='word_1_178' title='bbox 1093 2604 1310 2691; x_wconf 85' lang='lat' dir='ltr'><em>Atque</em></span> <span class='ocrx_word' id='word_1_179' title='bbox 1350 2602 1471 2668; x_wconf 85' lang='lat' dir='ltr'><em>ista</em></span> <span class='ocrx_word' id='word_1_180' title='bbox 1510 2599 1844 2666; x_wconf 81' lang='lat' dir='ltr'><em>affirmant</em></span> <span class='ocrx_word' id='word_1_181' title='bbox 1884 2604 1947 2666; x_wconf 85' lang='lat' dir='ltr'><em>et</em></span> <span class='ocrx_word' id='word_1_182' title='bbox 1986 2602 2299 2686; x_wconf 85' lang='lat' dir='ltr'><em>sentiunt,</em></span> <span class='ocrx_word' id='word_1_183' title='bbox 2337 2623 2468 2669; x_wconf 90' lang='lat' dir='ltr'><em>non</em></span> <span class='ocrx_word' id='word_1_184' title='bbox 2495 2608 2642 2668; x_wconf 89' lang='lat' dir='ltr'><em>tan-</em></span> 
     </span>
     <span class='ocr_line' id='line_1_23' title="bbox 348 2704 2635 2799; baseline -0.001 -22"><span class='ocrx_word' id='word_1_185' title='bbox 348 2732 549 2799; x_wconf 85' lang='lat' dir='ltr'><em>quam</em></span> <span class='ocrx_word' id='word_1_186' title='bbox 577 2711 819 2778; x_wconf 82' lang='lat' dir='ltr'><em>factum</em></span> <span class='ocrx_word' id='word_1_187' title='bbox 847 2710 952 2777; x_wconf 89' lang='lat' dir='ltr'><em>sui</em></span> <span class='ocrx_word' id='word_1_188' title='bbox 978 2707 1319 2798; x_wconf 87' lang='lat' dir='ltr'><em>temporis,</em></span> <span class='ocrx_word' id='word_1_189' title='bbox 1347 2706 1458 2773; x_wconf 89' lang='lat' dir='ltr'><em>sed</em></span> <span class='ocrx_word' id='word_1_190' title='bbox 1482 2710 1798 2793; x_wconf 86' lang='lat' dir='ltr'><em>tanquam</em></span> <span class='ocrx_word' id='word_1_191' title='bbox 1823 2704 1901 2771; x_wconf 87' lang='lat' dir='ltr'><em>ad</em></span> <span class='ocrx_word' id='word_1_192' title='bbox 1925 2705 2398 2776; x_wconf 84' lang='lat' dir='ltr'><em>institutionem</em></span> <span class='ocrx_word' id='word_1_193' title='bbox 2428 2708 2635 2798; x_wconf 88' lang='lat' dir='ltr'><em>ipsam</em></span> 
     </span>
     <span class='ocr_line' id='line_1_24' title="bbox 349 2811 2637 2907; baseline -0.003 -20"><span class='ocrx_word' id='word_1_194' title='bbox 349 2817 836 2887; x_wconf 88' lang='lat' dir='ltr'><em>Canonicorum</em></span> <span class='ocrx_word' id='word_1_195' title='bbox 859 2816 1248 2907; x_wconf 87' lang='lat' dir='ltr'><em>pertinentia</em></span> <span class='ocrx_word' id='word_1_196' title='bbox 1264 2820 1326 2881; x_wconf 89' lang='lat' dir='ltr'><em>et</em></span> <span class='ocrx_word' id='word_1_197' title='bbox 1349 2835 1425 2880; x_wconf 87' lang='lat' dir='ltr'><em>ex</em></span> <span class='ocrx_word' id='word_1_198' title='bbox 1450 2831 1780 2879; x_wconf 89' lang='lat' dir='ltr'><em>canonum</em></span> <span class='ocrx_word' id='word_1_199' title='bbox 1802 2811 2165 2899; x_wconf 87' lang='lat' dir='ltr'><em>priscorum</em></span> <span class='ocrx_word' id='word_1_200' title='bbox 2185 2813 2637 2905; x_wconf 86' lang='lat' dir='ltr'><em>exploratione.</em></span> 
     </span>
     <span class='ocr_line' id='line_1_25' title="bbox 353 2916 2648 3011; baseline -0.003 -20"><span class='ocrx_word' id='word_1_201' title='bbox 353 2923 491 2991; x_wconf 89' lang='lat' dir='ltr'><em>lmo</em></span> <span class='ocrx_word' id='word_1_202' title='bbox 514 2923 873 2992; x_wconf 88' lang='lat' dir='ltr'><em>Canonicos</em></span> <span class='ocrx_word' id='word_1_203' title='bbox 918 2922 1166 3011; x_wconf 89' lang='lat' dir='ltr'><em>aliquid</em></span> <span class='ocrx_word' id='word_1_204' title='bbox 1210 2940 1525 3009; x_wconf 87' lang='lat' dir='ltr'><em>usurpare</em></span> <span class='ocrx_word' id='word_1_205' title='bbox 1571 2918 1643 2984; x_wconf 89' lang='lat' dir='ltr'><em>in</em></span> <span class='ocrx_word' id='word_1_206' title='bbox 1684 2916 1914 2983; x_wconf 84' lang='lat' dir='ltr'><em>habitu</em></span> <span class='ocrx_word' id='word_1_207' title='bbox 1948 2919 2123 3007; x_wconf 88' lang='lat' dir='ltr'><em>quod</em></span> <span class='ocrx_word' id='word_1_208' title='bbox 2154 2920 2491 2988; x_wconf 87' lang='lat' dir='ltr'><em>monachis</em></span> <span class='ocrx_word' id='word_1_209' title='bbox 2514 2923 2648 2986; x_wconf 89' lang='lat' dir='ltr'><em>erat</em></span> 
     </span>
     <span class='ocr_line' id='line_1_26' title="bbox 351 3021 2643 3119; baseline -0.002 -24"><span class='ocrx_word' id='word_1_210' title='bbox 351 3032 720 3119; x_wconf 89' lang='lat' dir='ltr'><em>proprium,</em></span> <span class='ocrx_word' id='word_1_211' title='bbox 746 3028 1250 3117; x_wconf 81' lang='lat' dir='ltr'><em>vituperandum</em></span> <span class='ocrx_word' id='word_1_212' title='bbox 1275 3026 1663 3094; x_wconf 86' lang='lat' dir='ltr'><em>existimant.</em></span> <span class='ocrx_word' id='word_1_213' title='bbox 1685 3021 1857 3111; x_wconf 88' lang='lat' dir='ltr'><em>Ergo</em></span> <span class='ocrx_word' id='word_1_214' title='bbox 1882 3030 2030 3091; x_wconf 85' lang='lat' dir='ltr'><em>ante</em></span> <span class='ocrx_word' id='word_1_215' title='bbox 2059 3048 2310 3093; x_wconf 91' lang='lat' dir='ltr'><em>nonum</em></span> <span class='ocrx_word' id='word_1_216' title='bbox 2334 3025 2643 3093; x_wconf 85' lang='lat' dir='ltr'><em>saeculum</em></span> 
     </span>
     <span class='ocr_line' id='line_1_27' title="bbox 350 3128 2644 3223; baseline -0.003 -20"><span class='ocrx_word' id='word_1_217' title='bbox 350 3133 656 3203; x_wconf 88' lang='lat' dir='ltr'><em>Canonici</em></span> <span class='ocrx_word' id='word_1_218' title='bbox 685 3158 724 3201; x_wconf 85' lang='lat' dir='ltr'><em>a</em></span> <span class='ocrx_word' id='word_1_219' title='bbox 768 3135 1104 3202; x_wconf 86' lang='lat' dir='ltr'><em>monachis</em></span> <span class='ocrx_word' id='word_1_220' title='bbox 1148 3155 1404 3223; x_wconf 88' lang='lat' dir='ltr'><em>semper</em></span> <span class='ocrx_word' id='word_1_221' title='bbox 1452 3129 1690 3197; x_wconf 85' lang='lat' dir='ltr'><em>diversi</em></span> <span class='ocrx_word' id='word_1_222' title='bbox 1732 3129 2013 3213; x_wconf 84' lang='lat' dir='ltr'><em>fuerant,</em></span> <span class='ocrx_word' id='word_1_223' title='bbox 2060 3132 2209 3199; x_wconf 89' lang='lat' dir='ltr'><em>licet</em></span> <span class='ocrx_word' id='word_1_224' title='bbox 2246 3136 2307 3196; x_wconf 89' lang='lat' dir='ltr'><em>et</em></span> <span class='ocrx_word' id='word_1_225' title='bbox 2352 3129 2475 3219; x_wconf 84' lang='lat' dir='ltr'><em>ipsi</em></span> <span class='ocrx_word' id='word_1_226' title='bbox 2519 3128 2644 3196; x_wconf 91' lang='lat' dir='ltr'><em>sub</em></span> 
     </span>
     <span class='ocr_line' id='line_1_28' title="bbox 353 3233 2644 3331; baseline -0.003 -24"><span class='ocrx_word' id='word_1_227' title='bbox 353 3242 631 3330; x_wconf 87' lang='lat' dir='ltr'><em>quadam</em></span> <span class='ocrx_word' id='word_1_228' title='bbox 661 3242 802 3331; x_wconf 91' lang='lat' dir='ltr'><em>lege</em></span> <span class='ocrx_word' id='word_1_229' title='bbox 834 3246 899 3308; x_wconf 89' lang='lat' dir='ltr'><em>et</em></span> <span class='ocrx_word' id='word_1_230' title='bbox 925 3260 1158 3307; x_wconf 86' lang='lat' dir='ltr'><em>norma</em></span> <span class='ocrx_word' id='word_1_231' title='bbox 1186 3239 1511 3327; x_wconf 85' lang='lat' dir='ltr'><em>degentes.</em></span> <span class='ocrx_word' id='word_1_232' title='bbox 1565 3233 1738 3321; x_wconf 87' lang='lat' dir='ltr'><em>Ergo</em></span> <span class='ocrx_word' id='word_1_233' title='bbox 1771 3234 2005 3301; x_wconf 83' lang='lat' dir='ltr'><em>falsum</em></span> <span class='ocrx_word' id='word_1_234' title='bbox 2032 3241 2125 3303; x_wconf 87' lang='lat' dir='ltr'><em>est</em></span> <span class='ocrx_word' id='word_1_235' title='bbox 2152 3235 2537 3321; x_wconf 74' lang='lat' dir='ltr'><em>Canonic08‚</em></span> <span class='ocrx_word' id='word_1_236' title='bbox 2568 3255 2644 3302; x_wconf 89' lang='lat' dir='ltr'><em>ex</em></span> 
     </span>
     <span class='ocr_line' id='line_1_29' title="bbox 355 3340 2645 3436; baseline -0.003 -22"><span class='ocrx_word' id='word_1_237' title='bbox 355 3348 666 3436; x_wconf 81' lang='lat' dir='ltr'><em>primaeva</em></span> <span class='ocrx_word' id='word_1_238' title='bbox 690 3370 804 3416; x_wconf 90' lang='lat' dir='ltr'><em>sua</em></span> <span class='ocrx_word' id='word_1_239' title='bbox 830 3347 1233 3415; x_wconf 89' lang='lat' dir='ltr'><em>institutione</em></span> <span class='ocrx_word' id='word_1_240' title='bbox 1257 3346 1454 3414; x_wconf 88' lang='lat' dir='ltr'><em>fuisse</em></span> <span class='ocrx_word' id='word_1_241' title='bbox 1495 3340 1877 3428; x_wconf 82' lang='lat' dir='ltr'><em>monachOS‚</em></span> <span class='ocrx_word' id='word_1_242' title='bbox 1904 3343 2018 3429; x_wconf 89' lang='lat' dir='ltr'><em>qui</em></span> <span class='ocrx_word' id='word_1_243' title='bbox 2053 3347 2271 3432; x_wconf 89' lang='lat' dir='ltr'><em>postea</em></span> <span class='ocrx_word' id='word_1_244' title='bbox 2297 3342 2645 3430; x_wconf 85' lang='lat' dir='ltr'><em>degeneres</em></span> 
     </span>
     <span class='ocr_line' id='line_1_30' title="bbox 357 3451 1634 3539; baseline 0 -20"><span class='ocrx_word' id='word_1_245' title='bbox 357 3453 436 3520; x_wconf 89' lang='lat' dir='ltr'><em>ad</em></span> <span class='ocrx_word' id='word_1_246' title='bbox 465 3453 666 3520; x_wconf 82' lang='lat' dir='ltr'><em>vitam</em></span> <span class='ocrx_word' id='word_1_247' title='bbox 696 3454 1072 3521; x_wconf 88' lang='lat' dir='ltr'><em>saecularem</em></span> <span class='ocrx_word' id='word_1_248' title='bbox 1102 3451 1553 3539; x_wconf 82' lang='lat' dir='ltr'><em>migraverint.</em></span> <span class='ocrx_word' id='word_1_249' title='bbox 1629 3489 1634 3492; x_wconf 57' lang='lat'>&lt;</span> 
     </span>
    </p>

    <p class='ocr_par' dir='ltr' id='par_1_5' title="bbox 357 3553 2648 3838">
     <span class='ocr_line' id='line_1_31' title="bbox 446 3553 2643 3646; baseline -0.004 -18"><span class='ocrx_word' id='word_1_250' title='bbox 446 3559 578 3628; x_wconf 90' lang='lat' dir='ltr'><em>Nec</em></span> <span class='ocrx_word' id='word_1_251' title='bbox 602 3560 856 3628; x_wconf 88' lang='lat' dir='ltr'><em>dicatur</em></span> <span class='ocrx_word' id='word_1_252' title='bbox 884 3557 1245 3627; x_wconf 85' lang='lat' dir='ltr'><em>Canonicos</em></span> <span class='ocrx_word' id='word_1_253' title='bbox 1283 3557 1633 3646; x_wconf 86' lang='lat' dir='ltr'><em>aliquando</em></span> <span class='ocrx_word' id='word_1_254' title='bbox 1663 3557 1890 3626; x_wconf 85' lang='lat' dir='ltr'><em>saltem</em></span> <span class='ocrx_word' id='word_1_255' title='bbox 1932 3555 2128 3623; x_wconf 81' lang='lat' dir='ltr'><em>fuisse</em></span> <span class='ocrx_word' id='word_1_256' title='bbox 2158 3553 2513 3621; x_wconf 88' lang='lat' dir='ltr'><em>monachos</em></span> <span class='ocrx_word' id='word_1_257' title='bbox 2532 3574 2643 3621; x_wconf 90' lang='lat' dir='ltr'><em>seu</em></span> 
     </span>
     <span class='ocr_line' id='line_1_32' title="bbox 357 3660 2648 3753; baseline -0.003 -22"><span class='ocrx_word' id='word_1_258' title='bbox 357 3665 684 3753; x_wconf 86' lang='lat' dir='ltr'><em>regulares</em></span> <span class='ocrx_word' id='word_1_259' title='bbox 705 3717 723 3748; x_wconf 85' lang='lat'>,</span> <span class='ocrx_word' id='word_1_260' title='bbox 763 3686 920 3733; x_wconf 87' lang='lat' dir='ltr'><em>cum</em></span> <span class='ocrx_word' id='word_1_261' title='bbox 965 3664 1130 3731; x_wconf 90' lang='lat' dir='ltr'><em>illud</em></span> <span class='ocrx_word' id='word_1_262' title='bbox 1186 3664 1505 3753; x_wconf 82' lang='lat' dir='ltr'><em>exprimat</em></span> <span class='ocrx_word' id='word_1_263' title='bbox 1555 3669 1617 3731; x_wconf 93' lang='lat' dir='ltr'><em>et</em></span> <span class='ocrx_word' id='word_1_264' title='bbox 1671 3669 1935 3733; x_wconf 87' lang='lat' dir='ltr'><em>testetur</em></span> <span class='ocrx_word' id='word_1_265' title='bbox 1996 3660 2352 3751; x_wconf 89' lang='lat' dir='ltr'><em>ipsummet</em></span> <span class='ocrx_word' id='word_1_266' title='bbox 2421 3679 2648 3725; x_wconf 89' lang='lat' dir='ltr'><em>eorum</em></span> 
     </span>
     <span class='ocr_line' id='line_1_33' title="bbox 360 3790 623 3838; baseline 0.011 -3"><span class='ocrx_word' id='word_1_267' title='bbox 360 3790 623 3838; x_wconf 89' lang='lat' dir='ltr'><em>nomen.</em></span> 
     </span>
    </p>

    <p class='ocr_par' dir='ltr' id='par_1_6' title="bbox 355 3870 2653 4497">
     <span class='ocr_line' id='line_1_34' title="bbox 445 3870 2646 3967; baseline -0.003 -25"><span class='ocrx_word' id='word_1_268' title='bbox 445 3874 614 3943; x_wconf 89' lang='lat' dir='ltr'><em>Nam</em></span> <span class='ocrx_word' id='word_1_269' title='bbox 645 3878 866 3967; x_wconf 82' lang='lat' dir='ltr'><em>primo</em></span> <span class='ocrx_word' id='word_1_270' title='bbox 908 3880 1278 3948; x_wconf 88' lang='lat' dir='ltr'><em>ostendetur</em></span> <span class='ocrx_word' id='word_1_271' title='bbox 1300 3877 1511 3959; x_wconf 73' lang='lat' dir='ltr'><em>infra,</em></span> <span class='ocrx_word' id='word_1_272' title='bbox 1574 3877 1933 3946; x_wconf 90' lang='lat' dir='ltr'><em>Canonicos</em></span> <span class='ocrx_word' id='word_1_273' title='bbox 1988 3874 2197 3941; x_wconf 90' lang='lat' dir='ltr'><em>multo</em></span> <span class='ocrx_word' id='word_1_274' title='bbox 2240 3870 2646 3963; x_wconf 87' lang='lat' dir='ltr'><em>probabilius</em></span> 
     </span>
     <span class='ocr_line' id='line_1_35' title="bbox 357 3975 2646 4071; baseline -0.003 -23"><span class='ocrx_word' id='word_1_275' title='bbox 357 3980 561 4050; x_wconf 88' lang='lat' dir='ltr'><em>dictos</em></span> <span class='ocrx_word' id='word_1_276' title='bbox 605 4003 739 4050; x_wconf 88' lang='lat' dir='ltr'><em>esse</em></span> <span class='ocrx_word' id='word_1_277' title='bbox 779 4005 908 4051; x_wconf 89' lang='lat' dir='ltr'><em>non</em></span> <span class='ocrx_word' id='word_1_278' title='bbox 939 4007 976 4053; x_wconf 90' lang='lat' dir='ltr'><em>a</em></span> <span class='ocrx_word' id='word_1_279' title='bbox 1019 4004 1294 4061; x_wconf 83' lang='lat' dir='ltr'><em>canone,</em></span> <span class='ocrx_word' id='word_1_280' title='bbox 1333 3981 1595 4071; x_wconf 70' lang='lat' dir='ltr'><em>requio,</em></span> <span class='ocrx_word' id='word_1_281' title='bbox 1643 3981 1753 4049; x_wconf 91' lang='lat' dir='ltr'><em>sed</em></span> <span class='ocrx_word' id='word_1_282' title='bbox 1784 4002 1821 4048; x_wconf 89' lang='lat' dir='ltr'><em>a</em></span> <span class='ocrx_word' id='word_1_283' title='bbox 1851 4001 2098 4047; x_wconf 77' lang='lat' dir='ltr'><em>canone</em></span> <span class='ocrx_word' id='word_1_284' title='bbox 2142 3983 2461 4068; x_wconf 88' lang='lat' dir='ltr'><em>quatenus</em></span> <span class='ocrx_word' id='word_1_285' title='bbox 2484 3975 2646 4043; x_wconf 91' lang='lat' dir='ltr'><em>olim</em></span> 
     </span>
     <span class='ocr_line' id='line_1_36' title="bbox 361 4085 2651 4179; baseline -0.003 -25"><span class='ocrx_word' id='word_1_286' title='bbox 361 4087 760 4178; x_wconf 86' lang='lat' dir='ltr'><em>exprimebat</em></span> <span class='ocrx_word' id='word_1_287' title='bbox 787 4089 1194 4179; x_wconf 73' lang='lat' dir='ltr'><em>cataloqum,</em></span> <span class='ocrx_word' id='word_1_288' title='bbox 1227 4110 1356 4177; x_wconf 88' lang='lat' dir='ltr'><em>quo</em></span> <span class='ocrx_word' id='word_1_289' title='bbox 1378 4088 1704 4176; x_wconf 84' lang='lat' dir='ltr'><em>registrati</em></span> <span class='ocrx_word' id='word_1_290' title='bbox 1733 4108 1846 4155; x_wconf 88' lang='lat' dir='ltr'><em>seu</em></span> <span class='ocrx_word' id='word_1_291' title='bbox 1879 4085 2185 4175; x_wconf 88' lang='lat' dir='ltr'><em>descripti</em></span> <span class='ocrx_word' id='word_1_292' title='bbox 2212 4088 2394 4151; x_wconf 89' lang='lat' dir='ltr'><em>erant</em></span> <span class='ocrx_word' id='word_1_293' title='bbox 2425 4102 2651 4149; x_wconf 88' lang='lat' dir='ltr'><em>omnes</em></span> 
     </span>
     <span class='ocr_line' id='line_1_37' title="bbox 362 4186 2653 4266; baseline -0.004 -5"><span class='ocrx_word' id='word_1_294' title='bbox 362 4193 579 4261; x_wconf 88' lang='lat' dir='ltr'><em>clerici</em></span> <span class='ocrx_word' id='word_1_295' title='bbox 611 4193 805 4261; x_wconf 86' lang='lat' dir='ltr'><em>alicui</em></span> <span class='ocrx_word' id='word_1_296' title='bbox 839 4196 1125 4264; x_wconf 83' lang='lat' dir='ltr'><em>ecclesiae</em></span> <span class='ocrx_word' id='word_1_297' title='bbox 1152 4195 1414 4264; x_wconf 87' lang='lat' dir='ltr'><em>addicti.</em></span> <span class='ocrx_word' id='word_1_298' title='bbox 1445 4194 1849 4266; x_wconf 85' lang='lat' dir='ltr'><em>Dicebantur</em></span> <span class='ocrx_word' id='word_1_299' title='bbox 1880 4194 2122 4262; x_wconf 82' lang='lat' dir='ltr'><em>scilicet</em></span> <span class='ocrx_word' id='word_1_300' title='bbox 2140 4189 2220 4257; x_wconf 82' lang='lat' dir='ltr'><em>de</em></span> <span class='ocrx_word' id='word_1_301' title='bbox 2249 4209 2495 4256; x_wconf 79' lang='lat' dir='ltr'><em>canone</em></span> <span class='ocrx_word' id='word_1_302' title='bbox 2522 4186 2653 4252; x_wconf 89' lang='lat' dir='ltr'><em>hu-</em></span> 
     </span>
     <span class='ocr_line' id='line_1_38' title="bbox 355 4293 2652 4390; baseline -0.003 -25"><span class='ocrx_word' id='word_1_303' title='bbox 355 4299 467 4387; x_wconf 85' lang='lat' dir='ltr'><em>jus</em></span> <span class='ocrx_word' id='word_1_304' title='bbox 516 4299 833 4385; x_wconf 86' lang='lat' dir='ltr'><em>ecclesiae‚</em></span> <span class='ocrx_word' id='word_1_305' title='bbox 882 4321 995 4367; x_wconf 88' lang='lat' dir='ltr'><em>seu</em></span> <span class='ocrx_word' id='word_1_306' title='bbox 1045 4301 1244 4390; x_wconf 88' lang='lat' dir='ltr'><em>hujus</em></span> <span class='ocrx_word' id='word_1_307' title='bbox 1284 4302 1570 4370; x_wconf 84' lang='lat' dir='ltr'><em>ecclesiae</em></span> <span class='ocrx_word' id='word_1_308' title='bbox 1619 4299 1954 4371; x_wconf 88' lang='lat' dir='ltr'><em>Canonici.</em></span> <span class='ocrx_word' id='word_1_309' title='bbox 2008 4293 2311 4365; x_wconf 78' lang='lat' dir='ltr'><em>Secundo</em></span> <span class='ocrx_word' id='word_1_310' title='bbox 2331 4346 2348 4378; x_wconf 89' lang='lat'>,</span> <span class='ocrx_word' id='word_1_311' title='bbox 2399 4293 2652 4360; x_wconf 88' lang='lat' dir='ltr'><em>etiamsi</em></span> 
     </span>
     <span class='ocr_line' id='line_1_39' title="bbox 366 4402 2652 4497; baseline -0.001 -29"><span class='ocrx_word' id='word_1_312' title='bbox 366 4402 455 4469; x_wconf 86' lang='lat' dir='ltr'><em>ita</em></span> <span class='ocrx_word' id='word_1_313' title='bbox 483 4404 639 4473; x_wconf 82' lang='lat' dir='ltr'><em>dicti</em></span> <span class='ocrx_word' id='word_1_314' title='bbox 669 4405 938 4474; x_wconf 85' lang='lat' dir='ltr'><em>fuissent</em></span> <span class='ocrx_word' id='word_1_315' title='bbox 958 4408 1040 4474; x_wconf 91' lang='lat' dir='ltr'><em>ob</em></span> <span class='ocrx_word' id='word_1_316' title='bbox 1060 4408 1349 4495; x_wconf 83' lang='lat' dir='ltr'><em>aliquam</em></span> <span class='ocrx_word' id='word_1_317' title='bbox 1375 4410 1672 4497; x_wconf 88' lang='lat' dir='ltr'><em>regulam</em></span> <span class='ocrx_word' id='word_1_318' title='bbox 1696 4408 1778 4475; x_wconf 85' lang='lat' dir='ltr'><em>ab</em></span> <span class='ocrx_word' id='word_1_319' title='bbox 1800 4406 1881 4474; x_wconf 90' lang='lat' dir='ltr'><em>iis</em></span> <span class='ocrx_word' id='word_1_320' title='bbox 1905 4411 2248 4489; x_wconf 79' lang='lat' dir='ltr'><em>servatam,</em></span> <span class='ocrx_word' id='word_1_321' title='bbox 2274 4422 2409 4470; x_wconf 90' lang='lat' dir='ltr'><em>non</em></span> <span class='ocrx_word' id='word_1_322' title='bbox 2432 4419 2652 4489; x_wconf 86' lang='lat' dir='ltr'><em>seque·</em></span> 
     </span>
    </p>
   </div>
   <div class='ocr_carea' id='block_1_3' title="bbox 2928 1258 2930 1833">
    <p class='ocr_par' dir='ltr' id='par_1_7' title="bbox 2928 1258 2930 1833">
     <span class='ocr_line' id='line_1_40' title="bbox 2928 1258 2930 1833; baseline 0 0"><span class='ocrx_word' id='word_1_323' title='bbox 2928 1258 2930 1833; x_wconf 95' lang='lat' dir='ltr'><em> </em></span> 
     </span>
    </p>
   </div>
  </div>
 </body>
</html>
