2930 4982
1141 337 1219 383 ΒΕ
1265 336 1591 385 cavimus.
2391 331 2414 387 ¹
2434 332 2512 386 75

249 481 275 520 «
298 457 482 545 Juxta
502 452 992 538 Tridentinum,
1019 476 1148 525 sess
1171 456 1284 541 25,
1308 478 1367 526 c.
1393 456 1459 525 6.
1490 480 1524 522 υ
1560 454 1963 547 (Leurenius,
1988 459 2236 527 Forum
2256 458 2516 540 eccles„

240 563 277 630 l.
306 584 399 646 ιιι,
430 561 529 628 tit.
562 583 656 647 11,
684 567 911 651 quaest.
951 562 1130 652 126.)

313 667 417 737 Ad
442 666 608 735 illud
632 673 848 736 autem
876 670 1050 759 quod
1081 670 1347 755 dixerat,
1378 692 1514 739 non
1542 694 1723 763 posse
1746 671 2138 765 Episcopum
2163 693 2520 742 convocare

242 773 591 864 capitulum
612 774 694 843 ad
718 778 1126 845 tractandum
1156 778 1407 868 aliquid
1434 800 1836 847 concernens
1859 780 2195 870 proprium
2215 778 2519 871 Episcopi

242 881 677 967 commodum,
715 884 1182 953 restrictionem
1214 886 1404 954 istam
1445 887 1714 976 apponit
1741 884 2105 955 Leurenius
2134 909 2151 955 ε
2177 887 2326 959 Nisi
2345 884 2530 954 illud

237 988 572 1078 privatum
598 987 902 1057 interesse
926 1002 1251 1081 spectaret
1280 990 1374 1061 ad
1400 993 1607 1061 illum
1646 1006 1975 1085 tanquam
2011 993 2443 1085 Episcopum,
2467 997 2528 1061 et

242 1097 318 1163 ita
351 1095 649 1163 decisum
679 1096 878 1165 fuisse
905 1098 1098 1166 refert
1122 1121 1161 1166 a
1191 1098 1383 1169 Sacra
1410 1099 1922 1190 Congregatione
1951 1100 2214 1169 concilii
2247 1100 2316 1168 in
2343 1118 2533 1169 causa

243 1201 608 1294 Sequntina
632 1201 674 1272 3
696 1204 1076 1293 septembris
1099 1206 1293 1276 1587.
1322 1206 1675 1297 Subjungit
1692 1213 1907 1276 autem
1936 1230 2008 1275 ex
2028 1206 2333 1287 Barbosn,
2357 1202 2540 1297 quod

241 1309 541 1398 quamvis
563 1308 726 1378 dum
748 1309 828 1378 de
843 1333 961 1380 suo
982 1335 1381 1403 suorumque
1399 1312 1742 1381 commodo
1768 1314 1997 1404 aqitur
2020 1311 2231 1403 possit
2253 1310 2529 1403 Episco-

237 1437 359 1505 pus
386 1415 768 1507 capitulum
797 1440 1153 1485 convocare
1193 1429 1258 1485 et
1309 1441 1448 1485 rem
1485 1441 1884 1511 proponere,
1921 1418 2155 1486 debeat
2186 1428 2410 1485 tamen
2436 1439 2533 1484 re·

243 1521 536 1612 linquere
558 1523 903 1591 canonicos
924 1523 1128 1610 solos,
1160 1535 1235 1591 ut
1265 1523 1398 1615 ipsi
1419 1522 1625 1592 libere
1661 1546 1802 1592 rem
1840 1523 2210 1592 discutiant
2232 1535 2298 1591 et
2325 1521 2539 1591 deter-

244 1628 497 1696 minent
511 1647 541 1712 ;
567 1629 708 1719 ipse
744 1629 1111 1722 Episcopus
1146 1630 1417 1698 nullam
1440 1630 1512 1697 in
1540 1630 1664 1698 lzoc
1694 1652 1851 1698 casu
1875 1652 2099 1699 vocem
2123 1629 2371 1697 habeat
2383 1647 2416 1713 ;
2440 1626 2545 1695 uti

242 1735 449 1803 etiam
488 1735 665 1804 alias
702 1735 975 1804 nullam
1018 1737 1221 1806 habet
1264 1738 1340 1805 in
1383 1737 1675 1827 capitulo
1714 1759 1963 1825 vocem,
2001 1736 2135 1804 nisi
2159 1738 2337 1827 forte
2377 1747 2542 1805 esset

240 1841 447 1909 simul
470 1843 823 1912 canonicus
850 1855 913 1911 et
938 1843 1366 1912 interveniret
1396 1853 1474 1910 ut
1499 1843 1682 1913 talis,

330 1947 670 2040 Quidquid
699 1951 919 2018 dicant
952 1949 1311 2017 Leurenius
1356 1957 1419 2016 et
1460 1951 1599 2029 alii,
1649 1951 1728 2018 de
1771 1953 1923 2041 jure
1965 1948 2411 2020 archidiaconi
2437 1948 2543 2017 vel

244 2053 475 2122 decani
504 2056 899 2123 convocandi
933 2056 1327 2145 capitulum,
1362 2055 1489 2121 hoc
1518 2058 1773 2121 tantum
1809 2061 2060 2123 certum
2099 2060 2217 2138 est,
2242 2056 2353 2145 jus
2381 2053 2547 2122 illud

243 2162 576 2251 pertinere
632 2162 714 2229 ad
745 2161 1116 2252 proesidem-
1164 2162 1429 2252 capituli
1485 2183 1600 2228 seu
1650 2161 1731 2228 ad
1771 2162 2074 2251 primam
2127 2160 2545 2248 diqnitatem.

240 2267 576 2347 Quaenam
604 2272 820 2332 autem
849 2267 932 2333 sit
960 2267 1073 2332 illa
1103 2267 1317 2353 prima
1339 2266 1651 2352 dignitas,
1671 2266 1811 2352 jam
1839 2287 1877 2332 a
1906 2264 2114 2332 multo
2136 2276 2425 2355 tempore
2442 2265 2555 2354 jus

237 2394 395 2439 non
425 2368 833 2453 determinat,
880 2371 988 2437 sed
1033 2369 1267 2458 pendet
1306 2391 1344 2436 a
1386 2370 1851 2438 consuetudine
1887 2370 2206 2454 locorum,
2238 2375 2401 2438 etex
2431 2370 2553 2440 de·

242 2483 429 2547 creto
460 2475 798 2545 erectionis
819 2476 1109 2568 capituli.
1134 2473 1366 2567 Magna
1387 2475 1585 2544 ‘enim
1604 2476 1674 2545 in
1701 2476 1825 2545 hoc
1848 2478 2023 2568 viget
2044 2476 2339 2563 varietas,
2365 2477 2449 2546 ita
2477 2482 2553 2547 ut

246 2588 316 2652 in
341 2583 746 2674 quibusdam
772 2584 1066 2673 capitulis
1090 2583 1300 2672 prima
1331 2584 1614 2672 dignitas
1655 2586 1736 2653 sit
1762 2585 2283 2671 archidiaconuS,
2311 2584 2382 2654 in
2408 2585 2551 2653 aliis

252 2690 660 2782 praeposituS,
697 2690 767 2757 in
809 2691 954 2758 aliis
984 2691 1290 2774 decanus,
1337 2692 1407 2758 in
1452 2691 1596 2759 aliis
1632 2692 2070 2781 primicerius,
2101 2700 2177 2760 ut
2205 2693 2394 2760 facile
2431 2693 2554 2760 de-

258 2797 610 2866 monstrari
648 2803 845 2887 potest
870 2797 1164 2888 ipsismet
1196 2798 1467 2865 decretis
1490 2799 1894 2882 erectionum
1941 2820 2088 2886 quae
2129 2798 2324 2865 refert
2355 2796 2558 2862 Pitto-

262 2904 406 2972 nius
434 2905 510 2971 in
534 2925 657 2970 sua
683 2902 1054 2970 collectione
1078 2901 1480 2970 decisionum
1497 2924 1630 2993 pro
1662 2902 2018 2970 canonicis.
2048 2902 2221 2991 Ergo
2246 2923 2561 2991 quocum-

264 3032 386 3099 que
414 3010 691 3079 nomine
732 3014 999 3077 vocetur
1032 3008 1265 3099 prima
1308 3011 1451 3098 post
1493 3006 1891 3097 Episcopum
1934 3006 2255 3096 diqnitas‚
2305 3008 2443 3099 ipsa
2470 3014 2565 3076 est

270 3139 500 3206 praeses
527 3116 830 3207 capituli,
851 3121 916 3184 et
941 3114 1019 3184 ad
1057 3114 1266 3205 ipsam
1299 3113 1581 3204 pertinet
1607 3134 1960 3181 convocare
1985 3114 2370 3205 capitulum.
2401 3114 2560 3181 Item

160 3279 172 3288 .
272 3246 341 3291 ex
361 3223 830 3293 consuetudine
856 3222 960 3291 vel
988 3227 1223 3290 statuto
1263 3220 1405 3289 fieri
1432 3225 1639 3312 potest
1665 3227 1738 3288 ut
1765 3219 2076 3312 impedita
2100 3222 2313 3313 prima
2340 3221 2560 3312 digni-

275 3336 415 3415 tate,
439 3332 553 3421 jus
580 3330 1051 3400 convocationis
1074 3327 1154 3396 ad
1180 3327 1533 3396 secundam
1558 3328 1896 3419 pertineat,
1925 3349 2240 3397 nonvero
2275 3330 2354 3397 ad
2392 3330 2563 3396 anti-

279 3440 572 3525 quiorem
589 3460 664 3505 ex
678 3437 1028 3506 canonicis,
1043 3435 1228 3506 Unde
1243 3436 1456 3525 quoad
1476 3436 1626 3519 hoc,
1641 3434 1912 3504 decretis
1927 3435 2353 3519 erectionum,
2366 3443 2429 3503 et
2443 3441 2567 3503 sta-

280 3547 429 3613 tutis
446 3544 937 3637 capitularibUS,
948 3544 1302 3633 praesertim
1318 3543 1785 3610 consuetudine
1804 3543 2100 3624 firmatiS,
2121 3542 2426 3609 standum
2448 3547 2565 3608 est.

365 3652 473 3722 111.
513 3651 694 3736 Quid
712 3650 772 3719 si
789 3671 1146 3719 convocare
1167 3650 1408 3715 renuat
1424 3648 1481 3715 is
1506 3646 1599 3714 ad
1618 3670 1812 3736 quem
1822 3648 2116 3736 pertinet
2144 3645 2522 3713 convocatio
2543 3647 2574 3708 ?

285 3797 372 3813 —
405 3788 439 3826 «
462 3759 839 3852 Capitulum
861 3754 1367 3825 coadunandum
1387 3758 1485 3819 est
1505 3752 1586 3817 ab
1607 3751 1686 3817 iis
1703 3773 1988 3838 quorum
2012 3752 2294 3833 interest,
2323 3771 2574 3842 semper

296 3891 334 3931 ιι
358 3874 417 3935 et
463 3868 724 3958 quando
776 3887 890 3955 per
944 3860 1330 3955 capitulares
1380 3857 1681 3926 instatur.
1719 3854 2096 3947 (Gavantus,
2146 3856 2215 3923 in
2260 3859 2576 3929 Manuoli

305 3997 340 4035 ι(
371 3975 590 4064 episc„
623 3995 777 4043 voce
810 3969 1228 4062 Capitulum,
1256 3990 1324 4035 n.
1356 3965 1452 4058 6.)
1479 3964 1743 4057 Amplia
1779 3963 2033 4031 etiamsi
2087 3963 2231 4031 talis
2272 3963 2575 4064 instantia

313 4104 347 4143 ι(
373 4081 474 4150 fiat
507 4105 623 4174 per
659 4079 930 4148 unicum
974 4078 1367 4147 canonicum
1386 4127 1405 4159 ,
1449 4071 1711 4161 aliquod
1754 4070 2089 4160 negotium
2133 4092 2264 4139 non
2304 4072 2442 4142 leve
2484 4072 2578 4141 ibi

314 4209 348 4248 «
374 4209 721 4279 proponere
735 4185 1096 4277 cupientem
1107 4235 1121 4251 .
1131 4182 1317 4263 Quod
1332 4182 1385 4249 si
1404 4179 1661 4247 efficere
1674 4177 2030 4263 renuerint,
2039 4176 2139 4247 vel
2152 4178 2577 4268 neglexerint,

318 4315 354 4353 α
378 4292 512 4361 duae
526 4299 737 4386 partes
760 4291 1215 4382 capitularium
1235 4285 1618 4376 hujusmodi
1639 4292 1859 4353 actum
1888 4286 2095 4355 facere
2124 4286 2365 4363 valent,
2387 4288 2449 4347 et
2468 4277 2584 4343 tali

323 4420 358 4459 α
387 4407 610 4470 eventu
631 4398 990 4489 capitulum
1004 4396 1239 4464 dicitur
1254 4392 1541 4482 seipsum
1561 4412 1933 4461 convocare.
1952 4391 2034 4459 Et
2047 4388 2402 4459 canonicus
2421 4376 2587 4445 anti-
