2930 4982
462 384 585 440 576
1462 388 1810 436 'mactmus

463 541 497 581 α
528 520 654 584 tate
666 533 779 582 sua
793 509 1253 580 communivit,
1275 507 1394 577 Die
1410 507 1454 577 8
1472 529 1693 576 mense
1707 508 2046 577 novembri
2061 510 2287 577 eodem
2302 527 2476 578 anno
2495 510 2671 579 1843
2683 564 2698 580 ,
2711 536 2747 574 »

455 621 552 713 (ln
578 620 947 690 collectione
973 614 1415 701 Gardelliana,
1436 618 1595 682 tom.
1625 613 1803 701 Vlu,
1825 636 1896 683 n,
1927 612 2158 704 4826.)

540 726 992 796 Demonstrato
1022 726 1238 790 autem
1274 721 1501 789 vicarii
1541 720 1912 812 capitularis
1950 723 2101 809 Jure
2136 719 2472 788 visitandae
2513 721 2753 790 dioece·

451 855 625 919 seos,
670 834 806 901 duo
852 828 1246 920 exquirenda
1290 833 1631 896 remanent
1680 850 1697 895 z
1762 828 1826 893 1⁰
1865 824 2041 907 Quid
2086 826 2501 893 sentiendum
2550 828 2638 893 sit
2681 829 2753 897 de

450 936 954 1007 [imitationibus
1020 955 1183 1024 quas
1247 938 1543 1000 auctores
1610 931 1881 1021 quidam
1942 930 2102 998 huic
2163 930 2305 1021 juri
2368 939 2747 1021 apponunt;

454 1045 525 1113 2⁰
557 1066 861 1135 quaenam
900 1063 1020 1134 pro
1057 1039 1422 1108 visitatione
1465 1039 1908 1107 emolumenta
1948 1037 2200 1126 exigere
2240 1038 2439 1128 possit
2475 1038 2751 1107 vicarius

454 1150 852 1240 capitularis,

543 1256 593 1324 1.
642 1256 701 1323 Α
748 1253 1060 1347 praedicto
1109 1253 1490 1320 visitationis
1528 1254 1684 1342 jure
1733 1251 1979 1319 vicario
2026 1252 2367 1341 capitulari
2410 1251 2743 1321 tribuendo

454 1363 658 1453 aliqui
691 1367 986 1431 auctores
1031 1358 1360 1450 excipiunt
1400 1381 1626 1427 casum
1671 1380 1804 1447 quo
1847 1380 1982 1427 non
2021 1357 2369 1426 effluxisset
2416 1380 2630 1427 annus
2671 1360 2741 1428 ab

454 1468 688 1537 ultima
732 1465 1093 1534 visitatione
1141 1464 1308 1532 facta
1347 1486 1386 1532 a
1423 1465 1728 1533 defuncto
1771 1464 2116 1554 Episcopo,
2158 1464 2289 1531 Alii
2336 1464 2536 1531 etiam
2579 1465 2741 1532 hunc

456 1596 679 1643 casum
706 1572 941 1640 nolunt
972 1571 1181 1661 excipi
1218 1571 1344 1637 nisi
1389 1578 1709 1660 quatenus
1755 1592 1886 1636 non
1919 1578 2178 1659 urgeret
2220 1571 2580 1637 necessitas,
2615 1570 2739 1638 Alii

452 1679 786 1769 excipiunt
808 1680 1001 1744 etiam
1029 1698 1252 1744 casum
1279 1698 1411 1764 quo
1434 1676 1614 1743 brevi
1645 1676 2137 1744 constituendus
2166 1682 2520 1767 speraretur
2542 1698 2739 1744 novus

453 1785 834 1874 Episcopus,
897 1780 1023 1850 Sed
1078 1801 1212 1848 non
1274 1780 1447 1848 clare
1501 1781 1825 1872 explicant
1878 1787 2112 1850 utrum
2165 1783 2285 1849 has
2341 1781 2741 1849 limitationes

452 1888 819 1977 intelligant
850 1884 1064 1975 quoad
1105 1885 1627 1953 convenientiam
1657 1892 1718 1953 et
1758 1886 2109 1955 liceitatem
2141 1888 2210 1953 in
2249 1887 2388 1954 foro
2430 1888 2740 1955 conscien-

451 1998 582 2077 tiae,
628 2017 707 2062 an
757 2000 977 2062 autem
1019 1993 1216 2060 etiam
1259 1994 1474 2082 quoad
1520 1993 1808 2061 valorem
1851 1994 1945 2061 sic
1988 1994 2166 2061 factae
2211 1995 2620 2062 visitationis,
2669 1996 2741 2062 At

454 2125 605 2171 vero
646 2102 738 2169 sic
796 2100 1051 2193 videtur
1093 2098 1434 2165 enodanda
1473 2098 1648 2165 circa
1694 2099 2078 2188 hujusmodi
2119 2100 2548 2167 limitationes
2594 2101 2743 2167 diffi-

453 2210 676 2278 cultas.
738 2207 909 2276 Cum
962 2213 1215 2274 certum
1277 2207 1360 2272 sit
1406 2206 1939 2295 jurisdictionem
1990 2207 2395 2273 ordinariam
2455 2206 2739 2298 Episcopi

453 2317 727 2385 transire
776 2316 849 2381 in
897 2313 1286 2403 capitulum,
1340 2313 1488 2380 sede
1538 2313 1838 2396 vacante‘,
1891 2313 2170 2403 exceptis
2222 2314 2303 2381 iis
2349 2335 2504 2403 quae
2548 2336 2584 2381 a
2613 2316 2740 2403 jure

452 2425 872 2513 reperiuntur
901 2425 1203 2511 excepta3
1248 2441 1401 2487 cum
1433 2425 1685 2486 certum
1728 2421 1811 2486 sit
1850 2419 2110 2488 aliunde
2143 2422 2254 2511 jus
2282 2421 2590 2488 visitandi
2628 2441 2742 2487 esse

451 2529 530 2597 de
580 2529 1035 2616 jurisdictione
1094 2529 1426 2595 ordinaria
1501 2527 1900 2617 episcopali,
1957 2535 2027 2594 ‘et
2093 2528 2334 2596 nullibi
2395 2531 2745 2618 reperiatur

450 2655 820 2725 expressum
849 2635 920 2700 in
949 2633 1207 2721 legibus
1236 2633 1520 2700 ecclesiae
1541 2637 1651 2722 jus
1681 2634 1844 2700 illud
1880 2635 1961 2701 ad
1992 2628 2350 2724 capitulum
2377 2656 2505 2700 non
2535 2641 2743 2699 trans-

452 2742 573 2827 ire,
605 2751 717 2808 aut
764 2739 1038 2806 transire
1083 2744 1340 2805 tantum
1389 2760 1544 2805 cum
1605 2738 2030 2820 limitatione;
2083 2739 2607 2808 concludendum
2650 2744 2744 2806 est

452 2846 733 2935 capitulo
761 2845 1126 2935 competere
1169 2847 1550 2934 potestatem
1587 2844 1985 2913 ordinariam
2019 2846 2324 2915 visitandi
2357 2834 2527 2912 sicut
2573 2868 2741 2913 com-

453 2952 706 3042 petebat
753 2952 1056 3020 defuncto
1108 2951 1452 3042 Episcopo,
1504 2949 1691 3017 Unde
1737 2952 1989 3019 etiamsi
2048 2953 2330 3019 vicarius
2380 2952 2738 3041 capitularis

447 3057 883 3125 visitationem
911 3058 1202 3125 dioecesis
1232 3058 1597 3124 institueret
1637 3058 1935 3125 nondum
1963 3057 2182 3147 elapso
2211 3079 2383 3125 anno
2410 3056 2495 3125 ab
2524 3057 2740 3125 ultima

449 3161 815 3252 Episcopali
852 3162 1235 3244 visitatione,
1263 3168 1327 3229 et
1355 3161 1606 3230 etiamsi
1637 3162 1819 3230 brevi
1844 3163 2334 3230 constituendus
2360 3163 2519 3231 foret
2539 3185 2738 3230 novus

453 3265 837 3355 EpiscopuS,
867 3290 998 3335 non
1029 3274 1241 3359 posset
1273 3269 1410 3336 dici
1433 3274 1573 3336 acta
1597 3267 1982 3336 visitationis
2010 3290 2145 3337 esse
2172 3269 2359 3336 irrita
2388 3272 2465 3336 ex
2504 3270 2737 3337 deiectu

441 3371 935 3459 jurisdictionis,
2077 3401 2082 3405 ·

535 3476 620 3542 At
663 3497 814 3543 vero
868 3477 1410 3546 concurrentibus
1467 3481 1724 3549 duobus
1774 3481 2100 3572 praedictis
2148 3482 2434 3569 casibuS,
2476 3482 2734 3550 visitatio

452 3583 752 3674 (demptis
786 3583 1288 3652 circumstantiis
1327 3586 1870 3676 extraordinariis)
1905 3587 2290 3677 plerumque
2332 3594 2498 3656 esset
2537 3591 2734 3680 potius

450 3692 638 3757 noxia
664 3712 865 3778 quam
897 3689 1102 3773 utilis,
1134 3693 1208 3756 ut
1245 3694 1458 3780 patet3
1504 3698 1567 3758 et
1595 3714 1671 3758 ex
1711 3691 1832 3759 hac
1873 3693 2122 3761 ratione
2145 3699 2350 3782 potest
2376 3695 2660 3784 capitulo
2682 3698 2737 3758 et

445 3797 686 3866 vicario
714 3797 1054 3888 capitulari
1096 3818 1228 3864 non
1267 3818 1403 3865 esse
1438 3797 1640 3865 licita,
1680 3799 1761 3866 Et
1797 3800 1889 3868 sic
1928 3800 2139 3888 quoad
2186 3800 2537 3868 liceitatem
2583 3821 2732 3891 prae·

445 3905 633 3971 dictae
687 3892 1117 3972 limitationes
1158 3905 1228 3970 in
1286 3904 1425 3970 foro
1482 3904 1891 3974 conscientiae
1941 3905 2359 3975 admittendae
2413 3908 2732 3975 videntur,

447 4005 901 4077 visitationem
947 4010 1163 4078 antem
1216 4011 1552 4079 instituere
1596 4013 1960 4101 capitulum
2012 4012 2117 4082 vix
2159 4035 2460 4103 unquam
2507 4013 2739 4082 utiliter

445 4111 716 4202 poterit,
767 4138 922 4183 cum
966 4117 1419 4185 administrare
1464 4116 1740 4208 nequeat
1777 4120 1909 4187 nisi
1953 4121 2186 4210 primis
2237 4126 2378 4189 octo
2426 4121 2662 4190 diebus
2705 4143 2739 4186 a

448 4215 704 4304 cognita
743 4220 910 4286 sedis
947 4226 1316 4311 vacatione3
1357 4230 1420 4291 et
1459 4229 1753 4292 teneatur
1800 4220 2126 4294 vicarium
2170 4226 2588 4315 constituere,
2616 4248 2739 4318 quo

447 4322 833 4408 constitum,
877 4324 1049 4392 nihil
1089 4331 1229 4417 Jam
1278 4336 1569 4398 remanet
1618 4353 1815 4421 penes
1860 4332 2222 4422 capitulum
2268 4332 2742 4422 jurisdictionis

445 4430 656 4517 quoad
711 4429 1113 4500 exercitium,
1166 4434 1472 4513 X-icarius
1526 4443 1745 4506 autem
1807 4439 2178 4528 capitularis
2201 4491 2219 4522 ,
2267 4447 2494 4531 utpote
2550 4440 2741 4507 totius
