2930 4982
1100 372 1178 416 nn
1222 370 1551 418 cunnus.
2347 367 2470 422 507

268 488 579 557 Affirmat
605 489 839 558 deinde
879 488 947 559 S.
981 489 1568 577 congregationem
1606 489 1815 580 Episc.
1849 498 1912 559 et
1950 514 2086 583 reg.
2120 491 2217 583 (in
2248 494 2479 563 Saler-

181 596 455 683 nitana,
515 596 597 663 16
644 597 798 686 julii
841 595 1033 688 16¹8)
1088 597 1484 665 declarasse:
1539 620 1573 661 α
1619 596 1934 665 vicarium
1981 599 2259 669 electum
2321 623 2478 669 cum

185 728 218 770 (ι
267 702 598 792 aliquibus
635 703 1112 772 conditionibus
1152 725 1333 794 posse
1386 703 1821 772 nihilominus
1867 706 1965 770 uti
2007 727 2122 773 sua
2162 708 2479 796 Jurisdic-

185 835 222 878 «
261 809 439 878 tione
484 809 727 899 absque
787 810 922 877 ullo
960 816 1257 901 respectu
1327 810 1856 901 supradictarum
1904 811 2355 882 conditionum
2384 844 2402 903 3
2433 839 2469 879 >³

178 921 239 985 et
263 914 532 1005 quidem
560 917 754 982 etiam
789 915 1091 983 adversus
1115 915 1421 1007 ipsosmet
1448 917 1794 985 canonicos
1825 914 1938 1003 qui
1960 936 2112 982 eum
2144 919 2483 1005 elegerunt

178 1040 341 1091 cum
370 1021 559 1088 dictis
580 1020 1081 1109 conditionibus,
1108 1043 1183 1089 ex
1215 1022 1683 1091 animadversis
1716 1044 1832 1111 per
1866 1019 2250 1089 Valenzuol.
2283 1022 2476 1093 Cons,

185 1127 338 1208 107,
412 1149 480 1194 n.
513 1142 516 1147 '
551 1127 632 1195 15
688 1132 752 1195 et
802 1128 910 1213 16,
970 1132 1033 1194 et
1095 1126 1164 1194 in
1232 1128 1475 1208 Flosc.‚
1536 1127 1734 1196 verbo
1803 1126 2100 1194 Vicarius
2157 1128 2476 1218 capituli,

179 1257 246 1302 n.
285 1234 375 1301 54
397 1238 458 1300 et
478 1232 592 1312 58,
613 1234 729 1301 ubi
759 1234 952 1301 refert
975 1235 1062 1301 ita
1089 1234 1338 1325 pluries
1367 1234 1660 1303 decisum
1680 1256 1716 1301 a
1747 1231 1942 1302 Sacra
1972 1232 2485 1324 Congregatione

179 1340 651 1432 Episcoporum
687 1345 748 1408 et
776 1341 1201 1428 regularium.

270 1445 393 1514 His
446 1446 851 1514 documentis
884 1447 1325 1537 adjungemus
1371 1468 1518 1535 quae
1566 1445 1763 1528 tradit
1790 1443 2154 1512 Cardinalis
2193 1444 2272 1512 de
2303 1444 2486 1515 Luca
2612 1510 2615 1513 Α

191 1550 483 1639 (Relatio
510 1554 833 1619 Romanoe
861 1550 1063 1617 curioe
1083 1551 1390 1641 forensia,
1438 1550 1739 1618 discursu
1790 1549 1896 1632 16,
1930 1571 1997 1616 n.
2035 1549 2139 1639 12)
2183 1573 2198 1616 ι
2264 1574 2300 1614 ι(
2324 1548 2487 1618 Sede

191 1684 225 1723 «
260 1664 479 1726 autem
505 1658 873 1749 Episcopali
887 1663 1175 1745 vacante,
1195 1659 1264 1724 in
1285 1658 1406 1726 ista
1424 1656 1929 1746 congregatione
1960 1655 2045 1746 (1)
2081 1655 2484 1745 frequentius

196 1787 230 1826 ι(
265 1764 443 1855 (licet
471 1763 860 1852 quandoque
883 1764 993 1831 sed
1021 1764 1233 1830 rarius
1263 1764 1335 1829 in
1368 1764 1482 1830 illa
1511 1761 1799 1853 concilii)
1830 1762 2158 1830 habentur
2186 1763 2484 1850 quaestio-

198 1894 231 1932 «
268 1890 386 1936 nes
417 1891 605 1958 super
628 1869 1039 1959 deputatione
1061 1869 1288 1936 vicarii
1315 1868 1729 1958 capitularis;
1762 1873 1954 1956 atque
1990 1867 2105 1934 ubi
2144 1868 2480 1955 dignosca-

194 1999 228 2038 «
259 1981 366 2041 tur
382 1975 554 2063 quod
581 1997 654 2042 ea
682 1975 762 2042 ad
791 1973 1241 2064 praescriptum
1268 1972 1535 2041 concilii
1558 1972 1929 2039 Tridentini
1947 1972 2044 2037 vel
2061 1972 2483 2039 Decretorum

190 2106 226 2146 ι(
257 2079 474 2149 Sacrae
504 2079 1035 2168 Congregationis
1058 2079 1223 2147 facta
1249 2101 1383 2146 non
1419 2080 1525 2163 sit,
1550 2080 1744 2146 varia}
1768 2077 1928 2145 oriri
1951 2077 2157 2144 solent
2175 2077 2487 2166 provisio-

197 2208 232 2246 «
261 2183 826 2273 nes.Quandoque
871 2186 1141 2268 etenim,
1175 2184 1292 2251 ubi
1335 2185 1604 2252 nullitas
1648 2207 1781 2252 non
1831 2182 2167 2273 proveniat
2217 2205 2294 2250 ex
2326 2184 2487 2251 vitio

190 2313 226 2353 «
261 2309 585 2378 personae,
617 2310 816 2377 quam
861 2294 1108 2356 constet
1161 2310 1298 2356 esse
1351 2291 1624 2378 dignam
1659 2295 1720 2357 et
1760 2290 2089 2374 idoneam,
2143 2293 2301 2353 tunc
2349 2288 2488 2377 ipsa

195 2420 231 2460 (ι
259 2394 595 2484 deputatio
622 2395 1090 2463 revalidatur...
1147 2395 1551 2484 Quandoque
1589 2418 1735 2464 vero
1765 2397 1905 2486 ipsa
1931 2394 2360 2483 Congregatio
2392 2395 2490 2461 vi-

192 2528 227 2567 «
270 2502 526 2569 carium
552 2504 834 2592 deputat,
871 2525 1023 2570 cum
1051 2503 1314 2570 oraculo
1344 2502 1563 2593 Papae,
1589 2509 1652 2570 et
1691 2502 1807 2591 qui
1831 2507 2169 2592 propterea
2215 2500 2488 2590 Aposto-

207 2634 241 2674 «
271 2608 437 2676 licus
474 2609 751 2693 dicitur;
784 2615 846 2675 et
874 2609 1265 2697 quandoque
1295 2609 1647 2676 mandatur
1664 2615 1739 2675 ut
1767 2610 2129 2698 capitulum
2159 2608 2373 2675 denuo
2405 2608 2485 2675 ad

202 2737 236 2778 ι(
269 2714 646 2781 electionem
676 2713 976 2803 procedat
994 2741 1011 2799 3
1044 2714 1177 2781 sive
1206 2716 1704 2804 metropolitano
1727 2720 1841 2781 aut
1872 2713 2175 2780 viciniori
2220 2713 2284 2779 id
2316 2735 2491 2780 com-

204 2843 238 2885 «
271 2820 554 2886 mittitur
578 2821 771 2908 (quod
795 2826 1012 2886 tamen
1042 2842 1267 2888 rarum
1294 2822 1438 2911 est),
1462 2820 2035 2909 cumsrequentior
2061 2819 2264 2906 stylus
2290 2818 2490 2886 sitvel

202 2948 232 2986 «
272 2924 708 2990 confirmandi
737 2924 1144 3016 deputatum,
1165 2926 1265 2991 vel
1291 2926 1646 3015 deputandi
1675 2927 1987 2993 vicarium
2007 2925 2482 3014 Apostolicum.

208 3053 242 3091 κ
271 3025 344 3096 Si
366 3051 516 3095 vero
548 3029 876 3118 deputatio
912 3031 994 3096 sit
1015 3029 1249 3109 valida,
1277 3033 1385 3097 sed
1413 3032 1578 3099 facta
1607 3030 1691 3097 sit
1734 3032 1813 3098 ad
1867 3037 2148 3120 tempuS,
2205 3036 2317 3097 aut
2333 3051 2488 3098 cum

202 3159 236 3198 «
271 3135 605 3223 aliquibus
653 3134 1169 3202 restrictionibus
1206 3134 1304 3226 (ut
1344 3138 1788 3227 capitulorum
1838 3137 2233 3225 frequentior
2285 3136 2491 3224 stylus

207 3266 240 3306 ε(
268 3262 404 3308 esse
425 3240 726 3331 videtur),
750 3248 908 3308 tunc
938 3244 1074 3330 ipsa
1093 3240 1548 3331 Congregatio,
1579 3248 1900 3332 quatenus
1931 3243 2266 3329 contingat
2291 3241 2483 3308 desu-

211 3369 240 3409 (ι
270 3369 386 3436 per
411 3369 525 3437 per
544 3348 849 3415 eumdem
878 3348 1256 3437 deputatum
1286 3371 1430 3416 eam
1465 3348 1822 3431 certiorari,
1849 3348 2061 3415 eidem
2084 3347 2382 3414 rescribit
2410 3350 2483 3413 ut

207 3474 380 3542 «pro
411 3459 541 3520 toto
571 3460 850 3543 tempore
869 3455 1222 3522 vacationis
1237 3455 1376 3544 ejus
1406 3477 1652 3522 munus
1674 3458 1982 3539 exerceat,
2011 3475 2162 3521 cum
2189 3453 2490 3519 universa

210 3582 239 3620 (ι
261 3559 740 3647 Jurisdictione,
769 3560 1075 3648 neglectis
1090 3560 1216 3626 sibi
1247 3559 1427 3626 factis
1450 3558 1995 3644 restrictionibuS,
2044 3580 2205 3646 quas
2249 3558 2493 3646 impro-

212 3686 241 3723 «
268 3661 416 3731 batt
434 3664 515 3730 Et
536 3667 883 3754 aliquando
909 3666 1118 3733 eidem
1147 3666 1389 3733 vicario
1417 3665 1761 3756 capitulari
1798 3665 2087 3754 aliquam
2119 3662 2494 3731 communi·

214 3791 246 3830 «
273 3788 420 3836 care
439 3771 596 3838 solet
619 3773 985 3840 facultatem
1015 3795 1143 3861 qua
1167 3775 1303 3862 ipse
1346 3779 1577 3859 careat,
1608 3778 1765 3863 puta
1815 3771 2213 3839 concedendi
2242 3771 2486 3837 litteras

217 3874 729 3946 «dimissoriales
748 3880 825 3946 ad
841 3879 1277 3968 suscipiendos
1290 3878 1550 3947 ordines
1583 3879 1753 3947 infra
1773 3901 2050 3947 annum.
2079 3902 2113 3944 ›>

235 3979 495 4069 Olim,
535 3985 751 4074 inquit
796 3984 1076 4073 Riganti,
1119 4010 1153 4050 «
1199 3984 1393 4053 Sacra
1424 3985 1856 4076 Congregatio
1907 4007 2049 4054 eam
2104 3955 2488 4074 sequebatur

205 4088 597 4172 sententiam,
627 4091 845 4178 quod
829 4114 894 4158 ln
922 4090 1238 4159 vicarium
1261 4093 1683 4183 capitularem
1716 4115 1848 4160 non
1881 4093 2184 4160 transiret
2225 4097 2350 4159 tota
2376 4113 2490 4181 po-

205 4192 381 4262 testas
414 4201 475 4261 et
482 4195 850 4283 Jurlsdictio
876 4197 1300 4288 EpiscopaliS,
1325 4200 1435 4266 sed
1456 4221 1530 4265 ea
1547 4205 1800 4266 tantum
1818 4221 1965 4288 quae
1987 4200 2106 4267 sibi
2122 4199 2485 4289 specialiter

263 4418 321 4478 (¹)
344 4419 592 4486 Loquitur
611 4423 675 4473 de
695 4423 1089 4488 Congregatione
1118 4438 1271 4490 super
1289 4427 1504 4488 negotiis
1523 4425 1885 4489 Episcoporum
1906 4430 1958 4477 et
1977 4425 2301 4487 regularium.
