2930 4982
299 344 420 400 502
1267 345 1615 393 TRACTA'ms

301 470 529 539 tribuit
571 468 743 537 actui
785 464 1131 558 specialem
1158 467 1475 552 valorem,
1513 466 1621 534 sed
1655 464 1949 532 validum
1994 485 2152 531 eum
2192 462 2582 553 supponit...

295 579 410 647 Ast
440 575 846 645 confirmatio
875 575 947 641 in
973 572 1184 641 forma
1219 573 1501 664 speciali
1535 577 1753 642 actum
1782 571 1862 639 de
1898 594 1964 639 se
1999 571 2195 639 etiam
2217 569 2592 637 invalidum

294 682 503 754 reddit
543 681 862 767 validum,
895 679 1158 770 quando
1188 679 1473 749 defectus
1500 680 1602 748 vel
1628 668 1996 747 invaliditas
2040 683 2133 744 est
2160 675 2521 743 auferibilis
2544 686 2597 744 ‘a

294 790 736 872 confirmante,
775 787 879 854 vel
908 787 1269 878 dispensari
1306 786 1462 855 solet
1490 812 1523 852 »
1564 785 1666 878 (ad
1692 785 1963 852 titulum
1986 782 2073 852 30
2107 781 2262 850 libri
2294 804 2338 849 ιι
2361 780 2599 850 Decre-

294 893 575 984 talium).

382 998 479 1069 Ex
515 1022 590 1068 ea
628 1018 782 1068 vero
826 1004 999 1067 certa
1042 1004 1105 1067 et
1140 1000 1543 1067 unanimiter
1583 1003 1841 1089 recepta
1887 995 2180 1064 doctrina
2228 995 2374 1064 haec
2414 994 2598 1064 colli-

299 1107 509 1197 genda
545 1105 856 1174 veniunt:
897 1108 960 1173 1⁰
988 1103 1332 1174 Decretum
1362 1104 1776 1197 provincialis
1824 1102 2091 1193 synodi,
2128 1103 2206 1170 de
2235 1125 2302 1170 se
2333 1101 2593 1170 nullum

299 1218 361 1283 et
404 1213 688 1294 irritum,
737 1211 1007 1278 validari
1043 1212 1270 1300 nequit
1314 1212 1442 1280 nisi
1489 1228 1619 1303 per·
1650 1212 1936 1299 aliquam
1977 1209 2225 1277 summi
2269 1206 2600 1276 Pontificis

300 1317 903 1408 confirmationem.
934 1316 1103 1385 Cum
1137 1318 1312 1386 enim
1336 1317 1658 1409 ejusmodi
1688 1315 2095 1385 confirmatio
2119 1315 2293 1382 nihil
2317 1314 2500 1382 aliud
2522 1316 2604 1383 sit

303 1445 505 1516 quam
554 1424 1000 1491 corroboratio
1043 1431 1251 1511 actm,
1295 1431 1358 1493 et
1401 1426 1735 1493 decretum
1785 1425 1864 1490 de
1902 1444 1967 1491 se
2014 1422 2275 1489 nullum
2326 1422 2602 1490 validari

304 1536 590 1621 nequeat
618 1531 747 1599 nisi
777 1531 1255 1615 corroboretur,
1287 1533 1558 1624 planum
1590 1537 1683 1598 est
1717 1529 2011 1598 validum
2041 1528 2211 1596 effici
2239 1550 2371 1595 non
2408 1550 2597 1618 posse

308 1638 554 1706 dictum
586 1638 945 1717 decretum,
997 1638 1120 1705 nisi
1154 1640 1608 1727 confirmetur.
1643 1637 1713 1703 2⁰
1751 1636 1866 1703 Ast
1906 1656 2041 1701 non
2080 1634 2317 1701 sufficit
2355 1636 2599 1702 confir-

304 1742 503 1809 matio
551 1742 623 1809 in
671 1742 880 1810 forma
924 1742 1293 1827 communi,
1344 1748 1418 1809 ut
1462 1747 1608 1832 pote
1653 1762 1798 1830 quae
1846 1744 2064 1807 actum
2118 1740 2197 1807 de
2235 1763 2301 1807 se
2338 1740 2600 1809 nullum

306 1868 649 1936 nunquam
699 1847 990 1914 validum
1029 1847 1221 1933 sacit3
1257 1847 1362 1915 sed
1396 1849 1670 1915 omnino
1711 1846 2070 1935 requiritur
2097 1846 2509 1915 confirmatio
2540 1849 2606 1916 in

308 1951 519 2021 forma
565 1952 895 2041 specifica,
941 1972 1087 2039 quae
1119 1952 1250 2020 sola
1291 1954 1430 2021 vim
1476 1952 1672 2020 habet
1715 1951 2008 2019 validum
2044 1950 2359 2018 reddendi
2388 1957 2600 2019 actum

309 2056 389 2125 de
417 2079 482 2125 se
515 2058 775 2125 nullum
800 2063 862 2124 et
879 2058 1164 2125 irritum.

399 2162 507 2231 ΠΙ.
551 2162 932 2232 Declaratio
961 2186 1096 2254 qua
1125 2162 1319 2231 diccoe
1366 2161 1583 2230 decem
1611 2160 2060 2254 provinciales
2095 2159 2347 2250 synodi
2391 2161 2606 2251 leqiti-

312 2289 495 2338 mam
511 2271 1055 2360 pronuntiarunt
1083 2271 1536 2361 capitulorum
1571 2270 1816 2339 Gallice
1842 2268 2125 2359 praxim
2144 2267 2381 2357 plures
2408 2266 2610 2359 depu-

314 2372 511 2440 tandi
533 2376 813 2441 vicarios
838 2376 1266 2464 capitular-ea,
1293 2376 1371 2443 de
1394 2399 1460 2443 se
1481 2377 1671 2443 nulla
1684 2376 1823 2465 fuit
1848 2386 1911 2441 ct
1940 2371 2269 2441 invalida.
2286 2411 2379 2423 -
2406 2373 2615 2441 Cons-

311 2479 402 2542 tat
427 2500 500 2545 ex
535 2483 969 2570 propositione
1001 2484 1041 2550 2
1073 2488 1133 2551 et
1169 2481 1237 2570 3,
1273 2483 1512 2572 quibus
1538 2484 1882 2573 probatum
1926 2484 2018 2549 est
2052 2479 2291 2548 dictam
2324 2480 2606 2570 praxim,

301 2583 441 2671 juri
489 2589 827 2653 communi
871 2590 1289 2669 contrariam,
1343 2590 1641 2656 nondum
1688 2589 1980 2677 legitime
2020 2588 2497 2676 praescripsisse,
2524 2608 2606 2653 ac

310 2687 575 2778 proinde
611 2693 993 2758 remansisse
1014 2697 1076 2758 et
1094 2715 1428 2760 remanere
1457 2694 1894 2782 illegitimam.
1923 2693 2339 2759 provinciales
2363 2696 2596 2757 autem

310 2797 538 2883 synodi
555 2819 681 2864 non
711 2803 1065 2889 potuerunt
1091 2798 1516 2867 declaratione
1542 2822 1655 2867 sua
1678 2800 1929 2889 praxim
1960 2799 2147 2867 istam
2166 2822 2239 2866 ex
2260 2796 2609 2884 illegitima

311 2901 669 2989 legitimam
700 2907 992 2994 reddere,
1026 2929 1177 2976 cum
1199 2929 1344 2974 non
1381 2908 1713 2998 potuerint
1744 2908 1856 2996 jus
1885 2928 2234 2975 commune
2265 2906 2602 2994 abrogare.

311 3006 483 3096 Ergo
508 3012 844 3081 declaratio
875 3016 1011 3083 haec
1036 3016 1114 3082 de
1139 3038 1205 3083 se
1237 3015 1416 3084 nulla
1445 3016 1568 3081 suit
1596 3021 1653 3080 et
1678 3014 1982 3080 invalida.

400 3113 514 3183 IV.
536 3118 736 3185 Dicta
758 3118 1123 3187 declaratio
1133 3121 1665 3210 prouincialium
1689 3118 2127 3186 conciliorum
2152 3140 2284 3184 non
2305 3119 2494 3207 facta
2510 3127 2608 3183 est

311 3220 566 3302 valida,
605 3247 685 3290 επ
712 3247 783 3291 eo
805 3224 988 3314 quod
1016 3250 1058 3291 a
1083 3250 1273 3294 sacra
1310 3227 1842 3316 Conqreqcztz'one
1869 3224 2130 3292 concilii
2154 3236 2453 3291 correcta
2478 3246 2613 3291 non

302 3323 536 3416 suerit.
567 3341 658 3377 ‘—-
683 3327 967 3414 Etenim,
999 3354 1072 3398 ex
1094 3334 1232 3420 jam
1268 3333 1573 3422 probatiS,
1600 3334 1680 3400 ad
1709 3355 1853 3399 eam
1881 3330 2163 3398 validam
2189 3331 2612 3397 efficiendam

308 3433 662 3498 necessaria
695 3434 966 3501 omnino
1007 3443 1142 3502 erat
1185 3437 1639 3524 confirmatio,
1692 3442 1754 3504 et
1803 3438 2069 3526 quidem
2117 3437 2185 3503 in
2232 3436 2444 3504 forma
2472 3458 2614 3527 spe-

308 3535 518 3626 cifica.
563 3534 762 3603 Porro
791 3560 928 3604 non
967 3539 1288 3629 corriqere
1325 3542 1588 3629 aliquod
1644 3541 2057 3632 provincialis
2088 3542 2355 3610 concilii
2385 3544 2611 3610 decre-

309 3648 479 3732 tum,
529 3645 896 3712 nullatenus
942 3651 1036 3712 est
1088 3645 1252 3715 illud
1293 3648 1680 3715 confirmare
1730 3649 1799 3716 in
1840 3648 2058 3715 forma
2081 3649 2430 3737 specifica3
2475 3650 2610 3715 imo

310 3767 518 3839 neque
549 3754 743 3820 etiam
772 3756 867 3818 est
892 3751 1055 3818 illud
1089 3753 1476 3821 confirmare
1527 3753 1593 3819 in
1630 3754 1841 3820 forma
1870 3748 2235 3820 communi.
2280 3753 2609 3842 Equidem

307 3854 359 3918 si
395 3860 733 3943 prodiisset
760 3857 953 3926 breve
976 3860 1447 3949 Apostolicum‚
1479 3881 1610 3948 quo
1641 3881 1938 3926 summus
1968 3858 2257 3926 Pontifex
2278 3859 2607 3928 dictarum

308 3964 704 4043 synodorum
751 3964 999 4033 decreta
1042 3965 1513 4050 confirmasset,
1558 3965 1867 4034 adhibitis
1910 3965 2219 4033 clausulis
2252 3967 2609 4033 confirma·

307 4060 466 4128 tioni
500 4065 568 4129 in
601 4071 808 4135 forma
832 4072 1129 4161 specifica
1159 4072 1463 4163 propriiS,
1489 4071 1700 4138 valida
1723 4072 2299 4160 evasisset'prael'ata
2331 4073 2602 4158 decisio,

304 4189 432 4258 qua
463 4173 889 4257 provinciales
946 4181 1074 4248 illae
1123 4180 1351 4269 synodi
1392 4180 1756 4268 legitimam
1810 4179 2320 4270 pronuntiarunt
2380 4178 2603 4267 plures

308 4271 570 4341 vicarios
598 4273 981 4361 capitulares
1009 4284 1361 4373 deputandi
1397 4286 1673 4375 praxim.
1730 4284 1868 4353 Hoc
1908 4285 2048 4375 ipso
2077 4284 2258 4351 enim
2293 4303 2598 4351 summus

302 4374 588 4450 Pontifex
611 4378 1004 4451 decisionem
1034 4388 1205 4457 hanc
1241 4414 1426 4459 suam
1455 4393 1728 4474 fecisset,
1786 4396 1848 4459 et
1887 4393 2129 4459 dictam
2159 4389 2415 4481 praxim
2446 4387 2592 4478 plu-
