2930 4982
1168 355 1248 399 nn
1294 355 1619 400 carneus.
2455 351 2525 405 41

282 501 309 539 (ι
333 474 413 540 sit
434 470 709 539 dubium
738 483 805 539 et
830 474 1168 542 honestati
1197 490 1329 541 tuce
1354 486 1414 539 et
1443 486 1823 541 sanctorum
1859 478 2138 542 Patrum
2168 478 2536 546 institutio·

282 604 309 641 «
326 577 508 644 nibus
533 578 886 645 contraire.
922 580 1233 647 Innotuit
1255 589 1483 646 autem
1505 579 1775 646 auribus
1806 581 2054 649 nostris
2078 581 2257 672 quod
2292 596 2366 650 tu
2394 585 2537 653 sine

281 712 308 750 «
333 683 604 752 consilio
617 686 913 774 fratrum
939 697 1206 753 tuorum
1229 684 1528 764 abbates,
1545 684 1910 754 abbatissas
1940 699 2003 755 et
2027 700 2296 757 coeteras
2320 713 2541 781 perso-

279 810 445 856 «nas
481 789 950 859 ecclesiasticas
993 791 1291 859 instituis
1331 804 1394 858 et
1425 790 1813 859 destituis...
1843 792 2020 884 (Cap.
2057 796 2262 863 Novit
2291 803 2351 865 61
2381 819 2525 889 cap.

280 896 625 979 «Quanto,
657 895 750 963 De
776 897 881 965 his
910 920 1053 987 quae
1091 898 1258 964 fiunt
1303 919 1339 964 a
1391 897 1575 987 prael.
1624 898 1764 964 sine
1807 919 1985 965 cons,
2017 902 2187 989 cap.)
2241 900 2537 990 Synodus

276 999 710 1090 «Augustana
745 1026 917 1071 anno
973 1003 1145 1072 1548
1176 1008 1406 1070 statuta
1452 1002 1786 1091 synodalia
1832 1003 2136 1096 Episcopi
2182 1010 2541 1075 assensione

275 1107 590 1198 «capituli
647 1110 1060 1178 corroborat:
1101 1110 1533 1202 Approbante
1567 1109 1975 1178 cathedralis
2002 1111 2285 1180 ecclesioe
2303 1126 2546 1182 nostrae

279 1237 309 1275 ι(
333 1214 704 1284 venerabili
714 1216 1012 1307 capitulo
1034 1217 1394 1284 statuimus
1418 1228 1482 1284 et
1504 1216 1909 1285 ordinamus.
1931 1217 2111 1307 (Can.
2130 1217 2548 1308 3.)Cardina·

279 1316 409 1384 «lis
436 1318 636 1389 Polus
660 1323 730 1390 in
760 1322 1050 1391 articulis
1080 1323 1557 1390 reformationis
1587 1324 1869 1391 ccclesiae
1897 1325 2279 1413 Anglicanae
2313 1326 2546 1394 fatetur

277 1428 655 1496 «institutos
700 1451 834 1498 esse
874 1431 1217 1497 canonicos
1250 1435 1324 1496 ut
1377 1429 1736 1497 consiliarii
1762 1431 1894 1496 sint
1939 1436 2001 1496 61
2055 1430 2546 1500 collaboratores

274 1559 304 1599 «
335 1535 831 1628 Episcoporum,
868 1543 1072 1626 utque
1097 1536 1336 1604 divinis
1349 1535 1654 1604 laudibus
1682 1536 2099 1611 decantandis
2119 1535 2425 1604 indefessi
2448 1537 2550 1603 in·

275 1667 304 1705 «
336 1642 655 1710 cumbant
688 1667 705 1712 ε
748 1643 919 1711 Cum
950 1642 1376 1711 canonicatus
1399 1653 1463 1708 et
1496 1640 1891 1733 praebendas
1929 1642 1999 1709 in
2030 1640 2331 1709 Ecclesia
2358 1640 2552 1710 insti-

277 1774 306 1812 «
336 1747 569 1816 tuendi
597 1748 780 1817 ratio
819 1760 883 1816 et
936 1771 1139 1818 causa
1159 1749 1296 1816 lzoec
1336 1748 1573 1838 fuerit,
1598 1760 1673 1815 ut
1696 1747 1815 1837 qui
1840 1745 1933 1814 ad
1947 1769 2052 1814 eos
2078 1758 2542 1829 assumuntur,

274 1883 304 1919 «
335 1854 668 1947 Episcopo
687 1855 1035 1935 assistant,
1059 1877 1336 1944 eumque
1353 1854 1423 1921 in
1451 1855 1742 1921 muneris
1769 1854 1875 1919 sui
1889 1853 2254 1943 functione,
2272 1852 2548 1921 consilio

271 1986 303 2024 c(
333 1973 396 2030 et
419 1985 624 2053 opera
652 1962 999 2053 adjuvent,
1030 1974 1094 2030 et
1138 1962 1210 2030 in
1248 1962 1489 2030 divinis
1518 1962 1760 2053 officiis
1814 1958 2220 2029 celebrandis
2272 1956 2549 2028 ecclesiae

272 2095 304 2132 «
333 2068 733 2138 deserviant.

355 2199 390 2239 ι(
410 2173 489 2241 In
519 2174 792 2243 concilio
820 2174 1200 2245 Tridentino
1229 2176 1399 2265 (sess.
1424 2174 1541 2256 24,
1574 2196 1633 2242 6.
1669 2174 1805 2263 12),
1830 2173 1951 2240 ubi
1979 2186 2246 2241 senatus
2274 2174 2557 2241 ecclesiae

266 2308 301 2347 «
349 2286 626 2347 vocatur
651 2282 1041 2370 capitulum,
1077 2303 1286 2367 usque
1314 2281 1469 2346 adeo
1497 2279 1882 2344 reviviscere
1914 2279 2050 2345 visa
2087 2286 2181 2346 est
2208 2280 2422 2368 prisca
2448 2280 2560 2348 illa

268 2412 306 2450 a
357 2386 709 2452 concordia
763 2385 932 2452 inter
977 2385 1374 2476 Episcopum
1416 2391 1478 2452 et
1506 2384 1889 2475 capitulum,
1921 2390 1994 2452 ut
2038 2391 2296 2453 sanctus
2353 2384 2557 2454 Caro-

266 2518 300 2555 a
350 2489 544 2557 lus...
582 2490 1117 2559 intercedendum
1165 2491 1415 2558 duxerit
1460 2493 1540 2560 iis
1574 2493 1690 2581 qui
1731 2493 2003 2559 modum
2059 2514 2191 2560 non
2222 2493 2549 2577 tenebant,

270 2622 303 2659 «
345 2591 920 2686 infringebantque
973 2620 1048 2665 eo
1095 2599 1541 2664 auctoritatem
1590 2597 1920 2688 Episcopi,
1951 2603 2026 2665 ut
2079 2621 2346 2690 semper
2398 2621 2556 2666 sen-

275 2725 306 2763 «
348 2701 571 2769 tentiae
592 2703 858 2791 capituli
889 2704 990 2771 sui
1029 2704 1298 2793 obsequi
1324 2709 1671 2772 teneretur.
1717 2705 1810 2772 Ea
1835 2728 1989 2795 ergo
2013 2729 2206 2797 super
2235 2729 2304 2774 re
2334 2706 2556 2775 decla-

280 2830 311 2869 «
352 2810 572 2873 ratum
596 2806 679 2873 ab
717 2828 792 2875 eo
822 2815 914 2876 est
941 2808 1213 2899 (Concil.
1265 2808 1613 2878 Mediolan.
1646 2808 1730 2893 V,
1760 2832 1818 2877 6.
1855 2811 1962 2899 11)
1990 2833 2124 2878 non
2159 2834 2293 2877 esse
2337 2813 2559 2876 locum

281 2937 312 2977 «
355 2912 413 2980 ei
441 2912 776 2980 sententiae
805 2915 932 2981 nisi
979 2915 1092 2982 ubi
1132 2916 1200 2982 id
1223 2917 1709 3004 expressissime
1739 2920 2010 2981 cautum
2060 2920 2153 2980 est
2199 2934 2234 2979 a
2267 2913 2560 2981 Concilio

283 3043 315 3083 «
348 3018 738 3086 Tridentino
767 3043 782 3085 :
841 3018 967 3085 Ubi
1015 3042 1059 3085 a
1110 3018 1502 3086 Tridentina
1561 3016 1813 3107 synodo
1866 3029 1987 3085 aut
2025 3019 2559 3109 provincialibus

280 3149 312 3189 «
351 3124 644 3192 conciliis
672 3124 1111 3193 constitutum
1135 3136 1252 3209 est,
1283 3123 1362 3191 de
1398 3124 1689 3215 capituli
1714 3125 1954 3193 clerive
1991 3127 2264 3193 consilio
2292 3122 2565 3213 aliquid

285 3255 316 3295 «
353 3229 691 3322 aqendum
725 3244 1043 3319 esse‚‘non
1059 3242 1415 3322 propterea
1453 3244 1679 3298 tamen
1713 3230 1891 3298 illud
1919 3229 2229 3321 sequendi
2286 3231 2559 3298 necessi-

288 3364 317 3402 «
357 3349 567 3405 tatem
614 3337 746 3405 sibi
780 3337 1167 3427 impositam
1196 3359 1327 3405 esse
1363 3338 1734 3428 Episcopus
1784 3339 2142 3418 existimet,
2190 3338 2324 3406 nisi
2364 3337 2434 3403 in
2481 3337 2560 3404 iis

287 3469 318 3508 «
364 3454 633 3511 tantum
677 3442 756 3510 de
774 3444 1009 3533 quibus
1033 3442 1110 3510 id
1125 3442 1468 3533 speciatim
1498 3444 2021 3533 nominatimque
2061 3455 2335 3511 cautum
2363 3453 2483 3508 est.
2519 3467 2552 3504 »

283 3548 670 3640 (Concilium
689 3548 1150 3617 Tridentinum
1180 3550 1443 3616 mandat
1473 3550 1553 3616 ab
1573 3551 1890 3641 episcopis
1918 3550 2163 3638 requiri
2207 3547 2562 3615 consilium

281 3656 589 3747 capituli:
624 3655 793 3723 Sess.
821 3654 888 3735 5,
913 3654 1063 3719 6.1.
1089 3693 1182 3705 —
1204 3654 1370 3722 SeSS.
1396 3654 1511 3741 24,
1544 3677 1603 3721 c.
1640 3656 1748 3722 12.
1792 3693 1883 3704 -
1907 3653 2076 3721 8655.
2104 3653 2216 3730 23,
2245 3673 2304 3716 6.
2342 3649 2447 3714 18.
2474 3684 2565 3698 —-

282 3760 438 3832 Sess,
497 3764 614 3847 24,
646 3786 707 3832 6.
749 3760 886 3851 15.)
917 3798 1009 3812 -
1036 3758 1108 3828 Si
1158 3761 1307 3848 quis
1334 3765 1554 3823 tamen
1603 3759 1817 3823 dicere
1874 3757 2180 3822 maluerit
2226 3754 2560 3846 publicam

283 3866 483 3937 divini
513 3871 720 3939 officii
745 3867 1183 3937 recitationem
1215 3888 1350 3934 esse
1378 3864 1535 3955 quid
1560 3862 1975 3956 praecipuum
2006 3869 2068 3930 61
2115 3862 2462 3932 essentiale
2500 3869 2565 3931 et

286 3976 362 4044 ab
407 3976 696 4046 Ecclesia
753 3975 1091 4068 praecipue
1122 3974 1449 4042 intentum
1505 3971 1577 4039 in
1633 3970 2067 4060 capitulorum
2124 3970 2551 4051 institutione,

290 4102 415 4151 non
444 4084 936 4168 contendemus,
973 4083 1165 4150 modo
1208 4079 1411 4149 simul
1437 4085 1751 4169 tanquam
1781 4100 1913 4146 non
1948 4078 2170 4146 minus
2225 4077 2558 4147 essentiale

288 4194 345 4256 61
369 4191 780 4282 praecipuum
816 4190 1111 4258 admittat
1151 4210 1392 4259 munus
1421 4186 1775 4256 auxiliandi
1819 4188 2138 4280 Episcopo
2171 4188 2241 4253 in
2275 4183 2562 4251 ecclesiae

288 4296 624 4384 regimine.

372 4402 669 4495 Objicere
699 4387 846 4496 quis
888 4408 1097 4496 posset
1139 4402 1425 4496 capitula
1480 4424 1613 4471 non
1659 4403 1857 4472 fuisse
1899 4400 1981 4469 ad
2034 4400 2322 4485 aliquem
2365 4386 2567 4451 finem

1873 4673 1904 4688 *¹-
