2930 4982
1134 312 1213 358 nn
1257 310 1584 360 cunnus.
2381 304 2501 365 431

242 434 431 503 sionis
479 430 745 501 consilio
794 429 1088 521 subjecta
1134 430 1277 498 vult
1329 430 1520 522 plura
1569 451 1714 520 quae
1760 430 2137 501 immediate
2186 437 2375 502 autea
2427 433 2513 506 ab

241 539 541 631 Episcopo
567 537 925 606 ordinanda
956 541 1447 605 enumeraverat
1470 562 1487 621 ;
1518 536 1788 626 quinam
1813 538 2053 608 scilicet
2080 545 2143 607 et
2176 540 2511 629 quomodo

239 646 573 738 recipiendi
599 645 853 716 alumni
869 668 889 729 3
918 663 1049 732 qua
1077 649 1298 731 aetate3
1345 642 1677 733 quomodo
1706 643 1777 710 in
1802 645 2007 712 varias
2035 645 2261 715 classes
2284 647 2508 716 distri·

237 752 463 820 buendi
479 779 496 840 ;
525 752 596 821 in
619 751 860 843 quibus
889 749 1254 841 disciplinis
1278 748 1653 834 exercendi3
1681 749 1942 838 quando
1972 750 2197 819 habitu
2225 752 2504 826 clericali

236 862 291 924 et
313 865 567 925 tonsura
596 855 920 936 donandi3
948 875 1077 943 qua
1113 853 1357 922 ratione
1382 852 1784 943 disponenda
1814 855 2024 922 studia
2052 854 2260 925 Sacrae
2284 857 2506 953 Scrip-

234 969 406 1047 turae,
444 971 819 1032 sanctorum
850 961 1146 1040 Patrum,
1175 960 1518 1049 theologiae
1555 965 1619 1028 et
1644 960 1965 1049 liturgiae3
2012 983 2147 1051 qua
2179 985 2407 1035 norma
2428 969 2507 1037 ad

230 1065 619 1137 Poenitentiae
646 1077 709 1136 et
736 1066 1159 1137 Eucharistiae
1182 1073 1583 1134 sacramenta
1614 1067 1914 1135 accedere
1942 1067 2241 1153 debeant,
2275 1076 2340 1137 et
2368 1076 2511 1141 tum

226 1173 590 1259 cathedrali,
616 1181 761 1241 tum
780 1174 921 1241 aliis
941 1162 1064 1240 loci
1083 1173 1369 1240 ecclesiis
1390 1173 1720 1240 inservire.
1749 1170 1923 1240 Dum
1940 1195 2095 1264 ergo
2118 1195 2295 1243 sacra
2321 1198 2510 1267 syno-

224 1278 344 1347 dus
365 1279 469 1347 his
494 1280 800 1348 omnibus
822 1279 1001 1348 addit
1021 1280 1433 1368 generaliter:
1468 1279 1616 1347 alia
1643 1278 1738 1348 ad
1755 1279 1928 1347 hanc
1944 1302 2086 1348 rem
2121 1296 2509 1372 opportuna

224 1395 284 1452 et
308 1386 706 1467 necessaria,
737 1383 1235 1477 comprehendit
1268 1385 1495 1475 procul
1534 1385 1735 1452 dubio
1768 1391 1967 1454 totam
2007 1388 2281 1455 omnino
2311 1390 2509 1457 semi-

225 1491 380 1557 narii
417 1490 1076 1572 administrationem,
1112 1496 1371 1582 excepto
1413 1511 1638 1557 rerum
1666 1490 2125 1582 temporalium
2163 1492 2504 1580 regimine,

224 1616 329 1684 pro
375 1618 503 1685 quo
548 1598 711 1664 duas
761 1596 917 1664 alias
966 1597 1273 1688 speciales
1316 1595 1809 1665 commissiones
1851 1596 2152 1665 instituit.
2204 1596 2509 1669 Poterant

224 1721 362 1788 ergo
391 1725 466 1770 ex
509 1703 651 1770 solo
677 1702 1060 1770 Tridentino
1090 1707 1263 1770 textu
1302 1702 1487 1770 facile
1530 1702 1951 1770 determinari
1989 1724 2176 1771 casus
2211 1704 2503 1794 particu-

219 1803 367 1874 lares
392 1808 462 1874 in
491 1808 736 1896 quibus
759 1814 1011 1876 tenetur
1036 1808 1391 1898 Episcopus
1414 1808 1890 1876 commissionis
1916 1809 2117 1899 hujus
2146 1812 2500 1881 consilium

219 1913 555 2000 requirere.
603 1915 1052 1982 Nihilominus
1094 1920 1318 1982 tamen
1354 1913 1531 1980 varia
1563 1914 1855 2001 prodiere
1894 1912 2104 1980 Sacrae
2133 1914 2501 2005 Congrega-

217 2016 402 2086 tionis
460 2021 726 2088 concilii
786 2042 1120 2111 responsa,
1182 2018 1424 2109 quibus
1493 2020 1803 2108 praecipui
1873 2019 2256 2108 hujusmodi
2317 2042 2503 2091 casus

218 2143 505 2213 expresse
532 2127 964 2195 declarantur.

304 2226 401 2292 Ex
446 2229 982 2298 declarationibus
1026 2229 1098 2298 S.
1147 2227 1681 2317 Congregationis
1718 2229 2003 2295 concilii.
2049 2265 2142 2279 —
2189 2228 2263 2295 ln
2312 2250 2506 2297 causa

215 2332 499 2421 quadam
528 2331 987 2401 Mediolanensi
1015 2332 1322 2400 declarati
1354 2339 1508 2399 sunt
1550 2333 1712 2400 varii
1743 2355 1929 2400 casus
1956 2334 2035 2400 ad
2090 2334 2504 2401 commissio-

214 2459 367 2507 nem
411 2440 491 2508 de
522 2462 650 2531 qua
687 2442 945 2529 agimus
973 2444 1286 2531 spectare,
1318 2445 1512 2530 prout
1542 2439 1664 2507 hoc
1701 2440 1892 2507 modo
1931 2438 2501 2528 referuntIPigna·

212 2546 344 2614 telli
375 2547 556 2637 (tom.
598 2548 705 2631 lX,
756 2548 1032 2616 consult.
1084 2548 1196 2631 81,
1241 2570 1309 2614 n.
1368 2545 1506 2636 62),
1549 2552 1611 2613 et
1665 2546 1956 2615 Ferraris
2001 2547 2223 2638 (verbo
2274 2545 2491 2614 Semi·

208 2653 506 2736 narium,
545 2678 612 2721 n.
643 2655 786 2746 91):
827 2680 863 2720 «
893 2654 1201 2723 Canonici
1225 2652 1408 2721 electi
1431 2654 1514 2720 ab
1537 2652 1856 2745 Episcopo
1875 2654 1955 2722 ad
1973 2653 2494 2722 constituendam

223 2779 258 2818 «
298 2759 741 2828 educationem
778 2784 1132 2851 puerorum
1177 2759 1417 2827 mutari
1460 2781 1595 2827 non
1624 2760 1861 2827 debent
1905 2761 2029 2827 nisi
2062 2767 2136 2825 ut
2168 2779 2392 2847 supra,
2438 2762 2501 2825 et

221 2885 255 2923 «
301 2882 532 2929 eorum
566 2868 906 2932 consilium
936 2866 1238 2955 Episcopi
1266 2869 1572 2930 tenentur
1609 2864 1941 2947 adhibere,
1978 2864 2088 2931 sed
2118 2885 2251 2930 non
2277 2868 2500 2929 tenen·

216 2991 249 3030 «
297 2972 408 3034 tur
434 2971 657 3058 sequi3
688 2976 751 3037 et
772 2969 1213 3036 adhibendum
1235 2969 1424 3035 estin
1445 2969 1755 3036 omnibus
1779 2970 1946 3035 infra
1973 2970 2269 3060 scriptis:

299 3098 335 3137 «
366 3071 442 3141 ln
470 3075 947 3142 constituendis
983 3071 1226 3161 regulis
1253 3071 1733 3140 universalibus
1761 3074 2116 3143 seminarii.

296 3206 333 3245 «
363 3180 438 3246 ln
464 3180 775 3249 electione
809 3180 1230 3270 singulorum
1260 3177 1909 3276 introducendorum.

296 3313 331 3354 «
362 3286 434 3356 ln
460 3288 775 3355 electione
800 3287 1121 3354 librorum
1160 3283 1609 3373 legendorum.

294 3419 330 3458 «
359 3393 436 3462 ln
464 3395 810 3485 punitione
845 3394 1276 3482 dyscolorum.

293 3527 328 3566 «
356 3500 430 3569 ln
460 3499 957 3570 visitationibus.

294 3630 327 3669 a
357 3604 431 3673 In
464 3606 785 3674 electione
820 3604 969 3672 loci.

292 3738 326 3777 «
356 3711 423 3779 ln
458 3712 777 3780 electione
802 3711 1284 3798 magistrorum.

290 3840 325 3879 «
353 3815 427 3882 ln
457 3817 780 3883 electione
811 3813 1211 3881 confessoris.

289 3939 323 3984 ι’(
351 3919 426 3989 ln
454 3921 848 3990 eorumdem
878 3920 1271 4009 expulsione.
1305 3943 1340 3983 »

279 4024 466 4095 Extat
514 4030 587 4096 in
640 4027 809 4094 libro
840 4048 903 4093 vr
959 4025 1403 4110 Decretorum,
1461 4027 1697 4116 pagina
1740 4026 1854 4110 22,
1913 4023 2258 4090 declaratio
2311 4026 2484 4097 circa

206 4134 491 4202 eamdem
523 4133 894 4218 materiam,
919 4132 990 4198 in
1034 4154 1225 4200 causa
1270 4133 1549 4221 quadam
1600 4128 2046 4195 Salernitana
2087 4128 2293 4209 edita;
2335 4149 2482 4222 quae

205 4244 408 4324 postea
432 4240 826 4330 transcripta
864 4239 985 4306 fuit
1026 4239 1095 4306 in
1124 4244 1300 4307 tomo
1335 4236 1484 4317 Vll,
1518 4235 1749 4324 pagina
1776 4231 1935 4311 212,
1975 4233 2283 4302 Thesaurz
2310 4257 2484 4303 reso-

208 4340 564 4427 lutionum,
598 4346 723 4413 hoc
746 4344 979 4413 modo:
