2930 4982
356 315 379 367 1
400 311 432 366 3
444 311 478 366 G
1324 315 1667 364 TRACTATUS

1436 555 1553 634 §5

530 726 668 773 QL'OT
691 723 905 764 POSSINT
929 722 1119 762 CREARI
1147 721 1205 760 IN
1231 720 1556 768 UNOQUOQUE
1584 721 1841 761 CAPITULO
1866 720 2120 760 CANONICI
2146 719 2458 759 BONORARII.

449 883 551 951 Ad
616 883 1039 972 quaestionem
1085 880 1264 948 illam
1318 883 1412 948 sic
1467 880 1664 948 habet
1726 879 2006 947 Joannes
2075 878 2371 953 Andreas
2439 881 2642 950 citans

360 990 638 1080 glossam
668 993 729 1056 et
755 986 915 1055 alios
941 994 1182 1055 veteres
1214 1010 1230 1054 :
1272 1010 1307 1050 «
1336 984 1403 1056 Si
1435 985 1567 1052 sint
1592 986 1681 1053 40
1701 983 2085 1073 praehendae,
2110 986 2414 1075 poterunt
2442 986 2643 1076 recipi

364 1120 399 1159 «
429 1114 535 1160 sex
560 1092 661 1160 vel
682 1097 927 1183 septem
956 1093 1128 1160 ultra
1150 1113 1531 1160 numerum.
1557 1090 1628 1160 Si
1652 1110 1806 1158 vero
1829 1090 1935 1174 10,
1968 1094 2274 1181 poterunt
2290 1090 2494 1181 recipi
2514 1090 2643 1160 duo

363 1199 530 1267 «vel
585 1203 733 1297 tres.
786 1197 854 1265 Si
907 1199 947 1266 5
997 1199 1098 1265 vel
1143 1199 1219 1283 4,
1270 1220 1448 1266 unus
1498 1203 1775 1266 tantum.
1841 1220 1877 1260 »
1934 1195 2063 1286 (Ad
2100 1218 2242 1287 cap.
2299 1196 2593 1265 Dilectus
2619 1249 2638 1283 ‚

355 1304 448 1372 De
489 1304 878 1396 praebendis,
914 1327 984 1373 n.
1025 1305 1159 1396 12.)
1212 1307 1316 1375 Ad
1351 1306 1532 1374 illam
1579 1309 1795 1373 autem
1840 1304 2137 1392 regulam
2170 1308 2233 1370 et
2275 1304 2639 1394 proportio·

358 1433 533 1492 nem,
587 1409 669 1478 ab
719 1410 980 1479 Andrea
1025 1412 1353 1492 traditam,
1400 1411 1673 1481 remittit
1705 1409 2057 1500 Fagnanus
2104 1410 2174 1477 in
2229 1413 2404 1477 textu
2445 1432 2643 1502 supra

359 1516 423 1607 (ξ
463 1516 523 1607 1)
551 1520 956 1610 transcripto.
1011 1517 1238 1607 Agunt
1284 1519 1552 1608 quidem
1596 1518 1692 1585 illi
1735 1523 2025 1613 auctores
2060 1517 2140 1584 de
2182 1517 2510 1585 canonicis
2539 1541 2644 1586 su-

355 1625 896 1713 pranumerariis3
931 1625 1039 1692 sed
1077 1630 1140 1692 et
1188 1625 1747 1716 supranumerarii
1790 1631 1946 1693 sunt
1982 1623 2325 1692 honorarii
2339 1646 2365 1706 ;
2404 1624 2539 1691 imo
2580 1631 2645 1692 et

366 1729 445 1797 de
476 1728 841 1811 honorariis
870 1730 1161 1820 loquitur
1177 1731 1527 1821 Fagnanus
1552 1753 1705 1800 cum
1740 1730 1818 1798 ad
1852 1753 1996 1799 eam
2021 1731 2320 1820 regulam
2342 1730 2636 1798 remittit.

443 1833 603 1915 Quae
644 1842 862 1904 tamen
892 1837 1120 1927 regula
1160 1839 1215 1906 si
1267 1838 1489 1905 stricto
1515 1860 1704 1906 sensu
1745 1860 1880 1905 non
1912 1837 2205 1905 videatur
2231 1837 2635 1919 assumenda,

356 1947 608 2009 certum
636 1942 862 2011 saltem
887 1944 1251 2011 remanebit
1277 1949 1459 2011 caute
1488 1944 1973 2035 procedendum
1990 1964 2125 2012 esse
2148 1943 2359 2033 quoad
2378 1942 2641 2011 canoni-

358 2069 588 2116 corum
635 2049 1014 2137 hujusmodi
1042 2050 1591 2118 instituendorum
1623 2071 2027 2118 numerum:

452 2182 488 2221 «
522 2156 651 2247 Huj
662 2159 915 2226 usmodi
942 2180 1095 2226 vero
1123 2161 1608 2247 canonicorum
1622 2160 1856 2228 creatio
1879 2159 2067 2228 debet
2094 2159 2236 2227 fieri
2263 2181 2338 2227 ex
2365 2180 2602 2228 causa..
2618 2206 2635 2224 .

367 2292 401 2331 «
428 2263 635 2333 Sicuti
658 2265 853 2332 etiam
882 2267 953 2333 in
978 2266 1244 2334 illorum
1272 2267 1638 2356 receptione
1666 2266 2008 2335 habendus
2031 2271 2126 2335 est
2157 2272 2481 2357 respectus
2509 2271 2639 2332 tam

367 2394 402 2433 «
432 2370 506 2437 ad
536 2392 891 2438 numerum
920 2373 1310 2456 titularium,
1344 2396 1544 2463 quam
1573 2375 1867 2464 ipsorum
1887 2375 2028 2464 jam
2078 2379 2510 2463 receptorum,
2564 2392 2641 2438 ne

368 2502 403 2541 ι(
431 2475 589 2544 adeo
618 2483 935 2546 excrescat
965 2484 1038 2547 ut
1065 2478 1350 2563 vilescat,
1382 2483 1446 2548 et
1473 2479 1680 2548 nimia
1701 2481 2163 2564 canonicorum
2189 2477 2543 2545 multitudo
2572 2479 2644 2544 in

371 2609 404 2647 «
434 2581 735 2651 Ecclesiae
763 2584 1040 2652 dedecus
1061 2584 1304 2674 tendat,
1336 2592 1411 2654 ut
1444 2588 1721 2655 advertit
1748 2586 2026 2656 Joannes
2051 2585 2342 2653 Andreas
2371 2582 2465 2674 (in
2492 2605 2636 2674 cap.

366 2717 400 2756 «
432 2689 749 2772 Dilectus,
803 2712 848 2775 1,
892 2713 961 2759 n.
1011 2691 1093 2758 12
1122 2690 1216 2760 De
1247 2691 1664 2784 praebendis),
1706 2699 1768 2761 et
1805 2693 2151 2782 Fagnanus
2183 2690 2276 2781 (n.
2307 2690 2377 2770 9,
2414 2690 2638 2758 eodem

367 2796 616 2864 «titulo
651 2795 746 2864 De
794 2798 1203 2889 praebendis).
1247 2825 1281 2865 >³
1340 2799 1874 2890 (ScarfantoniuS,
1907 2802 2004 2868 De
2033 2796 2387 2877 canonici&
2424 2796 2545 2864 lib.
2594 2818 2633 2881 ι,

353 2902 452 2970 tit.
502 2902 665 2995 xiv.)

1450 3065 1549 3144 §6

758 3213 765 3220 ⁸
817 3229 1040 3275 CUONAM
1071 3230 1200 3269 JURE
1238 3230 1535 3269 POTIANTUR
1572 3230 1826 3270 CANONICI
1856 3229 2169 3269 HONORARJI·

454 3413 488 3452 «
517 3387 627 3455 Isti
647 3391 1282 3460 canonicihonorarii
1299 3389 1409 3482 (ait
1431 3389 1943 3475 ScarfantoniuS‚
1967 3391 2014 3458 l.
2047 3413 2090 3475 ι,
2118 3391 2215 3458 tit.
2241 3412 2376 3473 xiv,
2403 3410 2470 3456 n.
2501 3386 2630 3478 13),

362 3519 397 3559 «
425 3494 675 3562 etiamsi
719 3496 912 3562 creati
950 3495 1192 3563 fuerint
1220 3518 1258 3564 a
1287 3495 1561 3565 Summo
1584 3494 1920 3590 Pontifice,
1947 3517 2081 3564 non
2117 3497 2390 3563 veniunt
2423 3494 2635 3585 appel-

368 3627 403 3665 «
430 3600 667 3669 latione
688 3602 1180 3690 canonicorum,
1205 3604 1477 3692 quoties,
1510 3604 1866 3694 praesertim
1891 3602 1958 3669 in
1978 3604 2158 3692 jure,
2198 3602 2277 3670 de
2307 3600 2635 3670 canonicis

363 3733 398 3802 (ς
431 3707 505 3776 fit
530 3709 776 3776 mentio
803 3731 820 3793 ;
848 3730 1003 3777 cum
1042 3709 1167 3777 suh
1209 3711 1328 3777 isto
1355 3708 1625 3778 nomine
1651 3730 1784 3777 non
1833 3707 2473 3799 comprehendantur
2512 3706 2637 3774 nisi

361 3838 397 3875 «
425 3813 734 3883 habentes
773 3816 1148 3906 praebendas
1180 3816 1253 3883 in
1277 3817 1561 3885 ecclesiis
1600 3812 2073 3884 cathedralibus
2109 3833 2222 3879 seu
2259 3810 2632 3898 collegiatiS,

367 3943 403 3981 «
429 3938 560 3985 non
581 3910 797 3987 au'tem
837 3923 990 3990 tales
1016 3924 1314 3990 canonici
1344 3923 1652 3990 habentes
1680 3921 1954 4009 simplex
1979 3941 2054 3986 ac
2079 3940 2362 3986 vacuum
2395 3937 2633 3984 nomen

361 4022 562 4088 «sine
596 4021 824 4092 effectu
869 4032 932 4094 et
966 4027 1335 4096 executione
1378 4027 1817 4111 canonicatuS‚
1868 4031 1932 4093 et
1976 4028 2088 4115 jus
2138 4026 2297 4093 adeo
2338 4029 2552 4092 tenue*
2576 4029 2636 4090 et

361 4153 394 4189 «
424 4127 584 4195 exile
611 4134 684 4194 ut
729 4130 808 4197 de
848 4141 1039 4201 vento
1077 4139 1433 4225 reputetur,
1475 4141 1536 4203 et
1580 4135 2038 4203 canonicatum
2092 4133 2163 4199 in
2210 4152 2356 4199 aere
2398 4128 2635 4196 habere

358 4258 393 4297 κ
425 4232 744 4318 dicantur,
789 4242 863 4302 ut
885 4244 1110 4305 notant
1155 4241 1370 4310 Abbas
1403 4242 1498 4333 (in
1533 4263 1674 4333 cap.
1708 4240 2028 4322 Dilectus‘,
2057 4240 2125 4326 2,
2155 4261 2223 4305 n.
2256 4237 2321 4326 8)
2358 4243 2420 4304 et
2445 4236 2633 4303 lnno-

360 4363 394 4402 «
423 4339 670 4407 centius
698 4340 785 4409 lV
819 4342 910 4433 (in
942 4342 1112 4412 idem
1154 4367 1294 4437 cap.
1331 4369 1401 4416 n.
1436 4347 1529 4439 2).
1562 4372 1597 4412 »
