2930 4982
1174 307 1255 354 nn
1302 307 1627 356 currum.
2432 295 2550 359 313

684 772 865 813 ΟΔΠΒΕ
898 771 1238 815 ΒΧΟΟΒΑΝΤΕΒ
1261 775 1297 815 Δ
1327 774 1681 816 ΒΕΕῙΤΑΊΊΟΝΕ
1718 775 1888 816 mvlm
1927 777 2116 817 omnen

336 961 423 1027 ··1·⁰
445 957 1108 1049 ExcusatinfirmitaS,
1134 983 1265 1032 non
1291 966 1506 1033 s‘olum
1536 966 1777 1055 gravis,
1806 965 1917 1034 sed
1938 966 2135 1033 etiam
2156 964 2301 1032 talis
2322 970 2395 1032 ut
2418 986 2549 1033 non

293 1067 480 1156 possit
491 1067 898 1136 breviarium
914 1069 1172 1136 recitari
1183 1063 1324 1138 'sine
1333 1071 1512 1160 gravi
1523 1071 1967 1154 incommodo,
1982 1076 2094 1139 aut
2111 1069 2253 1137 sine
2268 1069 2554 1161 periculo

280 1171 592 1261 probabili
616 1168 831 1263 gravis
854 1174 1275 1243 incommodi.
1306 1174 1395 1264 (S.
1426 1176 1802 1267 Lignorius,
1836 1177 1881 1244 l.
1920 1175 2036 1260 lV,
2070 1198 2129 1245 c.
2164 1175 2234 1259 2,
2258 1196 2327 1243 n.
2371 1172 2555 1266 154.)

292 1291 298 1302 ·
339 1277 435 1344 “2“
461 1277 973 1364 Convalescentes
998 1301 1074 1347 ex
1109 1283 1291 1370 gravi
1333 1283 1564 1351 morbo
1587 1288 1974 1352 excusantur
2000 1303 2119 1373 per
2141 1281 2390 1371 aliquot
2414 1280 2553 1349 dies

280 1380 535 1451 arbitrio
579 1382 919 1475 prudentis
954 1384 1079 1452 viri
1105 1388 1544 1456 aestimandos.
1588 1387 1682 1479 (S.
1730 1387 2109 1477 Lignorius,
2155 1383 2279 1474 ib.)

307 1523 314 1528 ·
352 1487 416 1557 3⁰
458 1488 531 1557 ln
568 1491 775 1560 dubio
805 1512 890 1559 an
929 1492 1280 1575 infirmitas
1316 1496 1603 1578 sufficiat
1637 1496 1736 1565 vel
1778 1517 1913 1564 non
1955 1494 2035 1563 ad
2072 1491 2553 1570 excusandum,

284 1599 466 1684 potest
487 1597 795 1665 infirmus
814 1620 880 1666 se
903 1601 1306 1668 committere
1317 1601 1578 1691 judicio
1607 1602 1877 1686 medici,
1907 1601 2010 1670 vel
2037 1599 2161 1669 viri
2183 1597 2549 1690 prudentis,

276 1702 362 1768 vel
392 1703 865 1794 etiam·Judicio
893 1705 1153 1796 proprio
1183 1708 1238 1774 si
1271 1707 1544 1797 ipsemet
1571 1705 1932 1798 prudenter
1964 1706 2267 1797 judicare
2318 1706 2544 1798 possit,

276 1806 364 1873 vel
389 1811 712 1902 praecipue
748 1812 999 1901 judicio
1053 1814 1433 1903 superioris,
1484 1816 1600 1903 qui
1658 1815 1855 1882 etiam
1903 1815 1974 1881 in
2031 1812 2144 1881 tali
2192 1812 2396 1881 dubio
2424 1813 2549 1881 dis·

271 1932 522 2001 pensare
549 1921 781 2006 potest.
816 1916 909 2007 (S.
945 1918 1333 2007 Liguorins‚
1359 1919 1551 2007 ibid.)

346 2020 412 2087 4⁰
445 2020 514 2089 Si
546 2024 699 2113 quis
738 2029 950 2091 certus
980 2025 1062 2092 sit
1097 2046 1164 2093 se
1196 2046 1329 2092 non
1364 2046 1548 2115 posse
1584 2028 1791 2091 totum
1825 2022 2117 2091 officium
2155 2018 2451 2106 recitare,
2492 2027 2554 2090 et

270 2122 510 2193 dubitet
538 2148 624 2194 an
646 2132 939 2198 teneatur
963 2130 1043 2198 ad
1070 2137 1345 2221 partem,
1381 2130 1806 2221 probabiliter
1838 2149 1961 2196 nec
1989 2129 2070 2195 ad
2098 2132 2347 2217 partem
2370 2132 2551 2196 tene-

267 2233 397 2296 tur.
438 2229 532 2317 tS.
566 2232 941 2319 Lignorum,
972 2235 1165 2323 ibid.)

345 2332 562 2401 15⁰³An
598 2343 984 2406 excusentur
1008 2339 1372 2406 laborantes
1403 2337 1567 2406 febri
1594 2336 1865 2405 tertiana
1891 2335 2364 2426 velquartana,
2399 2355 2553 2402 cum

269 2439 609 2513 videantur
642 2466 825 2535 posse
854 2444 992 2513 sine
1032 2444 1216 2536 gravi
1256 2444 1671 2514 incommodo
1707 2445 1975 2513 recitare
2026 2442 2258 2511 diebus
2305 2465 2342 2511 a
2386 2440 2553 2511 febri

269 2545 508 2634 liberis,
553 2552 1072 2621 controvertitur.
1108 2553 1191 2621 Et
1232 2555 1387 2621 item
1420 2558 1643 2621 utrum
1688 2556 2030 2620 teneantur
2066 2549 2431 2641 anticipare
2462 2548 2549 2617 ob

263 2655 609 2742 praevisum
664 2656 1212 2748 impedimentum
1258 2665 1545 2728 venturae
1597 2659 1823 2740 febris,
1855 2657 2190 2748 disputant
2221 2659 2546 2722 auctores.

263 2755 665 2855 (Lignorius,
689 2763 881 2844 ibid„
910 2786 979 2831 n.
1010 2764 1191 2854 155.)

352 2860 422 2926 6ο
445 2860 849 2932 Excusantur
874 2869 991 2955 qui
1016 2873 1145 2934 tota
1166 2869 1270 2935 die
1298 2864 1740 2956 occupantur
1724 2886 1798 2931 m
1823 2862 2051 2931 officiis
2078 2858 2418 2947 religionis
2443 2864 2554 2927 aut

264 2964 618 3051 charitatiS,
661 2990 806 3057 quae
850 2972 992 3037 sine
1033 2973 1360 3041 scandalo
1374 2976 1489 3038 aut
1533 2967 1806 3037 notabili
1845 2966 2236 3034 detrimento
2284 2985 2402 3034 suo
2448 2963 2545 3033 vel

268 3069 541 3139 aliorum
573 3074 790 3147 omitti
817 3080 1173 3164 nequeunt.
1199 3074 1302 3142 Ita
1330 3074 1648 3143 sententia
1673 3070 2074 3140 communis.

344 3176 515 3246 Hinc
546 3186 940 3249 excusantur
976 3181 1350 3250 confessarii
1379 3181 1495 3270 qui
1522 3201 1639 3271 per
1671 3184 1881 3247 totum
1914 3177 2088 3244 diem
2120 3174 2547 3245 confessiones

270 3281 586 3373 excipiunt
601 3304 765 3374 ‘quas
788 3286 1045 3363 differre
1071 3286 1497 3379 no'n'possint.
1523 3286 1682 3354 Item
1710 3285 1827 3375 qui
1843 3288 2245 3373 occupantur
2261 3277 2332 3347 in
2353 3279 2545 3349 assis-

276 3389 469 3458 tendis
489 3391 800 3461 infirmis.
827 3392 990 3461 Item
1013 3396 1223 3484 quiex
1246 3395 1463 3463 officio
1487 3393 1814 3461 attendere
1840 3389 2075 3458 debent
2097 3388 2375 3479 publicis
2398 3387 2548 3454 the-

276 3488 461 3561 sibus.
532 3495 700 3564 ltem
754 3498 1090 3566 babentes
1119 3499 1446 3588 publicam
1513 3498 1858 3566 lectionem
1937 3495 2019 3563 ad
2073 3491 2548 3585 acquirendam

269 3597 633 3671 cathedram
659 3604 769 3674 vel
786 3604 1099 3688 lauream,
1122 3605 1176 3672 si
1197 3605 1534 3696 occupatio
1557 3609 1722 3672 esset
1746 3601 1945 3670 totius
1971 3601 2124 3668 diei.
2159 3598 2322 3667 Item
2347 3595 2550 3662 scho-

265 3697 411 3772 lares
449 3709 565 3798 qui
628 3709 903 3778 debeant
959 3711 1029 3777 in
1077 3711 1292 3799 aliquo
1334 3712 1440 3777 die
1498 3716 1720 3777 actum
1778 3706 2146 3774 defendere.
2200 3702 2270 3769 Si
2326 3705 2559 3765 tamen-

268 3812 537 3894 praedicti
574 3822 856 3908 possunt
896 3816 1037 3885 sine
1081 3816 1352 3885 notabili
1388 3815 1767 3883 difficultate
1800 3812 1903 3878 vel
1947 3810 2188 3878 damno
2231 3803 2551 3874 recitatio-

271 3930 405 3982 nem
444 3923 811 4013 anticipare
851 3923 957 3990 vel
994 3928 1399 4014 postponere,
1432 3922 1743 3991 videntur
1774 3917 2000 3986 teneri.
2040 3915 2132 4007 (S.
2166 3912 2542 4002 Liguorius,

267 4011 306 4081 Ι.
328 4020 392 4107 4,
422 4046 479 4093 c.
505 4027 576 4112 2,
600 4049 676 4096 n.
708 4028 889 4120 156.)

355 4133 418 4198 7⁰
441 4128 851 4203 Excusantur
867 4156 904 4203 a
922 4132 1336 4225 supplendis
1320 4132 1400 4200 iis
1420 4151 1568 4219 quae
1586 4126 1949 4196 omiserunt
1967 4124 2085 4191 illi
2086 4123 2199 4215 qui
2224 4125 2297 4192 in
2319 4125 2543 4201 choro,

274 4233 420 4304 dum
465 4240 579 4308 alii
636 4244 921 4325 cantant,
974 4244 1203 4331 parant
1258 4243 1373 4306 aut
1421 4233 1819 4303 transferunt
1867 4231 2089 4317 libros,
2157 4228 2549 4334 perquirunt

271 4342 558 4430 psalmos,
585 4345 850 4437 pulsant
870 4365 1141 4433 organa,
1166 4348 1279 4412 aut
1299 4359 1675 4431 campanas,
1699 4336 1804 4406 vel
1824 4336 1948 4407 alia
1966 4340 2166 4407 choro
2190 4322 2547 4400 necessaria
