2930 4982
365 312 399 366 Ξ
411 317 442 367 ὅ
461 316 488 366 ί
1336 314 1681 362 ΤΒΑΕΤΑῚῊΒ

370 470 404 509 «
423 436 845 534 processioni,
864 436 970 504 vel
982 447 1061 502 ut
1084 433 1287 503 aliud
1305 432 1673 524 quidquam
1698 455 1780 500 ea·
1792 431 2310 524 pontificalibus
2330 447 2648 514 exerceat,

373 576 407 615 «
429 568 660 616 curare
676 543 905 612 debere
923 552 999 608 ut
1019 539 1324 631 capitulo
1345 561 1636 629 conqruo
1660 551 1954 629 tempore
1968 539 2320 606 intimetur
2335 539 2508 606 hora
2522 540 2657 630 ejus

372 678 407 717 κ
438 673 726 721 accessus
750 647 842 716 ad
856 646 1218 715 ecclesiam.
1233 696 1247 711 .
1263 696 1278 712 .
1308 647 1586 735 Insuper
1606 643 1907 712 declarat
1926 642 2125 735 quod,
2149 642 2416 735 quando
2432 645 2660 712 Archi·

376 786 410 826 α
436 760 771 852 episcopus
794 755 1002 844 finita
1016 753 1224 819 missa
1248 752 1354 819 vel
1378 753 1611 842 aliqua
1634 752 1801 819 nora
1823 751 2142 821 canonica
2161 762 2257 819 est
2281 750 2365 818 ab
2390 751 2662 820 ecclesia

376 892 410 932 «
439 865 856 948 discessurus,
882 859 1206 951 tantisper
1224 856 1610 927 cessandum
1628 870 1726 926 est
1750 882 1792 926 a
1810 857 2081 948 reliquis
2102 858 2279 925 horis
2298 855 2665 926 decantan-

380 993 415 1033 «
441 968 567 1048 dis,
598 986 930 1056 quousque
957 963 1364 1054 capitulares
1390 961 1742 1030 abeuntem
1767 961 2348 1053 Archiepiscopum
2366 961 2669 1031 reducere

382 1098 415 1137 «
434 1072 787 1164 possint...
841 1070 1159 1137 Declarat
1205 1082 1558 1160 praeterea,
1605 1066 1786 1159 quod
1826 1069 1887 1136 si
1934 1067 2270 1135 interdum
2320 1068 2669 1158 continqat

381 1205 417 1246 «
447 1177 1031 1268 Arclziepiscopum
1080 1176 1189 1244 vel
1220 1175 1661 1266 processione,
1705 1175 1814 1241 vel
1853 1174 2092 1265 aliqua
2142 1175 2310 1242 lzora
2353 1174 2668 1242 canonica

382 1309 417 1349 ι(
447 1281 745 1351 nondum
769 1281 974 1372 finita
1011 1280 1198 1348 abire
1225 1281 1655 1371 compelli...‚
1684 1279 1852 1347 satis
1881 1281 2033 1361 erit,
2060 1279 2120 1346 si
2143 1291 2438 1369 quatuor
2461 1279 2543 1348 de
2571 1303 2672 1348 ca·

383 1414 419 1455 «
444 1389 670 1480 pitulo
720 1411 873 1457 eum
925 1387 1197 1455 domum
1243 1387 1589 1456 reducant.
1655 1425 1746 1438 —
1785 1385 2088 1455 Secundo
2116 1387 2434 1470 declarat,
2502 1385 2678 1477 quod

389 1522 424 1561 «
454 1496 959 1586 Arclziepiscopo
1001 1493 1337 1561 accedente
1366 1492 1459 1561 ad
1493 1493 1767 1561 chorum
1808 1515 1959 1561 cum
2006 1515 2224 1584 cappa
2254 1494 2675 1585 pontificali,

389 1627 425 1666 «
455 1600 869 1692 capitulares
916 1586 1066 1667 euni
1113 1599 1515 1667 associantes
1561 1597 1862 1667 eumdem
1905 1599 2214 1667 habitum
2260 1612 2514 1690 qestare
2567 1600 2679 1669 de-

393 1735 427 1774 «
462 1707 659 1775 beant
687 1728 880 1797 quem
920 1705 992 1772 in
1034 1705 1179 1794 ipso
1219 1703 1414 1771 choro
1444 1694 1696 1792 deferre
1734 1703 1972 1772 solent.
2014 1743 2107 1756 —
2127 1703 2346 1773 Tertio
2367 1705 2676 1790 declarat,

394 1840 428 1880 «
458 1835 686 1881 omnes
728 1810 1114 1901 diqnitates,
1151 1831 1502 1899 omnesque
1539 1800 1940 1900 capitulares
1966 1811 2083 1902 qui
2121 1811 2215 1879 ad
2244 1812 2522 1879 chorum
2562 1834 2680 1878 va-

396 1945 431 1985 ι(
458 1918 654 1995 dunt,
700 1918 909 1985 teneri
945 1916 1215 1983 omnino
1261 1916 1848 2007 Archiepiscopum
1889 1917 2236 1986 associare.
2305 1917 2439 2000 Qui
2464 1929 2684 1985 autem

398 2054 434 2091 (ι
463 2025 597 2093 sint
642 2024 946 2115 leqitimo
990 2022 1461 2112 impedimento
1524 2021 1796 2102 detenti,
1844 2022 2262 2115 dispositioni
2285 2023 2474 2115 juris
2519 2046 2685 2092 com-

402 2156 434 2194 «
464 2130 696 2199 munis*
728 2130 1230 2220 relinquuntur.
1272 2165 1363 2180 —-
1393 2129 1638 2210 Quarto
1672 2128 1976 2216 declarat,
2011 2141 2167 2198 tunc
2191 2130 2327 2198 dici
2353 2130 2688 2221 Arckiepi·

402 2263 437 2319 ς(
464 2261 734 2329 scopum
752 2237 1096 2328 privatim
1122 2235 1214 2304 ad
1234 2236 1575 2304 ecclesiam
1599 2234 1920 2323 accedere,
1951 2259 2103 2304 cum
2121 2237 2260 2304 sine
2289 2260 2517 2328 cappa
2529 2259 2687 2328 pon·

404 2371 437 2410 «
468 2344 718 2435 tificali
757 2344 1029 2412 accedit.
1075 2368 1111 2408 >›
1155 2342 1247 2410 Ita
1294 2342 1360 2410 S.
1391 2341 1820 2431 Congregatio
1868 2345 2117 2411 rituum
2172 2344 2277 2411 die
2336 2343 2424 2412 23
2473 2344 2682 2411 martii

402 2448 604 2528 1592,
646 2451 834 2538 cujus
872 2449 1205 2516 decretum
1234 2470 1271 2516 a
1301 2446 1632 2517 Clemente
1667 2448 1816 2519 VIII
1860 2450 2089 2519 litteris
2139 2450 2207 2517 in
2240 2450 2451 2519 forma
2480 2450 2694 2520 brevis

397 2554 501 2622 die
531 2553 611 2621 13
646 2555 823 2642 junii
866 2554 1024 2621 anni
1064 2554 1355 2642 ejusdem
1400 2555 1859 2624 confirmatum
1887 2561 2002 2624 est.
2037 2555 2330 2625 Habetur
2361 2558 2695 2643 integrum

401 2659 562 2728 illud
591 2659 927 2726 decretum
967 2660 1039 2725 in
1078 2660 1433 2748 appendice
1470 2662 1631 2727 tomi
1668 2661 1788 2730 Vll
1831 2663 2226 2732 collectionis
2267 2662 2697 2732 Gardellianae

404 2766 526 2835 sub
557 2787 626 2832 n.
656 2764 766 2833 21.

494 2869 799 2939 Aliarum
830 2872 1240 2941 decisionum
1282 2877 1526 2940 textum
1554 2874 1832 2942 vitandae
1866 2873 2243 2966 prolixitatis
2276 2897 2472 2944 causa
2515 2876 2701 2944 omit·

406 2982 538 3043 tere
577 2977 877 3065 cogimur
906 3002 922 3046 ε
969 2985 1074 3046 eas
1099 2984 1358 3046 tantum
1390 2981 2056 3049 commemorabimus
2084 2982 2365 3050 indicato
2396 3002 2694 3064 numere,

407 3081 532 3151 sub
560 3105 689 3171 quo
706 3085 925 3173 jacent
950 3085 1022 3151 in
1062 3085 1432 3153 authentica
1464 3084 1827 3154 Gardellini
1856 3088 2248 3155 collectione.

505 3189 569 3255 1⁰
613 3189 947 3258 Tenentur
989 3191 1288 3259 canonici
1335 3190 1733 3282 Episcopum
1769 3200 2129 3283 exspectare
2157 3194 2225 3260 in
2273 3192 2423 3260 aula
2448 3192 2708 3282 episco-

409 3290 542 3379 pali
558 3316 577 3376 3
607 3295 909 3362 convenit
936 3301 1150 3362 autem
1180 3302 1255 3363 ut
1280 3294 1640 3388 Episcopus
1676 3318 1810 3364 non
1848 3300 1928 3365 sit
1956 3300 2152 3367 nimis
2180 3309 2476 3367 morosus
2503 3297 2705 3389 (apud

413 3394 797 3477 Gardellini,
825 3422 896 3467 n.
936 3401 1159 3492 1797).

502 3501 571 3568 2ο
601 3502 935 3573 Tenentur
976 3529 1131 3576 cum
1166 3528 1239 3575 eo
1269 3508 1565 3598 pergredi
1595 3531 1710 3599 per
1753 3510 1930 3579 viam
1969 3510 2222 3601 abipso
2259 3511 2558 3599 electam,
2595 3511 2707 3580 etsi

415 3608 615 3678 altera
643 3611 725 3679 sit
756 3612 962 3690 multo
985 3614 1240 3683 brevior
1274 3615 1524 3705 (1277).

507 3716 574 3783 3⁰
599 3716 693 3785 Eo
725 3719 859 3787 solo
887 3742 1039 3787 casu
1069 3742 1200 3788 non
1237 3726 1543 3787 tenentur
1580 3742 1736 3804 eum
1769 3718 1850 3789 ab
1889 3721 2239 3812 episcopali
2281 3722 2520 3814 palatio
2547 3723 2713 3793 exci-

417 3844 594 3910 pere,
628 3826 683 3892 si
703 3827 828 3895 hoc
848 3828 1046 3895 nimis
1070 3828 1258 3895 distet
1284 3828 1375 3917 (n.
1412 3828 1758 3919 693-697).
1791 3827 1869 3896 In
1893 3850 2042 3897 casu
2065 3830 2341 3913 {numeri
2375 3830 2533 3908 693,
2567 3831 2712 3922 epi·

418 3928 715 4016 scopium
743 3932 876 3999 228
908 3934 1198 4021 passibus
1226 3933 1307 3999 ab
1330 3934 1596 4000 ecclesia
1627 3934 1975 4002 cathedrali
2012 3935 2325 4017 distabat3
2359 3941 2424 4005 et
2450 3956 2718 4028 respon-

421 4050 568 4200 sEpm
586 4039 680 4099 est
692 4056 826 4103 non
844 4040 1051 4107 teneri
1073 4039 1416 4107 canonicos
1429 4038 1509 4106 ad
1529 4037 1692 4107 illud
1712 4061 1780 4107 se
1801 4039 2144 4109 transferre
2165 4041 2244 4108 ad
2260 4040 2715 4110 associandum

483 4155 821 4226 piscopum
832 4191 848 4207 .

501 4245 589 4314 ‘4⁰
612 4240 949 4311 Tenentur
968 4252 1185 4316 tamen
1212 4249 1607 4340 Episcopum
1632 4248 1714 4317 ab
1741 4250 1946 4339 ipsius
1969 4250 2119 4319 aula
2135 4250 2451 4340 excipere,
2484 4272 2725 4342 quam-

425 4354 524 4423 vis
556 4350 962 4443 episcopium
994 4352 1098 4419 bis
1137 4358 1401 4426 centum
1432 4355 1728 4445 passibus
1768 4357 1957 4426 distet
1998 4357 2090 4448 (n.
2124 4358 2354 4449 2056).
