2930 4982
353 321 424 375 ‘21
444 322 475 372 3
983 321 988 327 ’
1326 326 1668 402 TRAGTATUs

331 446 762 541 parochiales
790 446 1042 529 erectis,
1076 444 1623 535 Arohiepisoopus
1640 442 1780 534 ipse
1799 456 2076 512 rectores
2101 443 2313 514 dabit.
2343 445 2464 514 Ast
2490 468 2645 517 cum

346 555 535 623 vellet
581 551 773 622 Sedes
821 549 1193 642 Apostolica
1221 548 1685 639 parochiarum
1716 548 2126 617 collationem
2148 549 2466 634 tribuere,
2509 573 2645 622 non

343 666 596 729 tantum
619 658 843 751 primo
877 658 1114 747 futuro
1151 655 1506 747 Episcop0‚
1539 661 1602 723 et
1614 678 1749 747 pro
1779 656 2010 746 prima
2037 666 2310 724 tantum
2336 656 2499 740 vice,
2537 659 2650 727 sed

342 772 406 836 et
449 763 929 835 successoribus
977 762 1047 828 in
1086 766 1477 852 perpetuum
1496 811 1517 848 ‚
1558 783 1849 852 expresse
1891 761 1985 830 sic
2025 761 2288 830 additur
2337 787 2353 830 ε
2393 762 2650 851 saturis

342 873 549 941 etiam
582 883 647 939 et
668 891 798 960 pro
829 879 1120 958 tempore
1157 867 1583 936 existentibus
1619 867 2144 959 Archiepisoopis
2167 866 2650 958 parisiensibus

342 978 436 1046 ad
470 975 888 1069 supradictas
917 974 1346 1067 parochiales
1392 975 1745 1064 ecclesias,
1787 974 1950 1044 dum
1986 975 2153 1044 illas
2193 975 2268 1043 in
2292 985 2649 1066 posterum

342 1106 582 1151 vacare
607 1082 980 1174 contiqerit‚
1006 1081 1277 1150 idoneas
1297 1081 1560 1172 pariter
1573 1103 1900 1173 personas
1922 1081 2438 1151 ecclesiasticas..
2455 1103 2648 1172 .pro·

339 1190 651 1258 movendi
698 1202 762 1257 et
796 1182 1222 1271 instituendi,
1257 1187 1338 1256 de
1367 1189 1667 1279 praefata
1693 1187 2084 1278 Apostolica
2110 1188 2514 1257 auctoritate
2534 1191 2643 1281 'fa-

341 1295 662 1364 cultatem
691 1294 1141 1385 indulqemuS.
1178 1294 1367 1363 Unde
1391 1293 1849 1385 parochiarum
1873 1293 2129 1363 collatio
2149 1293 2470 1386 Episcopo
2501 1295 2644 1364 cui-

339 1402 498 1470 libet
544 1424 660 1493 pro
702 1408 993 1493 tempore
1031 1402 1324 1472 existenti
1363 1402 1667 1470 attributa
1708 1406 1851 1470 est·
1885 1405 2104 1470 atvero
2144 1401 2351 1469 libera
2390 1401 2645 1472 collatio

340 1507 733 1597 dignitatum
757 1508 1359 1598 eticanonicatuum
1386 1507 1644 1576 indulta
1670 1529 1803 1576 non
1834 1506 1981 1592 fuit,
2010 1507 2138 1576 nisi
2151 1506 2385 1599 primo
2407 1508 2642 1597 futuro

283 1666 288 1671 .
340 1615 692 1706 Episcopo,
735 1621 797 1682 et
826 1615 1155 1684 dumtaxat
1175 1637 1304 1706 pro
1326 1613 1557 1705 prima
1586 1613 1746 1682 vice.

428 1719 542 1789 1V.
580 1720 928 1843 Perperam
960 1723 1125 1790 thesi
1156 1725 1390 1790 nostrae
1419 1721 1862 1811 objicerentur
1884 1718 2231 1810 sequentia
2243 1720 2469 1806 verba,
2498 1741 2644 1811 quae

341 1830 463 1900 sub
483 1830 730 1898 tinem
712 1851 784 1897 m
810 1852 1206 1937 unoquoque
1231 1829 1556 1921 ejusmodi
1578 1830 1833 1899 decreto
1852 1829 2223 1899 habentur·
2254 1853 2290 1896 c<
2285 1829 2653 1951 eidemque-

348 1961 382 1999 «
412 1934 631 2001 futuro
671 1955 749 2001 ac
789 1956 907 2025 pro
948 1940 1237 2026 tempore
1280 1933 1579 2003 existenti
1615 1933 2121 2026 Archiepiscopo
2162 1934 2535 2025 parisiensi,
2576 1939 2648 2002 ut

347 2066 381 2106 «
409 2046 642 2131 praeter
676 2040 1086 2109 collationem
1114 2041 1543 2132 paroeciarum
1585 2062 1660 2109 eo
1695 2041 1889 2110 modo
1917 2062 2048 2129 quo
2071 2038 2143 2108 in
2169 2062 2367 2131 supra
2392 2061 2645 2109 memo-

346 2171 381 2211 «
410 2151 548 2214 rata
578 2148 1006 2215 conventione
1038 2169 1113 2216 ac
1138 2147 1209 2214 in
1243 2146 1548 2237 praesenti
1573 2147 1827 2215 decreto
1854 2152 2126 2215 statutus
2152 2151 2269 2234 est,
2306 2167 2643 2235 quoecum-

348 2279 381 2317 «
411 2276 535 2343 que
564 2253 730 2342 alia,
756 2276 907 2322 cum
935 2277 1098 2325 cura
1126 2265 1192 2322 et
1216 2253 1355 2322 sine
1382 2277 1547 2329 cura·
1569 2254 2008 2336 ecclesiastica
2034 2252 2350 2344 beneficia
2375 2275 2643 2344 quomo-

349 2384 383 2424 «
412 2357 664 2427 dolibet
691 2372 1109 2451 nuncupata,
1126 2361 1341 2450 juoeca
1356 2362 1620 2451 formas
1638 2361 1850 2430 relate
1873 2361 1967 2429 ad
1996 2359 2262 2432 Gallias
2288 2371 2449 2428 ante
2476 2360 2645 2451 reqi-

349 2491 380 2532 «
412 2466 611 2533 minis
658 2466 1202 2535 immutationem
1234 2478 1565 2555 statutas,
1616 2491 1696 2537 ac
1734 2466 1944 2538 salvis
1986 2466 2541 2537 reservationibus
2584 2478 2645 2536 et

350 2595 384 2633 «
412 2570 934 2639 limitationibus
991 2586 1151 2640 tunc
1207 2575 1524 2665 temporis
1573 2576 1952 2666 viqentibus
1975 2629 1994 2659 ,
2051 2573 2333 2667 personis
2388 2572 2644 2642 idoneis

347 2702 381 2740 «
414 2676 609 2765 pleno
628 2678 780 2766 jure
809 2678 1186 2748 conferendi
1214 2685 1278 2749 et
1307 2682 1387 2749 de
1419 2682 1553 2749 illis
1582 2681 1990 2772 providendi,
2019 2682 2102 2749 de
2131 2680 2355 2749 eadem
2378 2678 2642 2770 speciali

352 2807 383 2846 «
411 2784 781 2873 Apostoliea
824 2786 1200 2855 auctoritate
1242 2791 1620 2878 potestatem
1661 2809 1933 2856 omnem
1972 2786 2395 2856 concedimus
2422 2792 2488 2855 et
2514 2787 2640 2855 im-

348 2914 382 2954 «
413 2892 761 2980 pertimur.
795 2917 828 2957 »
869 2891 1086 2961 Posset
1108 2914 1349 2984 nempe
1376 2895 1527 2984 quis
1550 2895 1644 2962 sic
1668 2895 1951 2985 objicere
1982 2917 2000 2963 ι
2033 2916 2110 2962 ex
2126 2894 2255 2968 hoc
2281 2897 2483 2977 textu,
2512 2891 2640 2983 ple-

342 3017 427 3063 no
454 2999 604 3084 jure
640 2999 1002 3088 unicuique
1045 2998 1364 3090 Episcopo
1411 3002 1719 3092 competit
1760 3006 2031 3091 potestas
2082 2999 2459 3068 conferendi
2498 2997 2638 3066 alia

341 3102 571 3170 omnia
599 3111 832 3194 praeter
855 3107 1193 3195 paroeciae,
1213 3108 1553 3192 beneficia,
1574 3130 1648 3176 ac
1673 3108 1942 3197 proinde
1968 3108 2166 3176 etiam
2197 3106 2630 3174 canonicatus.

337 3208 544 3275 —Ad
569 3232 770 3297 quam
789 3211 1225 3302 obJectionem
1252 3215 1611 3305 respondeo
1636 3238 1652 3282 :
1683 3213 1900 3287 Habet
1925 3213 2196 3303 quidem
2223 3212 2411 3281 illam
2433 3220 2636 3304 potes-

339 3317 534 3379 tatem
567 3314 947 3407 EpiscopuS,
988 3319 1099 3387 sed
1135 3321 1467 3389 dumtaxat
1492 3321 1703 3411 juxta
1733 3319 2029 3410 formas,⁴
2053 3320 2116 3387 et
2140 3342 2295 3389 cum
2331 3319 2635 3387 omnibus

339 3420 888 3491 reservationibus
915 3429 977 3491 et
1003 3425 1550 3505 limitationibus‚
1582 3448 1729 3516 quae
1754 3427 1831 3494 -in
1862 3425 2093 3494 Galliis
2122 3431 2269 3494 ante
2297 3423 2634 3516 regiminis

337 3525 858 3597 immutationem
889 3530 1215 3619 vigebant.
1259 3530 1460 3600 Porro
1491 3538 1639 3600 ante
1667 3531 1852 3599 illam
1880 3533 2437 3615 immutationem,
2465 3531 2636 3619 vige·-

336 3633 446 3700 bat
484 3634 598 3723 jus
636 3656 988 3704 commune
1032 3638 1109 3705 de
1148 3638 1488 3707 collatione
1528 3639 1915 3707 simultanea
1951 3639 2165 3729 quoad
2194 3637 2626 3706 canonicatus.

336 3737 509 3827 Ergo
531 3760 650 3831 per
672 3742 865 3810 illum
895 3747 1141 3811 textum
1165 3744 1485 3838 Episcopo
1510 3746 1820 3814 tribuitur
1847 3746 2027 3814 illud.
2041 3746 2261 3837 ipsum
2289 3747 2406 3836 jus
2435 3744 2635 3813 colla-

335 3844 529 3912 tionis
581 3847 984 3918 simultaneae
1035 3851 1248 3939 quoad
1285 3853 1740 3937 -canonicatuS‚
1762 3915 1766 3916 γ
1787 3856 1850 3922 et
1895 3856 2030 3921 non
2077 3852 2283 3921 aliud.
2333 3850 2478 3920 Imo
2528 3868 2634 3943 per

336 3946 528 4014 illum
553 3953 798 4021 textum
826 3956 1015 4024 salvae
1038 3963 1376 4027 remanent
1411 3959 1872 4030 reservatiOnes
1908 3960 2215 4027 omnium
2249 3962 2488 4049 praeter
2521 3975 2630 4047 pa-

335 4054 564 4121 roecias
578 4054 1046 4130 beneficiorum
1056 4062 1345 4153 ,regulis
1364 4064 1765 4135 cancellariae
1782 4066 2055 4155 aliisque
2067 4064 2337 4155 juribus
2356 4068 2624 4141 statutae,

332 4166 400 4229 et
416 4166 563 4227 ante
591 4181 843 4233 annum
874 4169 1094 4238 1793
1076 4193 1149 4237 ιιι
1172 4169 1399 4240 Galliis
1421 4170 1734 4262 vigentes,
1761 4172 1842 4241 Et
1862 4173 1995 4260 sie,
1998 4171 2285 4239 viillius
2295 4176 2528 4253 texitne,
2546 4166 2631 4236 ad

335 4265 579 4357 Papam
612 4269 886 4356 pertinet
923 4273 1152 4360 primae
1192 4276 1261 4342 in
1298 4277 1589 4366 quolibet
1630 4279 1915 4369 capitulo
1953 4277 2285 4368 dignitatis
2318 4275 2618 4345 collatio·
2601 4322 2624 4357 ,

332 4374 615 4464 itemque
631 4374 885 4445 collatio
899 4383 1439 4452 canonicatuum
1411 4407 1493 4454 ιιι
1510 4384 1855 4455 mensibus
1870 4384 2213 4477 papalibus
2224 4384 2619 4461 vacantium,
