2930 4982
331 344 410 401 60
1296 352 1644 400 TRAGTATUS

330 475 817 541 monstruosum
857 484 1093 565 corpus
1126 493 1256 541 non
1300 477 1394 540 est
1427 471 1829 540 habendum.
1863 468 2019 538 Non·
2048 469 2237 538 enim
2271 469 2468 538 habet
2493 471 2624 540 duo

331 580 443 646 illa
503 580 709 670 capita
761 580 886 648 sub
940 580 1167 648 eodem
1219 585 1540 671 respectu,
1597 580 1707 647 sed
1763 578 1885 647 sub
1938 578 2222 646 diverso·
2288 575 2624 656 Quatenus

330 686 572 753 scilicet
614 688 946 756 constituit
994 697 1303 755 senatum
1348 687 1633 755 ecclesiae
1674 693 1737 754 et
1793 685 2145 754 consilium
2180 695 2424 751 natum
2464 684 2624 775 Epi-

331 791 504 882 scopi
555 792 747 861 habet
765 815 883 884 pro
911 793 1120 884 capite
1137 794 1493 883 ipsummet
1519 794 1915 884 Episcopum
1935 820 1951 880 ;
1975 798 2038 859 et
2063 792 2155 859 sic
2186 790 2622 873 considerata,

330 842 627 968 membra
692 901 963 991 capituli
1014 908 1168 968 sunt
1232 902 1437 992 ipsius
1489 901 1793 991 Episcopi
1847 900 2224 989 adjuvantia
2285 896 2620 984 membra3

330 1006 451 1072 sub
479 1028 610 1094 quo
647 1013 943 1097 respectu
983 1006 1342 1098 Episcopus
1379 1013 1474 1073 est
1499 1029 1646 1073 vere
1675 1007 1753 1074 de
1782 1028 2050 1096 corpore
2089 1004 2388 1094 capituli,
2421 1003 2623 1093 ipsius

330 1133 564 1202 nempe
595 1135 741 1203 pars
768 1114 1151 1204 principalis
1176 1120 1235 1183 et
1262 1114 1709 1184 nobilissima:
1754 1116 2074 1202 repugnat
2096 1112 2277 1177 enim
2302 1131 2458 1176 eum
2492 1130 2623 1175 non

331 1240 462 1287 esse
497 1219 576 1286 de
608 1239 877 1310 corpore
908 1220 1179 1310 capituli
1206 1220 1329 1288 sub
1363 1242 1438 1288 eo
1475 1225 1797 1310 respectu,
1831 1218 1955 1286 sub
1985 1239 2115 1306 quo
2145 1221 2245 1284 est
2273 1217 2455 1283 illius
2488 1236 2625 1283 cor-

333 1325 505 1413 poris
535 1330 750 1414 caput.

421 1429 753 1510 Quatenus
787 1454 940 1500 vero
986 1433 1347 1523 capitulum
1394 1433 1588 1502 habet
1624 1435 1801 1522 jura,
1840 1437 1902 1498 et
1938 1431 2272 1512 interesse,
2317 1434 2381 1496 et
2417 1428 2628 1496 officia

336 1538 461 1605 sibi
490 1541 781 1630 propria,
820 1540 1155 1608 constituit
1191 1562 1426 1630 corpus
1469 1540 1551 1606 ab
1581 1539 1902 1629 Episcopo
1934 1539 2340 1626 sejunctum.
2388 1534 2472 1603 Et
2505 1533 2629 1602 sub

332 1643 457 1710 hoc
490 1650 780 1734 respectu
813 1644 1170 1736 Episcopus
1204 1667 1337 1712 non
1369 1651 1465 1713 est
1509 1646 1588 1712 de
1638 1666 1906 1736 corpore
1945 1642 2254 1733 capituli3
2305 1643 2416 1710 sed
2452 1641 2630 1732 capi-

333 1750 548 1816 tulum
582 1750 762 1818 aliud
802 1752 997 1819 habet
1047 1753 1386 1842 proprium
1428 1753 1554 1820 sibi
1599 1759 1819 1842 caput,
1866 1756 2022 1818 cum
2066 1772 2201 1839 quo
2244 1749 2446 1817 efficit
2471 1749 2632 1815 inte-

335 1877 530 1943 grum
561 1857 822 1946 aliquod
862 1879 1095 1949 corpus
1124 1860 1357 1926 sociale
1383 1881 1399 1938 ;
1434 1859 1608 1927 unde
1647 1860 1720 1925 fit
1740 1865 1812 1926 ut
1842 1858 2204 1949 Episcopus
2236 1878 2373 1924 non
2401 1854 2635 1922 habeat

331 1984 560 2030 vocem
606 1965 676 2030 in
715 1965 992 2053 negotiis
1041 1965 1538 2055 capitularibuS,
1569 1971 1645 2032 ut
1681 1965 1913 2033 docent
1962 1964 2325 2032 canonistas
2373 1958 2638 2041 omnes3

332 2091 406 2137 ex
471 2070 708 2158 quibus
787 2073 939 2139 satis
1013 2072 1133 2139 erit
1209 2071 1548 2140 adduxisse
1629 2070 2158 2140 Scarfantonium
2235 2067 2462 2161 (Tom.
2546 2065 2628 2149 Π,

335 2197 484 2266 pag4
520 2176 672 2261 105,
726 2200 793 2244 n.
839 2177 948 2265 19,
977 2179 1130 2245 edit.
1174 2177 1395 2259 Lucae,
1432 2176 1671 2269 1723):
1718 2202 1752 2240 «
1790 2176 2170 2267 EpiscopuS,
2213 2175 2357 2242 sive
2402 2172 2634 2241 Praela-

345 2309 380 2347 «
405 2291 509 2351 tus
559 2285 847 2374 gaudens
880 2286 1333 2375 jurisdictione
1378 2286 1566 2374 quasi
1608 2284 1994 2376 episcopali,
2041 2284 2194 2351 licet
2238 2285 2327 2350 sit
2375 2299 2632 2371 semper

344 2396 599 2479 «caput
648 2391 1004 2480 principale
1067 2391 1360 2480 capituli,
1415 2392 1854 2459 nihilominus
1909 2390 2295 2478 regulariter
2352 2410 2485 2455 non
2523 2405 2630 2452 ve·

346 2521 379 2558 «
409 2496 605 2562 niunt
633 2498 901 2563 nomine
938 2498 1230 2587 capituli,
1271 2520 1389 2565 nec
1427 2498 1739 2565 dicuntur
1785 2519 1919 2563 esse
1956 2498 2035 2562 de
2070 2496 2376 2583 capitulo,
2411 2510 2626 2577 neque

346 2627 380 2665 «
409 2601 649 2668 habent
686 2624 911 2671 vocem
960 2606 1032 2671 in
1081 2605 1354 2692 negotiis
1401 2604 1890 2692 capitularibus,
1937 2601 2127 2667 Ratio
2156 2603 2247 2666 est
2289 2596 2445 2687 quia
2472 2599 2629 2661 sunt

348 2733 383 2770 <c
413 2709 923 2778 contradistincti
953 2715 1016 2777 et
1040 2712 1355 2799 segregati
1382 2733 1420 2776 a
1449 2709 1754 2800 capitulo.
1783 2732 1817 2769 n

426 2813 834 2883 Attendenda
880 2819 1151 2885 omnino
1200 2822 1295 2885 est
1321 2814 1828 2883 fundamentalis
1863 2812 2003 2879 haec
2052 2801 2120 2878 et*
2146 2810 2408 2901 propria
2445 2808 2628 2898 capi-

340 2921 632 2989 tulorum
674 2924 1071 3010 constitutio,
1113 2929 1189 2991 ut
1218 2923 1618 3009 intelligatur
1659 2921 1819 2988 ratio
1849 2940 2103 3002 eorum,
2136 2938 2284 3007 quae
2313 2939 2350 2985 a
2371 2918 2523 3006 jure
2551 2915 2630 2983 de

342 3026 723 3115 hujusmodi
752 3030 1133 3098 clericorum
1166 3030 1550 3121 corporibus
1590 3032 1823 3096 statuta
1851 3031 2026 3094 sunt.

429 3129 507 3197 ll.
544 3132 688 3199 Jam
718 3156 871 3201 vero
909 3137 961 3201 si
991 3142 1319 3224 quaeratur
1347 3136 1682 3224 quodnam
1714 3138 1796 3201 sit
1835 3137 2030 3222 caput
2065 3128 2413 3196 numerale
2448 3125 2629 3217 capi-

343 3237 492 3314 tuli,
526 3240 805 3306 fatemur
834 3241 1021 3321 nobis
1050 3243 1406 3307 occurrisse
1438 3241 1910 3320 difficultatem,
1949 3239 2138 3325 cujus
2168 3235 2431 3324 plenam
2457 3233 2631 3300 solu-

343 3341 583 3408 tionem
633 3345 931 3412 nondum
1004 3348 1177 3433 apud
1237 3353 1529 3413 auctores
1597 3346 1994 3412 invenimus
2055 3342 2302 3409 Docent
2355 3338 2627 3430 quidem

345 3466 499 3512 eum
546 3448 661 3533 qui
702 3454 929 3537 praeest
967 3450 1269 3538 capitulo,
1315 3454 1377 3515 et
1420 3451 1535 3538 qui
1568 3450 1691 3516 hoc
1739 3452 1880 3539 ipso
1921 3448 2000 3515 de
2043 3448 2194 3537 jure
2244 3445 2394 3535 (nisi
2442 3444 2632 3514 aliter

347 3552 680 3643 statuatur)
701 3555 811 3642 jus
838 3554 1467 3621 habet-coadunandi
1495 3555 1882 3645 capitulum,
1919 3575 2336 3643 quocumque
2366 3552 2630 3621 nomine

345 3661 632 3742 vocetur,
667 3660 912 3727 censeri
946 3659 1180 3727 debere
1225 3666 1537 3750 tanquam
1579 3660 1878 3750 primam
1906 3659 2172 3751 capituli
2200 3658 2622 3749 diqnitatem.

347 3763 470 3831 Sed
505 3768 737 3833 docent
778 3767 974 3835 simul
1012 3766 1108 3858 (ut
1154 3769 1360 3858 capite
1400 3769 1789 3858 praecedenti
1824 3768 2131 3846 vidimus,
2180 3772 2242 3833 et
2272 3772 2346 3833 ut
2374 3764 2627 3856 plenius

345 3870 595 3936 dicetur
615 3874 781 3940 infra
796 3897 940 3964 cap.
963 3872 1050 3954 V,
1073 3875 1190 3942 ubi
1210 3896 1477 3963 agemus
1502 3876 1581 3942 de
1602 3875 2021 3963 dignitatibus
2039 3875 2109 3939 in
2133 3874 2393 3962 genere)
2417 3870 2628 3960 digni-

347 3982 500 4041 tates
521 3977 761 4065 dejure
781 4000 915 4045 non
934 4002 1067 4047 esse
1083 3980 1162 4046 de
1181 3979 1488 4069 capitulo.
1516 3977 1702 4045 Unde
1726 3978 2019 4046 inferunt
2032 3978 2226 4044 etiam
2249 3978 2626 4066 dignitatem

347 4082 521 4147 illam
548 4104 694 4170 quae
715 4091 1022 4153 convocat
1044 4085 1409 4176 capitulum
1437 4089 1500 4151 et
1523 4084 1619 4150 illi
1648 4090 1878 4174 praeest
1905 4106 2038 4152 non
2067 4105 2201 4151 esse
2247 4084 2326 4151 de
2363 4102 2627 4172 corpore

346 4186 633 4277 capituli,
659 4209 777 4255 nec
800 4188 1037 4258 habere
1065 4213 1284 4259 vocem
1308 4191 1377 4258 in
1408 4190 1719 4281 capituIO,
1749 4190 1873 4258 nisi
1894 4190 2017 4257 hoc
2038 4191 2319 4257 obtineat
2341 4212 2415 4257 ex
2439 4186 2628 4258 locali

343 4298 572 4360 statuto
609 4299 719 4360 aut
760 4297 1248 4383 consuetudine,
1281 4302 1392 4364 aut
1419 4299 1500 4364 sit
1522 4297 1720 4365 simul
1750 4297 2100 4365 canonicus
2126 4297 2241 4388 (1).

411 4436 473 4496 (1)
502 4436 805 4485 Beneficium
826 4436 959 4498 quod
978 4436 1129 4486 habet
1154 4437 1361 4487 titulum
1384 4438 1837 4501 archidiaconatu5‚
1862 4443 1953 4490 aut
1978 4440 2327 4503 propositurae,
2354 4444 2446 4491 aut
2476 4438 2617 4490 deca·
