2930 4982
1157 325 1235 370 nn
1275 322 1603 370 cirrruus.
2407 314 2533 372 333

243 441 399 508 tiam
428 461 585 509 cum
608 441 866 527 effectu,
903 445 1148 512 scilicet
1176 442 1460 511 ecclesiae
1490 449 1551 509 et
1572 443 1809 512 divinis
1840 444 2073 513 officiis
2091 445 2530 534 inserviendo,

243 566 395 613 cum
425 545 554 614 hoc·
589 547 672 614 sit
712 569 859 615 vere
900 548 1210 631 residere;
1256 552 1327 613 ut
1368 546 1664 615 decisum
1714 569 1751 615 a
1791 546 1984 617 Sacra
2015 547 2532 638 Congregatione

247 650 503 718 concilii
534 651 727 719 refert
748 652 1094 742 Fagnanus
1123 652 1217 742 (in
1243 675 1300 721 c.
1331 652 1539 732 Licet,
1566 655 1660 718 De
1679 650 2081 741 proebaemdiS,
2107 676 2174 721 n.
2207 653 2341 746 41).

332 755 475 825 Non
504 768 597 827 est
619 760 1050 827 omittendum
1073 759 1249 848 quod
1274 760 1526 848 quoties
1554 764 1860 845 ageretur
1882 758 1960 825 de
1985 759 2292 847 privando
2311 763 2528 852 aliquo

240 865 574 948 canonico,
608 866 691 933 ob
720 887 852 932 non
892 865 1332 949 residentiam,
1361 887 1398 932 a
1425 884 1546 931 suo
1575 862 1987 946 canonicatu,
2020 868 2088 930 et
2119 867 2531 936 canonicatus

237 975 398 1036 esset
415 970 818 1039 simultaneae
838 972 1193 1039 collationis
1214 970 1516 1060 Episcopi
1540 975 1602 1037 et
1619 969 1886 1060 capituli
1898 1020 1916 1057 ‚
1943 976 2101 1037 tunc
2121 975 2301 1039 actus
2324 974 2530 1061 priva·

239 1075 434 1144 tionis
462 1084 778 1166 spectaret
807 1076 1008 1143 simul
1030 1076 1112 1143 ad
1131 1081 1514 1163 utrumque,
1547 1075 1734 1142 sicuti
1763 1081 2004 1165 spectat
2023 1082 2083 1143 et
2106 1077 2411 1166 provisio.

328 1180 587 1249 Prolata
616 1203 766 1249 vero
797 1182 1108 1249 sententia
1158 1179 1535 1271 privationis
1581 1180 1665 1248 ob
1716 1202 1849 1248 non
1879 1179 2320 1268 residentiam,
2377 1205 2533 1253 cum

230 1287 631 1378 praecedenti
680 1287 1113 1356 observatione
1140 1286 1653 1376 praemissorum,
1700 1286 1782 1354 ab
1811 1309 1884 1356 ea
1915 1309 2048 1355 non
2092 1288 2283 1357 datur
2309 1293 2534 1382 appel-

225 1393 387 1462 latio
416 1394 789 1483 suspensiva
818 1417 835 1460 z
861 1415 1046 1463 secus
1081 1414 1228 1460 vero
1253 1393 1512 1481 quando
1532 1415 1660 1460 non
1692 1400 1858 1461 esset
1876 1399 2164 1462 servatus
2189 1397 2347 1464 ordo
2372 1419 2534 1487 prae-

204 1499 507 1587 'scriptus
541 1500 614 1567 in
641 1500 931 1588 allegatis
956 1500 1154 1568 sacris
1180 1500 1542 1567 canonibus
1570 1505 1633 1567 et
1660 1499 1940 1568 concilio
1968 1500 2370 1572 Tridentino.

330 1604 484 1673 Haec
521 1606 651 1673 fere
670 1657 678 1666 .
700 1607 779 1674 ad
820 1607 1096 1675 verbum
1145 1607 1676 1695 transcripsimus
1728 1627 1805 1673 ex
1860 1605 2299 1676 Scart'antonio
2344 1609 2414 1699 (t.
2476 1608 2527 1692 Ι,

239 1734 308 1801 p.
347 1711 497 1799 183,
523 1712 721 1780 editio
761 1713 1101 1791 Lucensis,
1141 1712 1362 1803 1723).
1415 1711 1682 1782 Modum
1715 1714 2109 1804 procedendi
2148 1721 2370 1783 contra
2399 1737 2532 1785 nou

238 1818 590 1887 residentes
620 1820 964 1889 canonicos
987 1820 1182 1887 tradit
1210 1821 1403 1888 etiam
1430 1818 1814 1888 Benedictus
1836 1817 2528 1908 xlv(1nstitutio1o7,

235 1920 279 2011 ἓ
308 1921 401 2010 6).
438 1923 569 2005 Qui
598 1927 867 2018 insuper
907 1927 1138 2018 probat
1174 1925 1273 2014 (ex
1304 1925 1735 1992 declaratione
1763 1923 1975 1992 Sacrae
2002 1923 2536 2012 Congregationis

231 2030 307 2096 in
348 2027 696 2100 Parentina
729 2032 811 2100 18
858 2032 1162 2100 novemb.
1218 2029 1441 2120 1673),
1475 2030 1899 2119 Episcopum,
1950 2032 2005 2096 si
2054 2029 2336 2120 incoepto
2386 2054 2535 2121 pro-

230 2158 423 2205 cessu
448 2139 632 2225 juxta
650 2140 930 2207 formam
959 2138 1349 2217 Tridentini,
1385 2137 1778 2206 canonicum
1807 2135 2133 2202 absentem
2160 2139 2531 2226 suspendat,

231 2263 379 2310 non
410 2263 590 2336 posse
614 2245 695 2310 ad
718 2246 1091 2311 ulteriorem
1122 2264 1387 2333 poenam
1412 2240 1796 2331 privationis
1826 2240 2147 2307 devenire.

332 2346 557 2427 Quaeri
582 2350 692 2416 hic.
720 2355 925 2439 potest
951 2356 1179 2416 utrum
1206 2348 1333 2414 illae
1359 2348 1530 2435 juris
1569 2345 2016 2434 dispositiones
2038 2345 2352 2435 applicari
2396 2368 2541 2437 pos-

239 2456 397 2540 sint,
430 2461 669 2525 attento
700 2457 1001 2548 praesenti
1034 2461 1200 2523 statu
1246 2453 1665 2522 ecclesiarum
1696 2453 1766 2519 in
1812 2450 2046 2521 Gallia.
2098 2451 2537 2546 Cum‘nempe

240 2562 516 2650 quilibet
551 2565 903 2632 canonicus
944 2563 1340 2653 stipendium
1384 2582 1580 2628 suum
1612 2558 1986 2627 immediate
2031 2560 2300 2650 recipiat
2328 2584 2366 2628 a
2393 2561 2536 2631 Gu-

239 2672 497 2759 bernio‚
529 2673 810 2741 difficilis
835 2673 1093 2741 videtur
1115 2671 1400 2740 executio
1424 2670 1757 2738 sententiae
1785 2669 2114 2736 canonicae
2160 2691 2290 2758 qua
2319 2671 2533 2759 primo

236 2798 418 2843 anno
442 2782 799 2864 privaretur
821 2780 1093 2846 dimidia
1121 2784 1300 2868 parte
1329 2778 1689 2852 fructuum,
1718 2775 2000 2842 secundo
2029 2794 2200 2840 anno
2230 2774 2536 2843 omnibus

234 2881 596 2964 fructibus,
622 2890 685 2948 et
709 2905 837 2970 qua
858 2884 1128 2950 ulterius
1148 2885 1511 2971 privaretur
1542 2883 1685 2968 ipso
1713 2879 2118 2946 canonicatu.
2153 2877 2296 2944 Non
2317 2885 2535 2948 tamen

235 2987 505 3055 videtur
518 2988 770 3056 obstare
788 2988 928 3055 haec
948 2988 1305 3056 difficultas
1333 2987 1472 3054 Etsi
1502 2987 1681 3053 enim
1705 2986 1783 3051 de
1807 2985 1972 3050 facto
1994 2987 2373 3071 sequestrari
2403 3008 2535 3055 non

237 3094 441 3181 possit
473 3093 556 3160 ab
583 3093 905 3184 Episcopo
947 3091 1372 3159 aut‘dimidia
1412 3111 1564 3179 pars
1613 3089 1915 3178 stipendii
1957 3088 2185 3172 annui,
2218 3095 2328 3156 aut
2374 3092 2536 3159 inte-

243 3219 439 3284 grum
465 3198 629 3269 illud
657 3220 958 3266 annuum
990 3197 1413 3288 stipendium,
1459 3197 1526 3264 id
1554 3199 1768 3262 tamen
1799 3194 2140 3262 efficaciter
2166 3196 2533 3284 operabitur

242 3304 558 3369 sententia
592 3303 995 3394 episcopaliS,
1036 3310 1109 3370 ut
1127 3305 1269 3391 jam
1296 3302 1419 3369 tale
1449 3303 1848 3391 stipendium
1879 3301 1960 3367 ad
1985 3299 2230 3367 dictum
2261 3306 2528 3374 canoni-

245 3430 398 3476 cum
440 3431 571 3477 non
623 3411 963 3499 pertineat,
992 3416 1054 3476 et
1104 3410 1175 3475 in
1222 3411 1615 3476 conscientia
1651 3413 1942 3475 teneatur
1971 3405 2137 3489 illud
2170 3408 2521 3479 restituere.

245 3513 430 3593 Quod
466 3537 619 3583 cum
665 3515 875 3605 primo
909 3520 971 3582 et
1025 3515 1305 3582 secundo
1354 3536 1527 3581 anno
1573 3513 1813 3581 factum
1856 3512 2076 3592 fuerit,
2122 3509 2213 3576 nil
2257 3513 2534 3601 impedit

246 3622 597 3706 quominus
619 3622 934 3687 sententia
973 3619 1351 3709 privationis
1375 3622 1558 3706 juxta
1609 3623 2035 3685 memoratam
2075 3615 2356 3683 formam
2403 3616 2532 3683 ful-

251 3725 553 3794 minetur.
581 3725 803 3806 Quoad
826 3725 1240 3794 Gubernium
1262 3731 1506 3807 autem,
1535 3725 1683 3791 satis
1706 3725 1853 3801 erit,
1876 3723 2043 3790 sicut
2069 3721 2136 3787 in
2166 3720 2307 3787 aliis
2331 3721 2526 3808 depo·

251 3831 553 3899 sitionum
598 3833 877 3911 casibuS,
910 3834 963 3900 si
991 3833 1114 3923 ipsi
1159 3853 1234 3897 ex
1258 3829 1625 3897 testimonio
1661 3828 1964 3918 Episcopi
1989 3832 2234 3896 constet
2259 3826 2529 3894 canoni·

254 3956 398 4006 cum
424 3939 620 4006 fuisse
635 3940 926 4027 legitime
949 3937 1312 4029 depositum
1343 3943 1405 4004 et
1426 3935 1883 4006 canonicatum
1913 3955 2161 4002 vacare.
