2930 4982
324 330 448 386 220
1253 372 1258 379 .
1288 333 1651 380 TRACTATUS·

413 459 789 527 Paorosrrlo
820 457 908 526 3⁸.
939 490 1031 506 ·—·
1056 453 1376 544 Episcopi
1419 452 1664 520 Gallioe
1699 474 1834 519 non
1860 451 2110 519 habent
2139 448 2329 517 hodie
2345 450 2467 540 jus
2495 473 2614 518 ex-

321 564 648 634 clusivum
678 562 1101 632 canonicatus
1129 557 1526 649 conferendi,
1549 559 1682 627 nisi
1696 557 1874 625 illud
1873 580 1992 647 Jus
2013 556 2482 646 acquisiverint
2494 581 2618 648 per

321 674 694 765 leqitimam
709 667 1281 762 praescriptionem
1309 678 1543 733 contra
1574 663 1903 756 capitula.
1935 702 2026 715 —-
2051 662 2337 749 Etenim,
2369 686 2445 732 ex
2469 686 2622 754 pro-

321 780 636 872 positione
663 775 971 853 secunda,
1003 778 1146 863 post
1179 773 1495 864 expletam
1525 773 1762 864 prima
1797 771 1934 839 vice
1974 771 2479 839 canonicatuum
2509 792 2623 839 va-

320 887 612 955 cantium
672 881 1108 962 collationem,
1149 881 1259 970 Jus
1300 880 1462 947 illud
1521 901 1655 948 non
1702 878 2077 946 habuerunt
2115 876 2457 967 Episcopi;
2507 876 2620 944 sed

320 993 531 1081 viguit
556 991 770 1058 statim
791 988 901 1077 jus
932 987 1289 1056 collationis
1318 987 1752 1072 simultaneae;
1779 986 1869 1053 ita
1894 990 1969 1053 ut
1994 984 2336 1052 debuerint
2359 1005 2436 1051 ex
2460 989 2623 1051 tunc

318 1102 615 1166 vacantes
643 1094 1060 1163 canonicatus
1077 1095 1159 1161 ab
1187 1093 1503 1186 Episcopo
1525 1094 1809 1162 simulet
1831 1090 2117 1183 capitulo
2140 1091 2443 1159 conferri.
2475 1090 2622 1176 Quo

318 1204 518 1273 semel
543 1200 850 1277 admiSSO‚
887 1222 1021 1267 non
1050 1201 1176 1268 nisi
1205 1199 1462 1269 duobus
1501 1198 1712 1267 modis
1738 1198 2081 1287 excogitari
2108 1201 2311 1288 potest
2336 1198 2622 1287 acquisi-

317 1316 462 1377 tum
491 1308 704 1376 denuo
731 1306 929 1373 fuisse
951 1305 1032 1372 ab
1058 1305 1391 1397 Episcopis
1415 1307 1527 1395 jus
1550 1305 1957 1372 exclusivum
1987 1301 2346 1370 collationis
2360 1304 2380 1390 ς’
2407 1300 2625 1367 nimi-

319 1436 498 1501 rum,
524 1413 628 1481 vel
649 1412 869 1500 aliquo
894 1416 1042 1479 actu
1065 1410 1245 1480 Sedis
1269 1411 1657 1502 Apostolicae
1680 1411 1807 1478 hoc
1829 1411 1923 1478 eis
1943 1410 2058 1499 jus
2077 1407 2494 1491 concedente,
2520 1407 2628 1476 vel

318 1518 609 1606 legitima
656 1522 879 1585 contra
924 1519 1291 1608 capitulum
1338 1517 1844 1608 praescriptione.
1897 1516 2100 1584 Porro
2124 1515 2384 1583 nullum
2412 1514 2627 1582 inter-

325 1624 498 1690 venit
530 1623 937 1691 pontificium
967 1623 1329 1711 decretum,
1361 1645 1494 1711 quo
1523 1622 1693 1690 dicto
1717 1621 2042 1690 exclusivo
2071 1624 2224 1712 J'ure
2254 1620 2624 1689 Galliarum

319 1728 628 1798 Praesules
674 1729 894 1798 donati
935 1731 1086 1821 sint.
1134 1730 1306 1818 Ergo
1354 1729 1483 1797 nisi
1527 1752 1643 1821 per
1688 1729 2055 1819 legitimam
2085 1736 2310 1799 contra
2338 1727 2626 1819 capitula

319 1836 869 1926 praescriptionem
908 1836 1019 1925 jus
1053 1835 1220 1904 illud
1259 1836 1747 1924 acquisiverint,
1784 1857 1862 1903 eo
1907 1855 2176 1925 prorsus
2221 1855 2439 1905 carere
2468 1854 2629 1902 cen-

318 1940 503 2008 sendi
528 1948 705 2008 sunt.

415 2046 695 2136 Objicies
729 2046 817 2114 1⁰.
851 2084 935 2098 —-
964 2045 1180 2115 Potuit
1198 2050 1311 2138 jus
1335 2038 1499 2115 illud
1529 2045 1935 2114 exclusivum
1958 2044 2296 2135 Episcopis
2322 2042 2632 2113 accedere

320 2151 502 2223 aliter
534 2174 734 2241 quam
773 2153 1031 2221 duobus
1065 2154 1276 2221 modis
1307 2153 1688 2241 assignatis;
1730 2153 2053 2220 nimirum
2095 2173 2176 2218 ex
2216 2151 2625 2218 necessitate.

324 2255 493 2325 Cum
530 2279 764 2348 nempe
797 2257 1213 2328 Gubernium
1247 2260 1592 2350 pensiones
1633 2280 1767 2327 non
1804 2259 2007 2327 solvat
2029 2259 2159 2326 nisi
2186 2259 2269 2326 iis
2290 2258 2636 2326 canonicis

321 2384 483 2451 quos
511 2363 865 2432 instituerit
890 2364 1273 2458 Episcopus,
1303 2365 1455 2434 inde
1477 2365 1886 2455 aliquatenus
1913 2363 2347 2432 necessarium
2375 2363 2539 2449 fuit,
2558 2373 2638 2433 ut

322 2468 621 2561 Episcopi
664 2470 783 2539 soli
832 2477 1130 2540 vacantes
1175 2473 1590 2541 canonicatus
1637 2470 2024 2540 conferrent.
2077 2468 2262 2551 Quod
2299 2474 2525 2537 autem
2559 2470 2640 2538 fit

323 2577 699 2642 necessitate
718 2628 737 2659 ‚
788 2576 1034 2666 optimo
1070 2579 1224 2666 jure
1270 2579 1366 2646 fit.
1397 2616 1489 2629 -
1516 2576 1900 2668 Respondeo
1939 2602 1956 2646 :
1990 2577 2164 2668 quod
2205 2575 2638 2646 Gubernium

322 2681 486 2748 nolit
532 2681 914 2784 pensionem
956 2680 1234 2763 solvere,
1281 2685 1337 2751 si
1375 2684 1795 2751 canonicatus
1839 2684 1923 2751 ab
1964 2683 2281 2775 Episcopo
2320 2681 2530 2750 simul
2574 2690 2642 2751 et

321 2786 602 2877 capitulo
625 2787 1016 2878 conteratur,
1045 2788 1244 2876 gratis
1273 2789 1600 2857 asseritur.
1635 2788 1799 2857 Sane
1823 2783 1877 2858 si
1902 2790 1984 2857 ab
2009 2791 2195 2858 initio
2222 2789 2639 2858 declaratum

324 2893 546 2962 fuisset
585 2892 945 2978 Guberni0,
975 2916 1109 2962 non
1148 2916 1332 2986 posse
1369 2896 1719 2964 canonicos
1755 2896 1943 2964 aliter
1967 2897 2259 2986 legitime
2283 2894 2632 2979 constitui,

324 2999 706 3086 pensionem
730 2999 1177 3067 verisimiliter
1204 3022 1339 3069 non
1367 3000 1764 3092 denegasset.
1799 3000 1986 3081 Quod
2015 3002 2071 3069 si
2100 3004 2477 3083 recusasset,
2512 3021 2637 3090 pa-

323 3103 495 3171 tebat
525 3126 825 3173 recursus
860 3106 941 3174 ad
971 3104 1205 3174 Sedem
1226 3106 1695 3197 Apostolicam,
1717 3112 1789 3174 ut
1813 3106 1893 3174 ab
1922 3106 2061 3197 ipsa
2078 3108 2190 3197 jus
2217 3105 2638 3174 exclusivum

324 3209 683 3279 collationis
715 3210 1029 3281 Praesules
1065 3213 1560 3303 expostularent.
1600 3213 1770 3300 Ergo
1800 3217 2114 3302 praetensa
2141 3212 2254 3279 illa
2280 3212 2640 3281 necessitas
2737 3282 2747 3298 ,

324 3311 675 3384 chimerica
715 3324 831 3399 est.
873 3354 965 3370 ·—·
989 3317 1307 3386 Praeterea
1348 3339 1484 3385 non
1532 3319 1730 3406 exigit
1774 3317 2191 3386 Gubernium
2230 3324 2303 3385 ut
2342 3318 2640 3386 declaret

325 3418 680 3512 Episcopus
711 3445 756 3489 a
794 3443 863 3489 se
897 3422 1043 3502 solo
1075 3423 1384 3492 collatum
1423 3423 1624 3491 fuisse
1662 3424 1776 3490 tali
1806 3446 2097 3514 personae
2132 3424 2635 3492 canonicatum.

324 3524 450 3594 Sed
474 3527 622 3595 satis
639 3527 764 3617 ipsi
790 3534 883 3595 est
905 3534 983 3595 ut
1009 3530 1310 3614 declaret,
1346 3528 1538 3596 talem
1566 3551 1909 3620 personam
1934 3530 2241 3598 canonice
2265 3530 2345 3597 de
2369 3529 2643 3612 vacanti

325 3632 705 3702 canonicatu
739 3631 935 3701 fuisse
963 3634 1327 3723 provisam;
1374 3634 1550 3723 quod
1582 3634 2035 3703 eodemmodo
2072 3633 2393 3702 declarare
2420 3638 2646 3722 potest

325 3737 703 3831 Episcopus,
745 3740 942 3808 etiam
979 3745 1227 3808 servato
1256 3741 1659 3809 simultaneae
1686 3740 2048 3810 collationis
2076 3742 2250 3831 jure.
2285 3738 2465 3827 Ergo
2494 3761 2646 3808 non

331 3843 492 3910 valet
515 3846 812 3934 obJectio,
844 3867 920 3914 ex
948 3847 1319 3928 necessitate
1348 3846 1650 3915 deducta.

422 3947 698 4036 Objicies
717 3950 810 4017 2⁰.
833 3989 925 4002 —
949 3950 1218 4019 Potuere
1239 3951 1521 4040 capitula
1544 3951 1671 4018 hoc
1697 3972 1813 4018 suo
1829 3951 1980 4040 jure
2009 3950 2368 4020 collationis
2388 3950 2649 4018 simul-

327 4055 525 4117 taneae
552 4059 774 4142 sponte
816 4056 1065 4139 cedere,
1105 4056 1264 4123 etin
1293 4078 1445 4125 suos
1486 4057 1838 4147 respective
1867 4056 2217 4148 Episcopos
2244 4057 2641 4127 transferre.

327 4192 418 4207 —
452 4154 826 4247 Respondeo
860 4188 876 4229 :
907 4171 1040 4233 esto
1067 4163 1293 4233 cedere
1323 4165 1683 4254 potuerint;
1717 4171 1967 4232 certum
1990 4168 2207 4232 autem
2238 4167 2333 4229 est
2357 4160 2649 4228 nullam

328 4264 746 4333 intervenisse
788 4265 1169 4355 hujusmodi
1215 4272 1573 4339 cessionem
1612 4292 1998 4361 expressam.
2050 4268 2237 4350 Quod
2274 4266 2330 4335 si
2361 4266 2651 4334 dicatur

328 4371 620 4462 ipsorum
645 4372 978 4442 silentium
1005 4375 1211 4441 tacitae
1245 4377 1521 4446 cessioni
1547 4376 1954 4467 aequivalere,
1989 4381 2415 4468 praeterquam
2439 4372 2652 4462 quod
