2930 4982
427 316 559 373 602
1389 324 1735 374 ‘runcinus

1519 555 1604 614 lv

486 692 722 743 For-mula
740 695 1007 745 erectionis
1036 692 1315 757 praebendae
1350 693 1664 756 theologalis.
1702 691 1872 756 (Apud
1894 691 2191 753 Menace-lli,
2216 696 2302 744 tit.
2333 696 2375 750 2,
2406 695 2554 747 form.
2588 700 2656 758 5.)

510 852 586 920 N.
644 851 1003 943 Episcopus
1043 852 1127 922 N.
1178 890 1270 904 -
1319 851 1491 921 Cum
1546 852 1619 919 in
1665 849 1921 919 decreto
2005 850 2427 919 consistoriali
2484 860 2714 921 nostrae

420 958 754 1028 electionis
778 961 858 1028 ad
885 960 1348 1051 Episcopatum
1373 957 1433 1026 N
1443 1010 1489 1037 .‚
1514 964 1576 1025 et
1606 958 1675 1025 in
1705 957 1865 1048 ipsis
1885 957 2114 1025 litteris
2142 958 2507 1049 apostolicis
2531 961 2718 1028 desu-

421 1087 539 1156 per
573 1066 907 1156 expeditis,
956 1065 1418 1136 Sanctissimus
1448 1064 1533 1132 D.
1571 1063 1655 1133 N.
1698 1063 1856 1131 Pius
1889 1062 2007 1148 lx,
2052 1069 2337 1132 nostram
2382 1067 2713 1135 conscien-

419 1173 578 1241 tiam
621 1174 983 1240 oneraverit
1023 1174 1102 1241 ad
1149 1172 1529 1262 erigendam
1566 1172 1640 1240 in
1669 1172 1792 1239 hac
1823 1175 2039 1240 nostra
2072 1171 2425 1239 cathedrali
2445 1173 2708 1241 ecclesia

421 1278 838 1368 praebendam
886 1279 1314 1366 theologalem
1350 1281 1536 1369 juxta
1565 1278 2021 1368 praescriptum
2069 1278 2235 1345 sacri
2279 1278 2538 1345 concilii
2578 1277 2714 1346 Tri·

419 1388 697 1475 demini,
718 1389 1056 1479 hucusque
1077 1412 1113 1456 a
1139 1390 1377 1458 nostris
1405 1388 1987 1479 praedecessoribus
2015 1396 2687 1477 nunquamerectam:

419 1495 833 1585 volentesque
864 1500 1201 1588 propterea
1230 1517 1352 1563 nos
1384 1495 1679 1584 ejusdem
1710 1492 2114 1562 Sanctissimi
2142 1492 2223 1564 D.
2271 1494 2331 1562 N
2340 1546 2353 1561 .
2397 1494 2609 1585 Papae,
2641 1504 2707 1565 ut

421 1601 626 1686 decet,
657 1624 882 1692 parere
925 1601 1270 1686 mandatis,
1306 1606 1369 1668 et
1413 1600 1688 1669 decretis
1718 1600 2032 1690 praelibati
2064 1600 2326 1667 concilii
2348 1598 2699 1669 Tridentini

422 1715 790 1799 promptam
836 1730 954 1798 pro
1004 1710 1255 1778 viribus
1288 1709 1439 1777 dare
1479 1708 1924 1776 executionem
1966 1731 1981 1775 z
2016 1707 2176 1776 hinc
2221 1715 2339 1795 est,
2384 1710 2555 1797 quod
2586 1732 2703 1778 va-

421 1819 607 1883 cante
645 1816 1032 1883 canonicatu
1081 1815 1374 1903 ejusdem
1407 1813 1818 1900 cathedralis,
1864 1836 2065 1902 quem
2092 1814 2257 1880 dum
2284 1815 2529 1883 viveret
2552 1816 2710 1884 obti-

424 1918 619 1987 nebat
636 1918 721 1987 N.
750 1918 930 1987 illius
955 1921 1227 1988 ultimus
1253 1941 1603 2011 possessor,
1630 1920 1747 2009 qui
1770 1909 1944 1987 extra
1969 1918 2330 1987 Romanam
2358 1922 2613 1990 curiam
2636 1924 2709 1991 de

423 2047 646 2095 mense
695 2025 780 2095 N.
838 2029 1132 2117 proxime
1202 2028 1510 2118 praeteriti
1562 2028 1737 2096 diem
1796 2049 1993 2094 suum
2041 2027 2272 2095 clausit
2317 2034 2706 2115 extremum,

422 2133 881 2201 canonicatum
920 2136 1307 2225 praedictum
1360 2134 1555 2204 modo
1601 2137 2284 2224 vacantem,fetcujus
2320 2136 2580 2204 collatio
2634 2137 2707 2205 ad

423 2259 542 2306 nos
583 2246 847 2329 spectat,
901 2241 971 2308 in
1020 2243 1434 2331 praebendam
1469 2243 1809 2332 praefatam
1849 2242 2276 2330 theologalem
2307 2244 2531 2332 vigore
2559 2245 2705 2313 dicti

421 2341 601 2412 Sacri
624 2347 882 2415 concilii
911 2348 1278 2417 Tridentini
1298 2350 1616 2438 erigimus
1649 2353 1717 2416 et
1745 2346 2148 2415 instituimus
2172 2369 2292 2437 pro
2319 2369 2458 2415 uno
2486 2348 2712 2417 idoneo

424 2452 759 2538 canonico,
811 2456 929 2543 qui
960 2478 1075 2547 per
1116 2445 1183 2523 se
1227 2456 1448 2547 ipsum
1488 2454 1769 2544 singulis
1796 2453 2027 2523 diebus
2054 2453 2403 2522 dominicis
2430 2456 2616 2541 anni,
2651 2461 2711 2524 et

422 2564 667 2624 servata
702 2559 907 2626 forma
937 2562 1233 2650 ejusdem
1280 2562 1569 2644 concilii,
1607 2561 1885 2651 exceptis
1914 2561 2315 2651 temporibus
2361 2562 2705 2628 vacationis

422 2661 501 2730 de
527 2664 676 2753 jure
700 2666 1054 2755 permissis,
1088 2667 1430 2736 lectionem
1459 2667 1669 2737 Sacrae
1702 2666 2055 2757 Scripturae
2085 2667 2341 2758 publice
2373 2666 2440 2732 in
2470 2666 2696 2732 eadem

423 2770 774 2839 cathedrali
820 2773 1115 2851 ecclesia,
1166 2774 1338 2841 clero
1366 2774 1759 2865 populoque,
1800 2773 1996 2840 modo
2041 2781 2103 2841 et
2144 2795 2333 2863 super
2359 2771 2698 2840 materiam

422 2894 458 2939 a
487 2872 685 2943 Nobis
722 2882 782 2943 et
811 2879 1285 2947 successoribus
1325 2879 1560 2947 nostris
1599 2879 2122 2969 praefiniendam,
2168 2879 2422 2962 habeat,
2462 2879 2698 2969 quique

422 2977 491 3044 in
518 2988 847 3069 posterum
884 2988 1212 3075 perpetuis
1255 2987 1493 3054 futuris
1535 2986 1941 3077 temporibus
1978 2989 2328 3054 canonicus
2366 2987 2696 3075 theologus

424 3097 860 3177 nuncupetur.
894 3091 1013 3161 Cui
1037 3093 1305 3181 quidem
1329 3093 1691 3183 praebendae
1710 3092 2055 3180 theologali
2084 3094 2174 3160 sic
2196 3098 2451 3179 erectae,
2477 3098 2701 3159 attenta

423 3192 765 3281 exiguitate
815 3197 1190 3266 reddituum
1241 3200 1686 3281 canonicatus,
1724 3199 1805 3265 ad
1834 3198 1957 3265 hoc
2011 3204 2083 3265 ut
2130 3199 2305 3266 idem
2360 3196 2699 3266 canonicus

424 3295 799 3386 theologalis
826 3302 1119 3391 ejusdem
1145 3327 1340 3371 onera
1369 3305 1651 3371 alacrius
1678 3308 1741 3370 et
1772 3305 2180 3375 commodius
2221 3304 2440 3371 subire
2480 3303 2693 3382 valeat,

424 3403 618 3469 etiam
648 3426 827 3472 nunc
848 3413 1168 3496 protunc,
1205 3417 1266 3475 et
1294 3411 1555 3497 quando
1582 3430 1765 3476 casus
1787 3410 2469 3496 vacationisevenerit,
2499 3409 2695 3496 vigore

421 3510 709 3599 ejusdem
758 3512 1043 3596 concilii,
1077 3519 1387 3609 perpetuo
1427 3514 1723 3598 unimus,
1774 3517 2181 3583 annectimus
2227 3521 2289 3581 et
2335 3515 2696 3604 incorpora-

423 3639 571 3685 mus
600 3619 995 3689 beneficium
1022 3619 1296 3711 simplex
1317 3621 1524 3689 sancti
1544 3619 1603 3689 N
1613 3674 1659 3702 .,
1700 3628 1991 3689 erectum
2015 3623 2085 3689 in
2114 3621 2380 3689 ecclesia
2401 3621 2457 3688 N
2467 3672 2516 3707 .,
2539 3620 2692 3710 quod

426 3746 609 3794 nunc
638 3726 916 3816 possidet
941 3726 1001 3794 N
1009 3778 1056 3811 .,
1086 3727 1307 3796 liberae
1336 3729 1725 3811 collationiS,
1763 3750 1918 3796 cum
1945 3728 2251 3795 omnibus
2271 3728 2406 3794 suis
2422 3728 2696 3817 juribus,

424 3832 790 3902 redditibus
839 3839 901 3902 et
952 3835 1404 3924 proventibuS,
1446 3836 1586 3903 sine
1616 3841 1830 3902 tamen
1874 3835 2251 3925 praejudicio
2287 3834 2481 3901 hodie
2518 3833 2696 3924 possi-

424 3937 672 4007 dentis:
733 3943 818 4009 ita
870 3942 1045 4032 quod
1092 3943 1295 4028 idem,
1340 3942 1514 4009 dicto
1560 3941 1875 4009 beneficio
1918 3947 1991 4008 ut
2040 3941 2461 4031 praemittitur
2497 3944 2696 4030 postea

424 4051 713 4129 vacante,
766 4049 940 4116 licite
1000 4050 1426 4141 corporalem,
1483 4048 1720 4115 realem
1760 4053 1821 4114 et
1878 4048 2194 4116 actualem
2242 4046 2693 4137 possessionem

425 4151 740 4242 ejusdem,
796 4157 1170 4223 auctoritate
1249 4156 1506 4247 propria
1564 4154 1768 4222 libere
1840 4154 2348 4245 apprehendere,
2405 4153 2697 4239 illiusque

428 4258 673 4325 fructus
725 4262 787 4323 et
839 4267 1191 4348 proventus
1241 4264 1569 4353 percipere
1614 4267 1676 4328 et
1723 4261 1794 4327 in
1843 4283 1991 4329 suos
2035 4283 2191 4329 usus
2237 4265 2612 4327 convertere
2647 4261 2698 4323 et

426 4364 703 4432 retinere
735 4364 956 4454 possit,
1005 4367 1293 4452 cujusvis
1333 4369 1600 4437 alterius
1644 4368 1995 4459 superioris
2032 4364 2286 4436 licentia
2313 4364 2594 4432 minime
2617 4382 2701 4428 re·
