2930 4982
443 384 567 442 260
1419 391 1762 437 rnAcrArus

430 513 690 604 fuerint
734 511 1068 579 destinata
1097 534 1122 576 .·
1156 507 1441 598 exceptis
1508 507 1781 575 annulis
1827 518 1890 574 et
1941 507 2237 576 crucibus
2270 508 2721 597 pectoralibus

437 620 639 688 etiam
654 640 802 686 cum
817 617 1020 685 sacris
1035 614 1355 705 reliquiis,
1382 626 1446 681 et
1464 614 1544 681 iis
1558 613 1861 682 omnibus
1881 613 2270 682 utensilibus
2291 614 2613 703 cusjusvis
2630 637 2721 704 qe·

436 725 633 807 neris,
695 745 840 813 quoe
884 722 1179 812 leqitime
1200 719 1567 811 probentur
1594 718 1677 786 ab
1708 718 2061 810 Episcopis
2091 718 2420 809 defunctis
2460 742 2720 810 compa-

437 842 596 899 rata
615 830 825 920 fuisse
851 828 1035 895 bonis
1064 825 1158 894 ad
1182 825 1523 894 ecclesiam
1551 848 1684 892 non
1701 824 2224 916 pertinentibus,
2254 848 2464 915 neque
2489 838 2720 893 constet

437 937 722 1007 ecclesioe
769 936 969 1025 fuisse
1013 933 1288 1002 donata.
1356 932 1678 1001 Volumus
1728 943 2084 1023 propterea
2114 931 2346 1014 teneri,
2392 954 2471 999 ac
2516 928 2719 1000 debere

437 1041 802 1131 Episcopos
838 1040 1150 1130 conficere
1176 1039 1245 1105 in
1258 1039 1488 1128 forma
1507 1037 1890 1105 authentica
1915 1037 2374 1105 inventarium
2395 1060 2715 1105 sacrorum

436 1147 848 1233 utensilium,
877 1147 949 1213 in
974 1168 1100 1236 quo
1120 1168 1245 1236 pro
1269 1144 1369 1211 rei
1395 1145 1680 1211 veritate
1708 1144 2092 1235 eoeprimant
2121 1144 2387 1235 quando
2412 1144 2715 1232 acquisita

432 1251 708 1342 fuerint,
727 1263 793 1320 et
810 1250 1088 1342 speciali
1113 1263 1277 1318 nota
1302 1249 1697 1334 describant,
1720 1273 1868 1340 quoe
1892 1274 1975 1318 ea·
1995 1250 2303 1319 Ecclesiae
2328 1250 2647 1318 reditibus
2667 1262 2714 1318 et

432 1358 864 1450 proventibus
885 1358 1015 1425 sibi
1039 1368 1543 1449 compararunt,
1572 1380 1656 1424 ne
1676 1357 1856 1425 alias
1868 1358 2201 1447 praesumi
2229 1356 2467 1424 debeat
2496 1380 2576 1425 ea
2603 1380 2714 1426 om·

439 1466 553 1535 nia
582 1464 902 1533 reditibus
945 1465 1261 1533 Ecclesioe
1290 1475 1685 1554 comparata
1703 1463 1928 1552 fuisse.

537 1572 765 1654 Quoad
811 1577 1050 1640 statum
1111 1575 1494 1660 praesentem
1549 1571 1967 1637 ecclesiarum
1999 1568 2224 1637 Gauiae
2257 1571 2612 1638 notandum
2641 1576 2715 1639 est

447 1678 828 1771 pensionem
881 1676 1218 1767 Episcopis
1246 1699 1284 1743 a
1315 1675 1652 1743 Gubernio
1696 1675 2071 1744 attributam
2111 1676 2424 1744 rationem
2453 1676 2715 1744 induere

444 1784 692 1855 reditus
751 1782 1188 1851 ecclesiastici.
1245 1780 1434 1851 Unde
1488 1782 1877 1851 utensilibus
1911 1805 1983 1850 ex
2020 1783 2399 1871 hujusmodi
2429 1783 2714 1872 pensione

445 1890 859 1980 comparatis,
925 1887 1311 1978 applicanda
1351 1889 1531 1955 venit
1587 1889 1777 1956 citata
1823 1889 2196 1957 constitutio
2245 1886 2346 1955 Pii
2394 1886 2508 1955 lX.
2569 1887 2711 1956 Cum

451 2000 672 2065 autem
699 1996 799 2063 lex
827 1995 1061 2079 civiliS,
1083 1995 1137 2062 si
1165 1993 1525 2085 Episcopus
1549 1994 1631 2062 ab
1665 1994 1961 2062 intestato
1992 1996 2335 2078 moriatur,
2360 1994 2573 2085 plures
2594 1994 2711 2061 hu-

442 2102 736 2193 jusmodi
750 2122 853 2168 res
878 2101 1245 2168 haeredibus
1270 2100 1603 2184 attribuat,
1635 2101 1894 2169 videtur
1923 2100 2452 2169 concludendum
2478 2100 2708 2191 Episco-

448 2208 553 2298 pis
599 2205 826 2274 Galliae
867 2205 1330 2295 obligationem
1377 2205 1788 2293 incumbere,
1836 2229 1950 2296 per
1997 2213 2459 2274 testamentum
2481 2205 2709 2274 aliudve

443 2313 743 2380 medium
791 2313 1103 2380 idoneum
1159 2334 1545 2402 praecavere,
1588 2335 1670 2380 ne
1703 2313 1973 2381 ecclesia
2014 2313 2398 2381 cathedralis
2445 2334 2558 2382 suo
2582 2314 2706 2402 jure

446 2419 782 2485 fraudetur
838 2423 901 2485 et
943 2418 1247 2509 praedicta
1302 2418 1675 2486 constitutio
1716 2418 2017 2486 violetur.
2063 2418 2545 2509 Consequenter
2579 2436 2706 2483 vero

447 2523 755 2608 haeredeS,
786 2524 854 2592 in
884 2547 1037 2593 casu
1071 2547 1200 2614 quo
1243 2526 1601 2617 Episcopus
1630 2527 1812 2594 nulla
1841 2527 2132 2595 adhibita
2151 2529 2449 2595 cautione
2467 2525 2707 2594 decede-

449 2635 567 2713 ret,
617 2630 998 2719 hujusmodi
1029 2653 1130 2697 res
1163 2637 1303 2698 tuta
1334 2634 1730 2701 conscientia
1752 2636 2029 2702 retinere
2054 2642 2407 2724 nequeunt,
2432 2633 2711 2721 quamvis

454 2736 691 2826 exlege
719 2737 899 2805 civili
927 2737 997 2806 id
1017 2737 1110 2804 eis
1138 2737 1552 2807 concedatur.
1781 2779 1829 2815 ιιι

1530 3015 1645 3095 §3

492 3186 566 3226 AN
604 3187 668 3227 ΕΤ
693 3186 947 3235 QUOMODO
970 3187 1040 3225 AD
1063 3187 1357 3227 Eplscopun
1385 3188 1451 3227 ΕΤ
1477 3190 1601 3229 mus
1631 3190 1889 3231 VICARIUM
1915 3190 2241 3231 GENERALEM
2282 3192 2573 3231 PERTINEAT
2596 3190 2671 3228 JUS

883 3284 1220 3325 CONVOCANDI
1250 3284 1555 3325 CAPITULUM
1586 3286 1651 3325 ET
1679 3287 1741 3326 IN
1777 3288 1844 3326 ΕΟ
1868 3288 2292 3328 INTERVENIENDI

538 3467 641 3535 Sic
671 3467 866 3534 habet
887 3471 1241 3538 concilium
1278 3469 1743 3540 Tridentinum
1768 3495 1918 3542 sess.
1954 3475 2067 3559 25,
2099 3498 2156 3543 c.
2189 3475 2231 3543 6
2264 3500 2281 3543 :
2311 3474 2505 3558 Quod
2520 3474 2574 3541 si
2589 3469 2706 3538 ali·

452 3572 611 3667 quid
645 3574 977 3643 canonicis
1007 3575 1101 3643 ad
1131 3575 1636 3675 deliberandum
1651 3592 2068 3670 proponant,
2090 3603 2205 3648 nec
2234 3580 2314 3648 de
2337 3605 2408 3649 re
2430 3579 2520 3648 ad
2535 3595 2710 3645 suum

448 3682 557 3751 vel
584 3704 856 3750 suorum
883 3681 1299 3750 commodum
1320 3697 1658 3774 spectante
1685 3700 1959 3776 ayatur‚
1992 3687 2313 3779 Episcopi
2328 3688 2460 3780 ipsi
2475 3684 2710 3776 capitu-

448 3789 594 3857 lum
605 3799 984 3872 convocent,
1010 3799 1074 3856 et
1109 3801 1266 3856 vota
1294 3791 1676 3881 exquirant,
1713 3805 1775 3860 et
1780 3794 1993 3884 juxta
2018 3816 2095 3861 ea
2120 3793 2541 3863 concludant.

540 3897 603 3962 1⁰
635 3895 901 3962 Certum
922 3894 1117 3962 estad
1144 3893 1543 3986 Episcopum
1579 3921 1837 3989 quoque
1862 3900 2182 3989 pertinere
2205 3903 2312 3988 jus
2338 3890 2714 3967 convocandi

449 3999 809 4090 capitulum
844 4024 861 4069 ι
891 4000 1183 4089 sequitur
1205 4022 1282 4067 ex
1320 4002 1512 4070 citato
1536 4003 1903 4074 Tridentini
1934 4006 2195 4074 concilii
2230 4008 2505 4077 decreto.
2533 4003 2606 4073 Et
2632 4001 2712 4068 ita

450 4104 847 4174 unanimiter
876 4107 1246 4188 canonistae.

533 4207 602 4274 2⁰
630 4208 775 4276 Non
800 4216 1006 4299 potest
1027 4236 1374 4283 convocare
1405 4215 1767 4306 capitulum
1793 4239 1911 4308 pro
1940 4221 2215 4309 negotiis
2234 4215 2710 4312 respicientibus

445 4316 1075 4386 administrationem
1105 4323 1433 4390 bonorum
1455 4345 1751 4412 suorum,
1782 4326 1850 4393 id
1868 4332 1980 4410 est,
2006 4328 2503 4418 respicientibus
2529 4338 2712 4394 suum

441 4426 548 4492 vel
595 4446 868 4493 suorum
909 4424 1243 4510 interesse,
1294 4428 1459 4497 bene
1510 4453 1660 4500 vero
1701 4455 1818 4524 pro
1841 4436 2083 4503 caeteris
2107 4436 2417 4506 omnibus
2444 4440 2504 4503 et
2528 4433 2711 4501 etiam
