2930 4982
416 320 435 371 1
456 317 535 372 38
1387 321 1728 369 TRAGTA'rus

415 471 450 510 «
481 443 956 534 Amplitudinis
991 448 1116 511 tuae
1155 441 1235 510 ad
1275 442 1448 509 hanc
1495 439 1756 510 Sacram
1802 439 2079 508 Rituum
2113 438 2701 528 Congregationem

416 578 449 619 «
479 551 558 619 de
619 572 799 618 more
846 550 1122 626 remisit.
1186 553 1259 616 ut
1310 547 1390 614 de
1431 549 1458 637 j
1469 569 1585 616 ure
1632 568 1825 638 super
1871 545 2170 636 expositis
2221 545 2693 621 decerneretur.

416 684 450 724 «
479 660 862 750 Expositum
892 678 1041 724 vero
1071 656 1194 723 fuit
1214 657 1284 723 in
1302 654 1512 723 Gallia
1531 654 1875 746 Episcopus
1900 653 2235 722 nonnullis
2266 654 2702 726 sacerdotibus

416 767 720 856 «optime
762 764 1013 832 meritis
1066 763 1409 852 indulgere
1445 763 1815 831 facultatem
1842 762 2135 851 gestandi
2163 762 2388 830 eadem
2415 762 2698 852 insignia

413 899 445 938 «
477 872 717 963 quibus
756 870 1052 939 canonici
1098 870 1572 939 cathedralium
1620 871 2033 949 decorantur,
2077 890 2313 958 eosque
2354 869 2698 939 canonicos

414 1002 447 1041 c<
478 976 858 1044 honorarios
910 976 1273 1044 decernere.
1317 974 1397 1042 Hi
1444 981 1662 1044 autem
1714 976 2069 1044 sacerdotes
2113 974 2229 1042 etsi
2286 976 2698 1065 praebendam

414 1109 448 1149 «
476 1104 609 1151 non
638 1090 1140 1172 consequantur,
1198 1103 1319 1149 nec
1356 1081 1515 1150 actis
1563 1082 2032 1173 capitularibus
2080 1082 2540 1169 interveniant,
2586 1085 2700 1172 jus

413 1214 446 1253 «
475 1194 691 1257 tamen
732 1190 975 1258 habent
1004 1188 1426 1280 personaliter
1470 1190 1669 1257 choro
1706 1189 2131 1258 interessendi
2160 1188 2411 1278 quoties
2440 1189 2571 1258 illis
2600 1213 2698 1258 ar-

410 1322 443 1363 «
473 1296 710 1379 riserit,
763 1302 826 1365 et
869 1296 1133 1364 sedendi
1166 1301 1308 1387 post
1347 1297 1693 1364 canonicos
1722 1296 2034 1364 titulares.
2090 1295 2238 1363 Post
2269 1296 2410 1363 haec
2442 1295 2698 1387 Ampli-

412 1429 445 1469 «
477 1405 632 1471 tudo
657 1409 765 1471 tua
790 1403 1230 1493 expostulabat
1265 1408 1490 1470 utrum
1518 1423 1725 1470 necne
1740 1403 1872 1470 sola
1890 1402 2188 1471 voluntas
2217 1401 2519 1493 Episcopi
2549 1405 2698 1472 satis

396 1533 446 1572 κ(
473 1515 635 1575 esset
670 1507 749 1575 ad
778 1508 1221 1577 interdicenda
1251 1508 1644 1599 praelaudata
1666 1508 1979 1596 insignia,
2003 1507 2266 1597 quando
2294 1509 2505 1596 gravis
2540 1509 2698 1577 ratio

412 1640 444 1678 «
473 1615 715 1682 adesset
730 1614 986 1703 judicio
1005 1616 1209 1706 ipsius
1236 1614 1691 1704 relinquenda,
1716 1635 1796 1682 an
1835 1614 2051 1706 potius
2078 1615 2346 1703 quaestio
2368 1614 2443 1681 ad
2471 1613 2696 1682 forum

407 1744 442 1784 «
472 1728 633 1786 esset
662 1721 976 1789 trahenda
1004 1722 1037 1789 Ἰ
1066 1719 1259 1790 Sacra
1283 1721 1509 1789 eadem
1541 1720 1972 1809 Congregatio
2015 1721 2095 1788 ad
2133 1719 2502 1801 Quirinales
2531 1721 2700 1790 aedes

410 1825 837 1917 «subscripta
883 1827 988 1894 die
1032 1828 1390 1896 coadunata
1412 1827 1762 1895 ordinariis
1787 1827 1859 1894 in
1888 1825 2191 1909 comitiiS,
2246 1825 2465 1893 audita
2505 1847 2698 1916 super

409 1958 443 1998 ι(
472 1936 771 2026 expositis
795 1935 986 2025 plena
1009 1935 1318 2002 relatione
1342 1957 1379 2002 a
1404 1934 1483 2002 R.
1532 1933 1612 2004 P.
1656 1933 1737 2001 D.
1767 1934 2109 2002 secretario
2127 1932 2315 2013 facta,
2347 1937 2602 2000 maturo
2624 1954 2695 2000 ac

407 2064 441 2104 ε(
471 2039 771 2128 diligenti
797 2039 1089 2107 examine
1117 2040 1434 2123 adhibite,
1463 2040 1664 2107 satius
1692 2040 1875 2108 duxit
1892 2032 2350 2107 rescribere—
2370 2037 2702 2105 scribatur

405 2170 437 2208 «
454 2145 980 2234 particulariter
1000 2147 1335 2236 Episcopo
1342 2146 1556 2235 juoeta
1591 2157 1905 2227 mentem,
1932 2183 2022 2196 -
2048 2166 2250 2235 quam
2275 2144 2698 2235 quaestionem

409 2275 445 2317 «
472 2252 552 2319 de
576 2250 727 2340 jure
752 2252 1083 2319 dirimere.
1133 2250 1449 2332 Quamvis
1480 2252 1659 2319 enim
1698 2251 1783 2342 (et
1825 2251 1968 2318 haec
2006 2250 2131 2318 fuit
2170 2248 2383 2318 Sacrae
2411 2249 2698 2338 Congre-

408 2382 443 2422 «
473 2358 747 2445 gationis
795 2358 1008 2446 mens)
1042 2357 1211 2425 nulli
1242 2357 1522 2425 dubium
1550 2358 1632 2425 sit
1659 2363 1852 2446 atque
1880 2359 1952 2425 in
1979 2358 2123 2448 ipso
2143 2360 2295 2448 jure
2319 2357 2693 2443 fundatum,

407 2488 442 2528 «
471 2462 824 2554 Episcopos
853 2485 927 2531 ex
957 2484 1023 2531 se
1051 2463 1356 2553 indignos
1385 2485 1570 2556 posse
1600 2465 1683 2532 ab
1710 2464 2068 2533 honoribus
2109 2484 2269 2552 quos
2295 2463 2700 2531 contulerint

411 2594 444 2634 «
471 2569 807 2660 repellere,
837 2591 991 2637 cum
1014 2575 1234 2636 tamen
1267 2571 1641 2661 exspoliatio
1668 2571 2051 2661 hujusmodi
2088 2570 2270 2659 quasi
2293 2575 2578 2637 mortem
2611 2570 2695 2637 ci-

410 2701 444 2743 «
474 2675 676 2743 vilem
702 2677 1029 2767 importet,
1063 2681 1125 2743 et
1148 2676 1505 2764 quamdam
1541 2677 1830 2745 infamiae
1861 2683 2083 2746 notam
2121 2669 2433 2746 sacerdoti
2482 2676 2693 2743 inurat

411 2803 629 2850 «cum
667 2804 800 2850 non
841 2781 1085 2850 minori
1112 2788 1281 2850 certe
1320 2782 1548 2873 populi
1578 2784 1904 2870 scandale,
1951 2789 2285 2874 propterea
2308 2781 2693 2871 Amplitudo

410 2914 443 2952 «
473 2894 584 2955 tua
617 2893 799 2956 curet
821 2888 902 2955 ad
921 2881 1063 2955 haec
1091 2909 1225 2955 non
1255 2887 1580 2975 devenire,
1611 2889 1737 2956 nisi
1763 2889 2024 2977 quando
2052 2888 2395 2955 sacerdotis
2425 2888 2697 2975 indigna

413 3017 446 3056 «
474 2996 872 3062 conversatio
909 2996 1128 3083 exigat
1152 3000 1225 3062 ut
1264 3001 1489 3062 contra
1515 2987 1706 3062 illum
1736 2996 1814 3062 de
1852 3017 2033 3063 more
2066 2995 2407 3086 procedere
2440 3014 2699 3061 necesse

412 3125 446 3163 «
477 3099 558 3166 sit
597 3100 679 3166 ad
717 3101 966 3189 majora
997 3100 1297 3168 scandala
1326 3101 1801 3190 praevenienda.
1852 3100 2038 3169 Hanc
2060 3100 2129 3169 S.
2165 3098 2698 3188 Congregationis

413 3227 448 3267 «
476 3212 765 3272 mentem
806 3207 968 3274 dum
1023 3204 1469 3294 Amplitudini
1519 3213 1645 3273 tuae
1706 3208 2153 3287 communico,
2203 3207 2588 3274 diuturnam
2622 3225 2695 3270 ex

410 3332 444 3373 «
478 3311 700 3377 animo
725 3322 948 3402 exopto
975 3311 1368 3406 felicitatem.
1405 3311 1654 3401 Romae,
1683 3315 1754 3381 11
1789 3313 2172 3404 septembris
2201 3312 2396 3380 1847.
2428 3335 2461 3373 »

491 3416 928 3498 Quaestionem
961 3418 1130 3507 juris
1162 3419 1355 3487 Sacra
1394 3420 1507 3488 illa
1536 3419 1966 3509 Congregatio
2000 3420 2213 3487 noluit
2255 3418 2588 3498 dirimere,
2621 3436 2694 3480 ex

401 3547 475 3594 ea
502 3525 664 3593 forte
687 3527 957 3610 ratione,
993 3527 1169 3615 quod
1200 3527 1496 3604 canonici
1527 3527 1859 3595 honorarii
1886 3528 1965 3595 de
1996 3526 2237 3617 quibus
2267 3528 2337 3592 in
2363 3544 2541 3605 casu,
2588 3528 2693 3588 ut-

401 3641 547 3725 pote
574 3658 610 3703 a
641 3635 773 3703 solo
804 3634 1123 3725 Episcopo
1158 3635 1399 3723 absque
1432 3634 1801 3702 interventu
1827 3634 2095 3727 capituli
2129 3632 2349 3717 creati,
2382 3650 2516 3697 non
2545 3633 2694 3695 sunt

400 3742 537 3808 veri
568 3754 687 3809 nec
708 3740 987 3830 legitimi
1014 3740 1311 3808 canonici
1345 3740 1684 3809 honorarii
1717 3740 1832 3831 (1).
1859 3739 2044 3809 Unde
2073 3761 2227 3807 cum
2250 3736 2486 3804 Sancta
2504 3732 2694 3801 Sedes

403 3847 590 3913 vellet
610 3850 770 3915 forte
799 3872 918 3939 pro
948 3855 1105 3916 tunc
1125 3849 1203 3916 de
1226 3848 1348 3916 hac
1383 3849 1562 3938 praxi
1586 3847 2061 3938 Episcoporum
2101 3844 2326 3912 Galliae
2356 3841 2573 3925 silere,
2603 3859 2693 3904 re·

400 3954 752 4042 spondetur
767 3954 1230 4023 considerando
1245 3976 1351 4021 eos
1368 3955 1599 4021 canoni
1607 3976 1712 4021 cos
1728 3952 2110 4022 honorarios
2126 3947 2538 4018 solummodo
2559 3950 2691 4011 tan-

402 4080 599 4148 quam
616 4059 884 4128 clericos
894 4081 1341 4151 quoscumque
1357 4059 1578 4150 aliquo
1595 4060 1862 4152 publico
1873 4051 2700 4127 aestimationistestimonio

404 4163 487 4232 ab
505 4163 823 4256 Episcopo
842 4167 1133 4251 donatos,
1154 4174 1215 4235 et
1237 4190 1421 4237 casus
1445 4172 1698 4235 tantum
1719 4167 1843 4235 sub
1869 4167 1982 4234 illo
2001 4168 2298 4255 respectu
2322 4160 2685 4229 resolvitur.

465 4328 529 4392 (l)
564 4327 910 4378 Abstrahendo
934 4342 965 4378 a
995 4342 1242 4380 consensu
1283 4331 1517 4395 capitum
1558 4333 1599 4380 si
1630 4332 1767 4380 enim
1812 4330 1946 4381 adsit
1983 4331 2069 4382 ille
2094 4329 2403 4387 'consensu3,
2442 4337 2535 4388 pro
2564 4322 2690 4374 veris
2773 4363 2782 4368 ,

400 4411 650 4458 canonicis
674 4409 954 4459 honorariis
974 4408 1231 4459 habendos
1251 4423 1358 4461 esse
1385 4424 1534 4474 supra
1556 4410 1925 4463 adnotavimus.
