2930 4982
1138 323 1216 370 ΒΕ
1262 323 1584 370 culmus.
2390 322 2414 375 1
2431 322 2465 375 8
2479 321 2505 375 1

238 464 265 500 «
294 436 668 528 Episcopum
718 442 860 510 sive
904 465 1175 511 suorum
1225 444 1588 527 commodo,
1626 467 1752 512 non
1813 445 2001 513 debet
2055 447 2387 533 interesse,
2445 455 2519 518 ut

241 571 265 606 «
293 547 609 633 respondit
635 546 842 616 Sacra
858 549 1283 640 Congregatio
1309 551 1569 619 concilii
1599 550 1687 641 (in
1716 551 2201 621 Mediolanensi.
2218 605 2261 622 ..
2286 559 2523 644 janua-

239 680 266 715 «
293 654 362 719 rii
417 654 614 740 1587,
665 657 788 726 lib.
848 681 913 727 1v
942 658 1390 744 Decretorum,
1430 659 1587 727 folio
1622 659 1797 747 104).
1842 658 2051 727 Immo
2079 661 2147 727 in
2176 659 2523 730 Turritana

238 784 264 819 «
292 757 387 848 (24
398 762 689 849 januarii
718 764 920 856 1615)
961 767 1250 835 absolute
1274 766 1700 845 fuitdictum,
1736 765 2032 856 Episcopi
2059 768 2377 836 vicarium
2402 768 2524 837 de-

236 890 262 928 «
292 866 427 934 bere
453 870 795 941 abstinere
822 873 902 940 ab
932 874 1288 942 assistentia
1320 874 1388 940 iu
1418 874 1703 964 capitulo
1731 873 1873 964 (lib.
1906 895 2043 960 xiv,
2075 873 2186 941 fot.
2232 874 2409 965 104).
2443 874 2526 944 Et

235 997 262 1034 «
284 976 469 1061 quod,
519 979 576 1045 si
612 978 912 1048 vicarius
942 1002 1073 1049 non
1108 980 1191 1048 sit
1220 981 1298 1048 de
1327 981 1637 1070 capitulo,
1685 1002 1816 1048 non
1849 982 2047 1071 possit
2090 982 2415 1064 interesse,
2464 987 2527 1050 et

234 1080 330 1145 «si
359 1089 449 1148 est
478 1084 559 1149 de
589 1087 916 1175 capitulo,
944 1087 1171 1154 debeat
1191 1086 1408 1175 egredi
1436 1088 1698 1176 quando
1728 1088 1944 1176 agitur
1963 1088 2042 1154 de
2062 1109 2131 1154 re
2157 1088 2519 1177 pertinente

233 1187 349 1251 «ad
401 1187 847 1282 Episcopum,
890 1193 1098 1260 tenuit
1132 1191 1324 1261 Sacra
1367 1192 1792 1283 Congregatio
1820 1194 2295 1283 Episcoporum
2329 1199 2392 1261 et
2418 1215 2525 1262 re-

229 1314 255 1351 «
282 1293 617 1378 gularium
651 1298 759 1389 (in
792 1299 1235 1379 Brundusina‚
1279 1299 1666 1388 17Januarii
1707 1300 1932 1389 1585).
1983 1299 2063 1368 Et
2102 1300 2226 1367 alia
2273 1299 2527 1368 decreta

231 1422 258 1458 «
289 1400 471 1469 refert
499 1403 867 1494 Pignatelli
900 1405 1202 1497 (consult.
1241 1404 1400 1492 354,
1437 1413 1485 1472 t.
1522 1405 1662 1495 lV).
1708 1406 1789 1473 Et
1819 1405 1991 1494 quod
2026 1427 2153 1474 non
2186 1405 2386 1496 possit
2426 1404 2527 1473 in-

230 1531 257 1566 «
283 1512 530 1597 teresse,
581 1535 806 1602 neque
837 1534 1060 1580 vocem
1092 1513 1332 1580 habere
1360 1514 1610 1579 etiamsi
1643 1512 2004 1603 Episcopus
2024 1514 2108 1579 sit
2131 1511 2388 1594 absens,
2418 1512 2529 1578 de-

228 1636 255 1671 «
279 1612 538 1685 claravit
564 1617 773 1687 Sacra
821 1618 1242 1708 Congregatio
1266 1619 1526 1688 concilii
1560 1618 1656 1709 (in
1700 1618 2142 1708 Hydruntina,
2190 1619 2264 1685 11
2302 1617 2526 1709 aprilis

226 1740 257 1779 «
285 1718 497 1810 1699).

312 1825 589 1901 «Posset
643 1837 858 1898 tamen
903 1832 1295 1900 intervenire
1325 1831 1403 1898 ad
1431 1832 1742 1899 sedandas
1801 1830 2111 1898 sactiones
2138 1836 2201 1899 et
2241 1831 2523 1898 tumulta

225 1928 539 2001 «vitanda
581 1937 1053 2005 canonicorum
1085 1959 1166 2004 ne
1194 1939 1491 2003 oriantur
1534 1937 1873 2017 scandala;
1907 1944 1967 2003 et
2012 1934 2307 2003 canonici
2342 1943 2521 2003 tene-

220 2056 249 2094 «
272 2044 503 2107 rentur
538 2042 737 2108 illum
763 2044 1126 2126 admittere,
1173 2048 1244 2110 ut
1285 2043 1561 2119 assistat,
1611 2063 1742 2107 non
1772 2048 1991 2109 tamen
2022 2048 2094 2108 ut
2128 2041 2518 2130 suffragium

219 2139 544 2309 «dhabeat‚
595 2154 667 2213 ut
702 2147 881 2215 docet
934 2148 1320 2238 Ventriglia.
1357 2174 1390 2212 »
1451 2146 1840 2238 (Monacelli,
1893 2149 1991 2214 tit.
2025 2146 2108 2231 ll,
2144 2146 2407 2214 formul.
2445 2147 2513 2224 4,

210 2262 241 2308 a
290 2254 434 2313 not.
472 2250 619 2338 26.)

1138 2416 1425 2479 CAPUT
1477 2416 1603 2476 VII

370 2588 684 2648 QUATENUS
718 2592 828 2637 VOX
864 2592 929 2635 IN
962 2592 1244 2637 CAPITULO
1289 2592 1401 2636 PER
1456 2591 1929 2637 PROCURATOREM
1975 2590 2118 2634 DARI
2156 2588 2350 2640 QUEAT

310 2799 341 2837 t<
372 2774 729 2866 Dignitates
770 2786 831 2846 et
861 2780 1183 2862 canonici,
1217 2802 1369 2847 voce
1422 2781 1489 2845 in
1523 2780 1805 2869 capitulo
1853 2780 2233 2866 gaudenteS‚
2279 2779 2396 2864 qui
2426 2777 2510 2844 ob

234 2879 692 2967 «distantiam,
750 2885 1197 2952 infirmitatem
1245 2887 1345 2953 vel
1385 2886 1562 2952 aliud
1614 2884 2167 2972 impedimentum
2211 2882 2512 2947 interesse

236 3006 262 3043 «
289 3006 413 3053 non
446 2990 686 3073 valent,
728 2996 1022 3078 possunt,
1049 2989 1167 3056 etsi
1199 2991 1267 3056 in
1298 2990 1445 3057 loco
1473 2989 1831 3055 residentiae
1865 2987 2159 3068 existant,
2207 3008 2514 3075 procura-

237 3112 263 3147 «
287 3095 490 3161 torem
523 3094 914 3162 constituere
943 3096 1021 3161 ad
1047 3116 1275 3161 eorum
1304 3093 1574 3160 nomine
1601 3093 1982 3173 votandum,
2028 3114 2157 3160 non
2188 3092 2400 3159 solum
2432 3094 2504 3159 in

240 3220 265 3257 «
291 3199 712 3268 electionibus
744 3200 824 3267 ad
858 3202 1306 3285 canonicatus,
1342 3198 1657 3267 beneficia
1681 3204 1744 3265 et
1767 3198 2000 3284 officia,
2034 3197 2141 3264 sed
2166 3203 2227 3264 et
2254 3219 2372 3288 pro
2407 3218 2508 3264 re-

238 3306 609 3374 «solvendis
638 3307 827 3373 certis
859 3307 1131 3395 negotiis
1176 3305 1641 3395 capitularibus
1678 3327 1795 3393 pro
1826 3304 2066 3392 quibus
2108 3303 2503 3372 convocandi

241 3419 464 3489 «sunt,
500 3412 1032 3501 quotiescumque
1059 3412 1132 3479 fit
1161 3411 1525 3500 capitulum
1555 3409 2158 3476 extraordinarium.

316 3542 349 3578 «
377 3515 624 3583 Debent
646 3539 798 3585 vero
816 3518 1025 3584 eidem
1056 3539 1175 3583 suo
1205 3518 1602 3604 procuratori
1632 3515 1904 3603 speciale
1933 3516 2310 3582 mandatum
2339 3532 2504 3600 prae-

242 3642 269 3680 «
294 3620 437 3689 bere
469 3625 549 3690 ad
585 3624 946 3711 jurandum
977 3626 1044 3688 in
1090 3624 1379 3689 animam
1411 3644 1599 3688 suam
1629 3621 1707 3687 de
1731 3622 2019 3687 absentia
2057 3643 2094 3686 a
2119 3622 2376 3686 civitate
2404 3617 2507 3682 vel

242 3749 270 3787 «
291 3727 454 3807 loc0‚
483 3729 658 3818 quod
692 3728 822 3795 sint
851 3727 1062 3793 taliter
1084 3733 1147 3791 et
1171 3727 1283 3791 tali
1312 3727 1506 3792 modo
1538 3725 1858 3812 impediti.
1898 3725 2076 3789 Alias
2105 3720 2506 3810 procuratori

247 3855 272 3893 «
300 3855 424 3902 non
456 3835 743 3902 creditur
762 3855 955 3923 super
975 3831 1165 3899 dictis
1188 3829 1541 3906 obstaculis
1571 3830 2060 3894 canonicorum.

324 3965 353 4003 «
380 3942 594 4029 Atque
635 3943 703 4007 in
733 3942 914 4008 omni
944 3962 1094 4008 casu
1138 3944 1439 4006 tenentur
1469 3935 1820 4023 subrogare
1848 3932 2135 4021 aliquem
2164 3932 2274 4021 qui
2305 3931 2385 3999 sit
2425 3933 2502 4002 de

246 4070 273 4106 «
298 4048 512 4114 eodem
540 4048 819 4138 capitulo
849 4054 911 4113 et
935 4046 1130 4114 sacris
1153 4046 1492 4122 ordinibus
1516 4044 1877 4111 decoratus.

319 4152 753 4219 «Procurator
778 4154 1015 4219 electus
1043 4174 1079 4219 a
1108 4153 1420 4219 canonico
1447 4150 1527 4217 ad
1555 4149 1955 4237 eligendum,
1987 4168 2140 4214 cum
2171 4147 2263 4214 sic
2307 4168 2501 4235 penes

244 4275 438 4322 «eum
468 4258 599 4324 sint
635 4257 778 4325 duae
809 4280 1016 4342 voceS,
1051 4280 1181 4325 non
1216 4256 1447 4345 poterit
1474 4256 1542 4320 in
1576 4255 1994 4323 electionibus
2022 4243 2178 4344 quae‘
2202 4254 2370 4318 fiunt
2395 4266 2508 4334 per

245 4384 272 4420 «
298 4367 428 4429 vota
454 4369 718 4447 secreta,
776 4387 960 4433 suam
996 4386 1221 4432 vocem
1250 4365 1399 4431 dare
1425 4362 1571 4449 uni,
1603 4370 1663 4429 et
1695 4364 1888 4431 aliam
1922 4356 2368 4453 procuratorio
2393 4366 2511 4410 no-
