2930 4982
1232 346 1310 390 nn
1354 345 1682 393 emirum.
2478 347 2607 404 285

324 489 354 529 «
385 461 648 544 debent,
682 462 772 529 ait
799 460 1189 531 Benedictus
1206 461 1362 532 XIV
1384 462 1803 555 (institutione
1835 467 1991 557 107,
2022 468 2179 560 §4)‚
2214 495 2359 561 quoe
2385 472 2454 543 S.
2488 475 2612 546 Ca-

326 594 356 633 «
380 569 557 635 rolus
586 566 993 637 Borromaeus
1020 568 1364 638 admonuit
1399 593 1415 638 ε
1453 571 1875 641 Matutinum
1907 574 1980 642 in
2007 576 2203 643 choro
2225 578 2605 652 celebretur.

326 700 358 739 a
383 675 475 742 At
497 674 561 740 si
609 686 833 742 tamen
865 674 1283 744 vehementia
1324 676 1594 767 friqora
1635 678 1805 761 sint,
1849 681 1952 748 vel
1992 682 2369 773 alioejustoe
2391 707 2610 757 causoe

322 807 354 847 «
379 769 824 861 intercedant,
855 780 934 847 de
957 781 1230 850 licentia
1241 783 1573 874 Episcopi
1594 783 1669 849 in
1687 785 2028 868 sacristia,
2047 787 2150 855 vel
2174 789 2443 859 honesto
2467 794 2607 862 alio

315 915 349 955 a
377 888 521 977 ejus
541 887 822 954 ecclesioe
843 888 980 955 loco
1010 885 1150 955 dici
1167 890 1413 980 possit.
1439 889 1618 958 ldem
1648 891 1947 979 probavit
1972 891 2165 963 Sacra
2185 894 2608 988 Congregatio

311 1021 347 1059 «
377 992 643 1060 concilii
661 992 765 1059 die
792 991 873 1059 18
903 992 1303 1078 novembriS‚
1334 1015 1509 1063 anno
1538 994 1735 1063 1645.
1775 1021 1808 1060 »
1851 996 1962 1066 llle
1988 1005 2210 1067 autem
2238 1001 2397 1070 alter
2426 1003 2606 1074 locus

303 1105 465 1166 tunc
494 1104 793 1165 censetur
816 1103 880 1166 et
909 1104 1004 1165 est
1031 1099 1293 1167 choruS.

393 1204 591 1273 Unde
604 1225 681 1273 ex
706 1193 1084 1273 rationabili
1115 1227 1310 1276 causa
1339 1206 1422 1274 ab
1453 1206 1771 1298 Episcopo
1793 1210 2144 1300 approbata
2169 1219 2375 1303 potest
2421 1217 2608 1288 locus

297 1311 490 1380 chori
511 1311 752 1380 mutari
783 1311 853 1378 in
880 1311 1088 1379 alium
1116 1313 1408 1402 ejusdem
1438 1314 1747 1382 ecclesiae.
1782 1314 1969 1395 Quod
2002 1318 2199 1386 etiam
2226 1342 2300 1389 ex
2322 1323 2608 1392 rationa-

295 1414 423 1482 bili
460 1412 926 1482 consuetudine
964 1413 1296 1482 introduci
1329 1421 1390 1482 et
1432 1415 1646 1482 valere
1689 1423 1916 1505 potest.
1961 1417 2228 1488 Certum
2262 1430 2480 1493 autem
2508 1430 2607 1494 est

291 1542 567 1613 peccare
590 1520 984 1588 canonicum
1014 1520 1155 1610 qui,
1213 1520 1709 1611 praescindendo
1765 1545 1802 1592 a
1844 1525 2057 1594 causis
2120 1531 2604 1622 excusantibus,

294 1629 503 1699 choro
524 1648 658 1695 non
692 1626 949 1695 assistit.
1046 1672 1051 1676 -

386 1734 461 1802 ll.
494 1734 606 1803 An
636 1739 857 1802 autern
873 1734 1183 1823 obligatio
1213 1734 1763 1805 assistendichoro
1784 1737 2027 1828 obliget
2054 1761 2606 1831 unumquemque

294 1842 695 1911 canonicum
723 1839 846 1908 sub
875 1841 1056 1930 gravi
1073 1845 1107 1908 ⁶?
1133 1879 1224 1893 —
1253 1840 1323 1911 Si
1356 1844 1714 1912 canonicus
1745 1844 1913 1912 absit
1936 1851 2188 1914 tantum
2213 1870 2329 1938 per
2349 1854 2478 1917 tres
2502 1849 2608 1918 vel

286 1955 577 2040 quatuor
594 1948 760 2034 dies,
787 1953 880 2015 est
898 1948 1217 2016 sententia
1247 1951 1623 2016 communis
1649 1972 1803 2017 eum
1837 1973 1971 2018 non
2002 1975 2271 2041 peccare
2296 1956 2599 2042 graviter.

290 2053 783 2147 (Liguori,loco
814 2052 1030 2140 citato,
1068 2075 1139 2121 n.
1174 2052 1362 2143 675.)
1388 2053 1459 2124 Si
1489 2076 1639 2121 vero
1665 2055 1831 2123 absit
1854 2079 1970 2146 per
1998 2063 2252 2148 tempus
2281 2059 2605 2142 notabile,

284 2161 511 2229 verior
532 2158 849 2226 sententia
866 2163 985 2242 est,
1027 2159 1245 2248 ipsum
1266 2180 1536 2247 peccare
1572 2160 1882 2247 graviter,
1910 2159 2061 2228 licet
2080 2164 2483 2231 contrarium
2511 2170 2608 2232 te·

287 2249 504 2335 neant
520 2285 657 2329 non
678 2264 869 2350 pauci
889 2263 1203 2350 theologi.
1237 2264 1565 2352 (Liguori‚
1599 2263 1792 2351 ibid.)

313 2403 320 2408 ·
397 2365 508 2434 lll.
535 2364 644 2433 An
664 2363 780 2453 qui
806 2386 843 2431 a
872 2365 1070 2433 choro
1097 2387 1173 2433 ex
1202 2365 1397 2456 culpa
1428 2388 1543 2434 sua
1567 2368 1743 2435 abest
1796 2366 1985 2435 saciat
2012 2367 2264 2438 fructus
2292 2391 2441 2438 suos
2466 2374 2498 2437 ⁶?
2518 2410 2609 2424 —

300 2473 370 2539 1⁰
393 2468 663 2538 Certum
690 2475 784 2540 est
813 2471 1029 2562 ipsum
1060 2494 1189 2541 non
1220 2473 1680 2564 posse‘lucrari
1711 2473 2232 2545 distributiones:
2265 2477 2608 2547 Distribu-

293 2578 511 2646 tiones
534 2600 683 2645 vero
714 2578 838 2669 qui
863 2579 1063 2669 statis
1083 2579 1268 2646 lzoris
1294 2580 1741 2671 interfuerint
1757 2582 2098 2672 recipiant
2110 2604 2143 2666 ,⁰
2163 2584 2413 2675 reliqui
2438 2607 2605 2674 qua-

288 2685 392 2751 vis
454 2684 819 2753 collusione
873 2697 995 2753 aut
1056 2687 1440 2754 remissione
1495 2689 1760 2755 exclusa
1826 2688 1935 2756 his
1995 2704 2292 2758 careant.
2358 2690 2596 2780 (Trid.,

289 2814 446 2860 sess.
472 2793 588 2874 24,
604 2816 663 2860 c.
688 2791 827 2882 12.)
848 2792 992 2860 Νοῐι
1015 2793 1355 2882 privantur
1383 2799 1601 2860 autem
1633 2795 2203 2862 distributionibus
2217 2797 2337 2883 qui
2369 2794 2606 2864 absunt

292 2917 374 2963 ex
399 2896 800 2983 quibusdam
836 2896 1146 2983 legitimis
1172 2898 1411 2981 causis»,
1437 2902 1511 2962 ut
1539 2898 1794 2962 dicetur
1813 2896 2007 2963 infra.

383 2999 457 3066 2⁰
480 2998 632 3067 Non
680 3002 907 3066 minus
938 3003 1186 3065 certum
1216 3005 1309 3066 est
1352 3020 1556 3076 nunc,
1592 2998 1975 3087 praedictum
2025 3001 2142 3087 qui
2192 3000 2606 3091 culpabiliter

290 3107 475 3176 abest
507 3129 644 3175 non
676 3104 923 3173 lucrari
955 3104 1204 3172 fructus
1234 3102 1596 3194 praebendae
1622 3110 1684 3170 et
1708 3103 1913 3171 teneri
1961 3105 2041 3173 ad
2099 3108 2597 3179 restitutionem.

292 3212 672 3282 Concilium
698 3211 1163 3279 Tridentinum
1189 3209 1408 3278 statuit
1431 3211 1510 3277 de
1539 3210 1777 3278 talibus
1806 3201 1978 3301 ipsos
2005 3213 2223 3302 primo
2263 3236 2438 3282 anno
2466 3220 2599 3308 pri·

289 3320 541 3390 vandos
560 3341 694 3388 esse
713 3318 983 3387 dimidia
1000 3326 1181 3409 parte
1206 3319 1568 3406 fructuum,
1596 3319 1881 3387 secundo
1904 3341 2080 3388 anno
2095 3322 2403 3390 omnibus
2424 3324 2597 3395 fruc-

295 3431 502 3515 tibus,
537 3427 721 3496 tertio
749 3449 921 3495 anno
950 3426 1429 3517 procedendum
1449 3438 1679 3495 contra
1710 3426 1877 3517 ipsos
1888 3429 2074 3518 juxta
2093 3450 2372 3497 canones
2398 3429 2589 3522 (Sess.

293 3534 492 3623 24,c.
518 3534 625 3617 12,
651 3537 744 3601 De
756 3534 916 3623 ref.)
929 3553 957 3616 ,·
974 3534 1148 3600 unde
1174 3533 1646 3601 concludebant
1666 3535 2014 3601 canonistae
2041 3556 2148 3601 eos
2174 3557 2306 3601 non
2336 3536 2596 3624 spoliari

294 3643 519 3709 statim
547 3662 583 3707 a
605 3642 781 3730 jure,
808 3639 917 3706 sed
936 3646 1189 3705 tantum
1225 3644 1369 3728 post
1396 3640 1807 3705 sententiam.
1840 3637 1966 3705 Sed
2005 3639 2354 3706 intervenit
2405 3640 2596 3711 breve

297 3747 556 3814 Dilecte
575 3747 683 3828 fili
700 3744 1033 3813 Benedicti
1055 3741 1234 3825 XIV,
1268 3742 1351 3809 19
1390 3743 1568 3831 junii
1623 3743 1819 3823 1748,
1871 3744 2156 3812 dubium
2203 3763 2399 3810 omne
2441 3746 2595 3815 diri·

297 3878 513 3925 mens.
544 3852 618 3921 ln
643 3853 755 3920 illo
779 3849 957 3920 enim
986 3849 1269 3934 decretu,
1304 3847 1475 3915 infra
1505 3846 1783 3929 citand0‚
1830 3848 2131 3915 statuitur
2167 3870 2457 3939 expresse
2486 3846 2593 3924 eos

299 3963 514 4053 quiin
552 3960 749 4029 choro
789 3980 926 4025 non
952 3966 1208 4025 canunt
1220 3976 1352 4023 non
1372 3954 1581 4023 facere
1599 3952 1851 4020 fructus
1885 3971 2035 4018 suos
2060 3977 2077 4037 ;
2110 3974 2264 4043 ergo
2283 3977 2320 4021 a
2345 3954 2593 4030 fortiori

299 4068 481 4137 idem
508 4065 863 4134 dicendum
892 4063 971 4131 de
989 4063 1072 4130 iis
1092 4062 1207 4152 qui
1234 4082 1368 4130 non
1398 4059 1748 4127 intersunt.

393 4172 509 4242 lV.
539 4172 645 4241 An
666 4177 880 4239 autem
908 4169 1213 4259 obligatio
1233 4165 1572 4236 assistendi
1604 4164 1804 4230 choro
1824 4159 2249 4252 intelligenda
2273 4164 2355 4233 sit
2377 4170 2591 4255 quoad

303 4282 637 4370 integrum
690 4278 981 4346 officium
1028 4273 1521 4367 comprehensis
1562 4270 1756 4338 etiam
1795 4269 2010 4360 parvis
2066 4270 2247 4338 horis
2271 4274 2303 4335 ‘2
2332 4307 2421 4318 —
2449 4272 2594 4334 Non

307 4386 519 4455 solum
543 4383 838 4455 canonici
867 4387 1163 4452 tenentur
1196 4407 1232 4448 a
1254 4380 1448 4449 visui
1485 4378 1776 4446 muneris
1803 4378 2078 4469 psallere
2114 4377 2188 4441 in
2219 4373 2442 4447 chor0,
2485 4368 2594 4432 sed
