2930 4982
418 335 451 386 Ξ
463 338 495 388 O
509 332 542 384 Ξ).
1384 335 1724 382 TRACTATUS

415 457 774 549 capitulum
802 463 864 524 et
889 456 1093 547 ipsius
1123 455 1544 546 Episcopum.
1592 452 1966 544 Capitulum
1993 451 2424 543 praetendebat
2449 474 2524 519 ex
2550 454 2706 542 qui-

420 564 697 632 busdam
726 564 932 632 titulis
963 562 1089 631 sibi
1127 562 1450 630 exclusive
1502 565 1866 651 competere
1908 559 2323 627 collationem
2361 560 2702 629 canonica-

415 677 603 738 tuum
631 676 694 738 et
716 670 1140 760 dignitatum.
1170 667 1527 759 Episcopus
1556 665 1985 735 contendebat
2010 663 2416 733 collationem
2460 665 2704 734 simul-

415 784 595 845 tanee
652 777 733 843 ad
788 775 1147 865 capitulum
1202 780 1288 855 et,
1310 773 1708 864 Episcopum
1766 771 2107 864 pertinere.
2158 769 2705 863 Archiepiscopus

416 882 746 961 Lucanus,
791 881 870 948 ad
900 882 1003 971 cuj
1015 903 1088 949 us
1115 879 1402 948 tribunal
1449 902 1645 948 causa
1678 879 2022 970 pendebat,
2067 882 2293 946 votum
2317 878 2708 947 consultoris

416 987 709 1078 probavit
728 993 791 1054 et
836 986 1277 1078 pronuntiavit
1320 988 1391 1054 in
1429 986 1712 1055 favorem
1756 985 2059 1076 Episcopi
2088 983 2430 1053 pratensis.
2485 984 2707 1076 (Apud

415 1090 967 1177 Scarsantonium,
1012 1098 1187 1160 tomo
1234 1091 1319 1180 ll,
1363 1094 1436 1159 in
1481 1092 1883 1185 Appendice,
1928 1113 2080 1183 pag.
2140 1089 2298 1175 213,
2335 1090 2530 1158 editio
2575 1090 2709 1158 Lu-

413 1219 594 1281 cana,
633 1197 857 1287 1723.)

500 1301 673 1371 Hinc
693 1302 989 1370 videmus
1023 1307 1316 1370 auctores
1339 1302 1580 1392 passim
1619 1302 1804 1370 illam
1829 1299 2191 1371 doctrinam
2244 1321 2524 1370 asserere
2559 1306 2706 1369 tan-

411 1430 609 1497 quam
663 1414 903 1476 certam
976 1415 1038 1476 et
1119 1407 1305 1498 quasi
1372 1410 1555 1477 nulla
1620 1411 1762 1499 jam
1824 1408 2203 1500 probatione
2274 1407 2700 1497 indigentem.

418 1539 453 1579 «
484 1515 785 1599 Maxime,
810 1517 900 1582 ait
922 1514 1178 1604 Riganti
1205 1514 1294 1606 (in
1322 1537 1457 1605 reg.
1485 1516 1527 1582 2
1554 1517 1799 1584 cancel.
1831 1515 1969 1606 §3·,
1993 1538 2061 1584 n.
2089 1514 2271 1605 324),
2301 1515 2356 1583 si
2373 1523 2608 1605 agatur
2631 1516 2706 1584 de

419 1650 453 1688 «
483 1621 843 1713 praebendis
863 1627 926 1689 et
942 1622 1369 1712 dignitatibus
1387 1623 1456 1690 in
1483 1623 1979 1707 cathedralibUS,
2004 1645 2149 1713 quae
2167 1618 2554 1712 regulariter
2573 1643 2704 1690 non

421 1756 454 1794 «
490 1734 642 1797 sunt
666 1728 891 1797 liberae
911 1728 1269 1798 collationis
1291 1728 1620 1820 Episcopi,
1652 1730 1763 1798 sed
1786 1729 2189 1798 simultaneae
2217 1751 2371 1797 cum
2390 1728 2699 1820 capitu10,

421 1861 453 1898 «
485 1835 616 1902 sive
645 1856 721 1902 ex
758 1856 833 1901 eo
856 1834 1031 1923 quod
1072 1833 1432 1926 Episcopus
1464 1856 1684 1903 unum
1723 1856 1955 1927 corpus
2012 1835 2401 1905 constituere
2450 1834 2702 1904 dicatur

421 1962 454 1999 «
490 1959 642 2005 cum
671 1938 977 2027 capitulo,
1020 1938 1152 2006 sive
1203 1939 1449 2007 ratione
1474 1946 1885 2031 praesumptae
1920 1962 2148 2008 earum
2187 1939 2588 2007 fundationis
2627 1941 2702 2007 de

419 2070 454 2107 «
481 2043 671 2111 bonis
699 2044 1192 2132 communibus,
1221 2046 1492 2136 capituli
1518 2046 1765 2115 scilicet
1788 2053 1850 2115 et
1872 2047 2200 2136 Episcopi.
2226 2070 2262 2110 »

499 2147 577 2216 ll.
615 2149 702 2218 At
736 2150 989 2218 etiamsi
1029 2173 1111 2221 ex
1133 2152 1604 2220 recentioribus
1635 2153 1873 2243 aliquis
1903 2153 2297 2221 contrariam
2324 2152 2701 2243 opinionem

411 2253 790 2321 sustinuisse
809 2256 1222 2345 reperiretur,
1237 2258 1508 2325 omnino
1531 2258 1925 2327 deserendus
1942 2264 2128 2346 esset,
2139 2258 2225 2327 ob
2253 2259 2703 2328 auctoritatem

410 2358 585 2426 Rotae
607 2367 668 2426 et
695 2359 906 2428 Curiae
933 2361 1260 2433 Romanae.
1298 2363 1488 2445 Quod
1516 2370 1734 2433 autem
1755 2365 1930 2456 apud
1956 2363 2186 2434 Rotam
2205 2371 2270 2435 et
2284 2365 2554 2435 Curiam
2580 2365 2704 2436 Ro·

399 2484 672 2556 manam
690 2488 823 2556 pro
867 2468 1108 2557 reyula
1136 2476 1472 2561 receptum
1503 2473 1586 2538 sit
1616 2471 2027 2541 collationem
2056 2472 2560 2565 praebendarum
2600 2494 2706 2544 ca·

411 2569 712 2636 thedralis
732 2572 811 2638 ad
832 2571 1230 2666 Episcopum
1251 2577 1449 2644 simul
1472 2582 1536 2645 et
1558 2578 1918 2669 capitulum
1944 2581 2323 2670 regulariter
2342 2579 2702 2671 pertinere,

400 2673 541 2761 Jam
560 2693 757 2762 supra
783 2679 1121 2744 testantem
1141 2680 1539 2748 cardinalem
1560 2682 1640 2750 de
1666 2680 1844 2750 Luca
1861 2684 2256 2754 audivimus.
2279 2684 2455 2753 Idem
2477 2688 2702 2753 tamen

410 2778 671 2865 directe,
702 2778 908 2851 allatis
940 2785 1369 2871 documentis,
1401 2809 1519 2878 pro
1559 2790 1651 2856 rei
1680 2791 2016 2878 gravitate,
2042 2793 2515 2862 ostendendum
2538 2792 2700 2860 exis·

411 2882 811 2952 timavimuS.
1335 2925 1340 2930 ·

508 3011 540 3050 (ι
568 2986 854 3057 Decessit
878 2992 944 3059 in
968 3013 1189 3062 mense
1216 2996 1495 3086 Augusti
1520 2998 1690 3068 1676
1717 2999 1932 3070 Julius
1956 2999 2187 3085 Caesar,
2220 3008 2482 3093 propter
2508 3005 2698 3094 cujus

419 3116 450 3153 «
481 3099 757 3161 mortem
799 3101 1049 3166 vacavit
1090 3100 1160 3167 in
1210 3103 1562 3170 cathedrali
1595 3104 1978 3175 Novariensi
2026 3108 2466 3194 canonicatus,
2499 3128 2698 3197 quem

416 3222 450 3259 «
477 3197 853 3289 Capitulum
878 3206 1151 3273 contulit
1174 3206 1504 3299 Philippo,
1536 3210 1899 3303 Episcopus
1917 3212 2329 3281 vero‘Jacobo
2364 3213 2691 3283 Antonio:

418 3326 450 3363 «
474 3303 649 3370 unde
684 3313 822 3374 orta
851 3314 1285 3381 controversia
1321 3336 1524 3403 eaque
1565 3318 1645 3384 ad
1697 3317 1928 3386 Rotam
1968 3318 2197 3400 delata,
2231 3322 2543 3411 proposui
2575 3320 2697 3389 du-

417 3430 449 3469 «
479 3406 663 3475 bium
699 3433 715 3477 :
755 3435 844 3479 an
866 3427 931 3480 et
954 3417 1062 3484 cui
1097 3430 1258 3486 esset
1287 3418 1772 3510 adjudicandus
1801 3426 2253 3494 canonicatus.
2273 3450 2372 3480 ι’·-
2418 3426 2501 3495 Et
2545 3427 2698 3496 Phi-

418 3538 451 3574 «
472 3512 652 3603 lippo
670 3513 935 3585 Domini
968 3520 1292 3592 dixerunt.
1317 3524 1629 3606 Quamvis
1656 3530 1836 3597 enim
1866 3531 1944 3598 de
1965 3533 2118 3621 Jure
2149 3531 2406 3599 collatio
2429 3532 2698 3601 canonia

419 3645 451 3683 «
481 3625 745 3689 catuum
765 3624 834 3690 in
861 3628 1213 3698 cathedrali
1239 3632 1629 3704 simultanee
1668 3641 1951 3727 spectare
1975 3644 2411 3729 praesumatur
2439 3638 2522 3706 ad
2543 3637 2697 3729 Epi-³·

415 3752 449 3790 «
485 3749 756 3820 scopum
773 3736 835 3798 et
858 3735 1216 3825 capitulum
1246 3738 1341 3827 (ut
1358 3743 1786 3832 perylossam
1806 3747 2249 3814 communiter
2269 3750 2597 3837 receptam
2621 3744 2698 3812 in

415 3857 617 3926 «cap.
657 3840 828 3906 Cum
850 3842 1121 3911 ecclesia
1150 3846 1440 3916 Vulterr.
1479 3850 1574 3919 De
1598 3854 1913 3922 electione
1934 3887 2026 3910 -·-
2044 3852 2228 3937 Rota,
2258 3853 2502 3921 decisio
2534 3852 2694 3939 124,

416 3961 450 4000 ι(
490 3960 560 4005 n.
602 3942 665 4022 1,
707 3952 885 4032 parte
913 3946 983 4035 3,
1018 3950 1210 4041 rec.),
1250 3958 1647 4026 consuetudo
1675 3960 1992 4028 tamenin
2021 3957 2420 4028 contrarium
2449 3958 2700 4029 attendi

416 4068 450 4106 ε(
478 4041 696 4132 debet3
730 4052 1024 4124 videlicet
1043 4059 1218 4147 quod
1241 4061 1321 4128 ad
1356 4063 1569 4132 solum
1596 4065 1989 4160 Episcopum
2017 4068 2157 4138 sine
2185 4068 2454 4160 capituli
2485 4068 2704 4138 inter-⁴

415 4173 461 4241 “⁴
478 4154 702 4270 Jemu,
741 4157 844 4222 vel
884 4182 920 4226 e
956 4184 1263 4235 converso
1311 4168 1390 4238 ad
1441 4170 1655 4239 solum
1705 4174 2062 4265 capitulum
2116 4175 2428 4266 privative
2478 4175 2711 4266 quoad·

416 4281 449 4320 a
476 4276 694 4345 1psum
724 4258 1119 4354 Episcopum
1143 4274 1395 4343 collatio
1415 4278 1746 4366 pertineat.
1764 4279 1973 4361 Quam
1991 4282 2533 4351 consuetudinem
2553 4302 2700 4351 non

412 4389 448 4428 α
476 4384 611 4432 esse
634 4364 1165 4463 irrationabilem,
1193 4378 1350 4448 dicit
1375 4382 1586 4472 glossa
1608 4385 1678 4452 in
1706 4395 1903 4477 caput
1936 4389 2250 4458 ultimum
2286 4391 2383 4458 Dc
2412 4409 2696 4458 consue-
