2930 4982
1184 319 1264 367 οι
1304 319 1642 370 carn-uus.
2001 336 2010 343 ·
2430 319 2542 376 12¹

272 439 439 508 Alias
465 440 607 531 ipse
645 438 725 507 de
765 440 1059 532 propri0,
1108 438 1180 507 in
1210 437 1407 507 choro
1434 438 1598 508 bene
1625 440 2052 511 servientibus
2081 447 2340 515 tenetur
2368 448 2557 517 resti·

272 553 461 615 tuere.
499 545 972 637 (Ceccoperius,
1006 545 1151 614 loco
1179 544 1426 637 citato.)

345 652 757 722 Canonicum
782 657 1231 744 punctatorem
1261 673 1299 719 a
1324 651 1526 720 choro
1561 651 1915 743 absentem,
1958 662 2167 747 partes
2203 662 2358 725 sunt
2386 659 2554 728 anti·

269 760 508 851 quioris
540 760 837 829 canonici
867 765 1179 851 punctare
1204 781 1278 828 ac
1307 760 1651 844 mulctare,
1687 766 1878 851 prout
1906 762 2100 830 etiam
2126 785 2352 833 omnes
2392 764 2553 834 alios

269 866 576 950 absentes,
610 888 722 934 seu
749 873 1094 958 praesentes
1124 867 1240 957 qui
1272 865 1558 935 defectus
1599 866 1687 933 ibi
1715 872 1995 957 patrant.
2040 867 2162 937 Sed
2192 869 2429 939 melius
2452 871 2552 939 vi·

268 973 446 1040 detur
475 972 682 1064 (juxta
706 971 1105 1052 Gavantum,
1127 973 1199 1040 in
1233 994 1348 1040 sua
1378 973 1560 1063 praxi
1588 971 1685 1041 De
1712 973 1960 1062 synodo
1987 981 2152 1065 part.
2182 997 2230 1057 1,
2264 997 2404 1066 cap.
2439 975 2550 1059 34,

269 1099 326 1145 n.
373 1077 436 1168 1)
482 1078 659 1168 quod
696 1077 1025 1167 eligantur
1073 1080 1204 1147 duo
1246 1083 1680 1170 punctatores,
1727 1080 1843 1169 qui
1879 1086 2154 1170 possunt
2189 1103 2326 1149 esse
2362 1082 2552 1149 etiam

269 1183 550 1252 extranei
572 1205 610 1252 a
634 1185 943 1275 capitu10,
967 1184 1324 1253 dummodo
1349 1187 1481 1253 sint
1502 1185 1698 1253 sacris
1722 1185 2063 1255 ordinibus
2089 1187 2346 1256 initiati.
2378 1186 2556 1277 (Cec-

270 1291 580 1381 coperius,
612 1290 755 1359 loco
783 1289 1024 1382 citat0.)

349 1396 756 1466 Punctatoris
774 1420 1021 1467 munus
1039 1404 1133 1466 est
1145 1399 1408 1491 insuper
1421 1406 1738 1491 punctare
1760 1400 2105 1469 canonicos
2125 1401 2364 1488 absque
2381 1401 2551 1489 justa

269 1525 452 1571 causa
483 1524 616 1577 non
662 1504 1160 1574 intervenientes
1188 1505 1472 1596 publicis
1501 1505 2048 1596 processionibuS,
2092 1528 2239 1595 quae
2268 1506 2411 1574 loco
2451 1527 2556 1574 co·

267 1608 509 1676 rollarii
543 1609 815 1676 veniunt
845 1609 967 1676 sub
1010 1609 1403 1699 obligatione
1440 1609 1756 1678 recitandi
1787 1609 2049 1700 publice
2085 1610 2384 1678 divinum
2415 1609 2554 1677 offi-

266 1713 460 1782 cium.
496 1712 613 1781 His
652 1716 1170 1804 processionibus
1198 1716 1608 1805 assignantur
1649 1714 2160 1803 distributiones,
2199 1721 2262 1784 et
2300 1713 2555 1805 regula-

267 1818 419 1887 riter
451 1823 656 1911 major
681 1822 891 1912 portio
930 1822 1309 1891 attribuitur
1345 1823 1873 1892 interessentibus
1913 1822 2308 1914 processioni
2350 1843 2548 1911 quam

266 1925 376 1991 uni
406 1926 582 1996 horae
620 1931 948 1997 canonicae
978 1929 1446 2019 (Ceccoperius,
1482 1929 1622 1997 loco
1651 1931 1866 1998 citato.
1895 1968 1986 1981 —
2011 1929 2368 2007 Gavantus,
2406 1931 2552 1996 Ma·

264 2033 460 2100 nuale
497 2035 762 2124 Episc„
794 2035 992 2103 verbo
1019 2034 1383 2119 ProcessiO,
1414 2058 1483 2102 n.
1519 2034 1660 2126 28.)

343 2137 715 2207 Memoratis
756 2141 1276 2231 processionibus
1314 2142 1624 2208 interesse
1666 2145 1965 2208 tenentur
1993 2162 2127 2207 non
2167 2145 2422 2208 tantum
2451 2162 2555 2208 ca·

258 2244 511 2324 nonici,
545 2245 656 2310 sed
671 2251 734 2309 et
759 2245 875 2310 alii
892 2246 1114 2312 clerici
1135 2245 1525 2311 beneficiati.

350 2347 659 2436 Denique
686 2347 995 2436 quoniam
1021 2348 1217 2415 missa
1242 2347 1420 2414 venit
1440 2344 1867 2438 appellatione
1898 2346 2273 2417 divinorum
2306 2349 2553 2417 officio-

257 2478 439 2545 rum,
465 2463 528 2525 et
554 2458 990 2548 aequiparatur
1016 2457 1190 2527 horae
1219 2457 1575 2543 canonicae,
1624 2456 2033 2547 assignantur
2067 2456 2550 2527 distributiones

262 2587 376 2656 pro
416 2564 632 2633 missis
668 2587 814 2654 quae
859 2565 1189 2633 canonicis
1241 2565 1576 2633 cantandae
1616 2564 2159 2655 praescribuntur.
2216 2564 2462 2633 Idcirco
2513 2584 2550 2630 a

266 2676 638 2761 punctatore
668 2672 1025 2761 punctandi
1058 2693 1132 2740 ac
1163 2694 1278 2765 pro
1308 2671 1682 2739 absentibus
1706 2671 1987 2740 habendi
2024 2679 2178 2740 sunt
2221 2669 2547 2750 canonici,

273 2781 375 2868 qui
414 2780 494 2847 ad
526 2779 820 2870 praefatas
863 2780 1088 2848 missas
1124 2785 1271 2847 ante
1300 2779 1499 2847 finem
1529 2779 1750 2846 ultimi
1780 2777 1969 2868 kyrie
1996 2799 2129 2844 non
2155 2779 2463 2854 veniunt3
2494 2782 2555 2840 et

275 2884 524 2977 insuper
551 2885 601 2952 ii
640 2888 756 2975 qui
785 2907 919 2953 non
953 2889 1240 2968 cantant,
1270 2885 1375 2951 vel
1419 2886 1536 2972 qui
1567 2884 2098 2965 confabulantur,
2139 2881 2240 2947 vel
2270 2880 2385 2969 qui
2422 2879 2554 2946 huc

279 2987 419 3058 illuc
450 2999 806 3080 vagantur,
838 2996 949 3056 aut
981 2990 1137 3055 alios
1168 2988 1454 3055 detectus
1485 2988 1933 3055 committunt.
1971 2985 2051 3052 Et
2084 2985 2380 3053 eamdem
2417 3007 2554 3076 poe-

283 3117 415 3164 nam
441 3099 798 3166 incurrunt
821 3098 938 3188 qui
969 3099 1118 3163 ante
1142 3095 1342 3162 finem
1369 3094 1585 3163 missae
1615 3116 1651 3161 a
1679 3093 1877 3161 choro
1913 3093 2272 3163 discedunt.
2302 3092 2554 3183 (Cocco-

283 3205 502 3289 perius,
538 3205 679 3271 loco
710 3200 957 3293 citato.)

356 3308 660 3379 Canonici
693 3318 753 3377 et
779 3311 974 3378 etiam
1012 3309 1380 3399 dignitateS,
1437 3308 1653 3399 prima
1699 3315 1917 3376 tamen
1964 3314 2244 3399 excepta,
2291 3309 2551 3398 quaudo

285 3428 493 3486 exeunt
520 3443 558 3487 a
583 3411 1180 3514 choropdivinorum
1211 3417 1576 3486 officiorum
1606 3422 1922 3509 tempore,
1951 3422 2254 3486 tenentur
2282 3423 2554 3506 puncta-

283 3525 387 3591 tori
417 3526 867 3594 rationabilem
906 3524 1275 3615 egrediendi
1310 3547 1573 3593 causam
1609 3515 1906 3592 innuere.¹
1948 3523 2135 3604 Quod
2174 3522 2304 3588 nisi
2332 3526 2549 3606 agant,

284 3632 624 3718 punctandi
656 3636 834 3699 sunt.
868 3628 1344 3720 (CcccoperiuS‚
1373 3629 1422 3695 l.
1452 3629 1536 3715 ll,
1561 3630 1660 3695 tit.
1702 3630 1833 3714 13.)

359 3737 509 3819 Quae
539 3740 672 3807 huc
695 3759 906 3828 usque
936 3735 1015 3802 de
1040 3734 1438 3824 punctatoris
1472 3732 1683 3797 officio
1714 3731 2178 3817 descripsimus
2200 3725 2550 3815 praesertim

287 3842 350 3909 ad
387 3845 868 3914 distributiones
902 3839 1310 3933 quotidianas
1342 3838 1742 3924 referuntur3
1791 3835 1967 3903 unde
1999 3834 2146 3923 quis
2173 3834 2549 3904 concludere

286 3957 496 4038 posset,
539 3951 807 4019 nullum
856 3949 1102 4039 requiri
1163 3951 1607 4037 punctatorem
1648 3943 1763 4011 ubi
1807 3941 1990 4010 nulla
2031 3942 2103 4009 fit
2136 3940 2541 4024 distributim

288 4057 439 4142 quod
477 4057 943 4148 applicandum
970 4054 1148 4123 venit
1179 4053 1477 4144 capitulis
1512 4049 1739 4117 Galliae
1765 4056 1836 4142 ⁸et
1869 4046 2139 4116 aliarum
2175 4050 2545 4137 regionum,

291 4156 350 4224 in
380 4161 611 4250 quibus
635 4184 671 4229 a
695 4159 1071 4230 concordato
1090 4158 1248 4226 anni
1277 4156 1442 4225 1801
1477 4158 1808 4222 cessarunt
1836 4152 2214 4245 hujusmodi
2244 4153 2551 4221 distribu-

293 4262 406 4332 tion
479 4320 493 4335 .

370 4290 511 4459 822,
555 4382 629 4443 ut
656 4374 811 4443 alibi
850 4373 1158 4456 dicimUS,
1201 4374 1591 4462 praeceptum
1637 4367 2096 4437 Tridentinum
2133 4366 2199 4430 in
2236 4356 2551 4427 distribu-
