2930 4982
1160 336 1241 381 nn
1285 334 1617 382 carnotis.
2413 331 2535 386 32³

261 458 507 534 eccles„
541 454 748 522 instit.
790 453 944 537 107,
973 474 1041 520 n.
1075 453 1184 542 15)
1207 459 1267 520 et
1286 452 1765 522 Scarfantonius
1785 453 1947 544 (loco
1972 455 2217 545 citato),
2241 462 2543 525 attestans

259 565 343 634 ita
378 561 664 632 decisum
707 561 928 640 fuisse,
959 561 1029 628 in
1053 559 1498 629 Camerinensi
1531 561 1616 628 22
1645 561 1797 628 maii
1837 561 2034 645 1706,
2069 583 2107 631 a
2146 561 2214 631 S.
2257 563 2545 653 Congre-

265 672 511 761 gatione
536 667 823 737 concilii.

346 775 516 846 Vlll.
559 776 668 843 An
704 772 962 841 ratione
984 773 1199 864 parvi
1233 774 1502 841 numeri
1531 774 2005 841 canonicorum
2040 774 2308 842 tolerari
2330 776 2545 866 possit

262 880 659 951 consuetudo
707 877 1028 947 cantandi
1075 878 1350 946 missam
1397 879 1911 947 conventualem
1955 879 2145 969 festis
2194 878 2547 949 dumtooeot

260 988 481 1058 diebus
490 991 657 1054 ?—«
670 985 832 1053 Puto
843 1007 978 1053 esse
998 986 1424 1054 tolerandam.
1444 986 1547 1054 Ad
1561 985 1999 1054 inducendam
2019 986 2200 1053 enim
2220 985 2552 1074 obligatio·

268 1121 296 1160 «
324 1117 486 1163 nem
503 1094 710 1160 missae
734 1090 1176 1159 conventualis
1191 1113 1323 1160 non
1349 1091 1587 1160 sufficit
1601 1092 1772 1182 quod
1794 1093 2056 1161 ecclesia
2072 1092 2154 1159 sit
2168 1091 2556 1161 cathedralis

268 1228 300 1270 <a
332 1200 445 1267 vel
476 1199 824 1286 collegiata,
849 1198 956 1274 sed
985 1199 1253 1288 insuper
1285 1199 1647 1287 requiritur
1673 1198 1846 1288 quod
1873 1199 2106 1267 habeat
2123 1198 2555 1267 sufficientem

267 1332 302 1374 «-
337 1327 696 1377 numerum
736 1305 1213 1372 ministrorum.
1263 1304 1426 1385 Quis
1461 1309 1676 1372 autem
1726 1305 1810 1374 sit
1851 1305 2179 1373 sufficiens
2209 1326 2553 1385 numerus,

273 1440 301 1477 «
333 1418 631 1481 auctores
669 1433 801 1479 non
831 1411 1087 1479 docent.
1122 1411 1214 1477 At
1235 1432 1353 1499 ego
1381 1410 1576 1478 illum
1607 1432 1743 1478 esse
1772 1432 2001 1478 censeo
2029 1412 2144 1499 qui
2172 1411 2414 1478 sufficit
2442 1432 2559 1501 pro

272 1548 301 1588 (ι
333 1515 537 1589 cho'ro
577 1525 637 1586 et
660 1540 782 1609 pro
820 1516 1248 1585 celebratione
1283 1517 1520 1585 missae.
1565 1516 1754 1586 Unde
1783 1538 1935 1585 cum
1966 1538 2084 1608 pro
2121 1516 2317 1584 missa
2346 1516 2564 1605 requi-

275 1653 304 1691 «
337 1631 565 1694 rantur
587 1625 813 1692 saltem
859 1630 1103 1713 septem
1138 1646 1452 1715 personae,
1492 1623 1818 1693 nimirum
1858 1624 2215 1702 celebrans,
2249 1624 2566 1691 diaconus

275 1760 305 1798 «
338 1739 400 1801 et
425 1732 892 1811 subdiaconuS,
928 1731 1056 1797 duo
1086 1731 1480 1818 ceroferarii,
1510 1731 1966 1799 thuriferarius
2004 1737 2067 1798 et
2097 1730 2461 1819 acolythus,
2504 1735 2567 1798 et

190 1919 201 1930 ·
278 1863 311 1901 «
343 1860 456 1928 pro
480 1839 682 1905 choro
703 1837 927 1904 saltem
950 1843 1251 1925 quatuor,
1271 1838 1437 1925 quia
1467 1837 1654 1905 debet
1673 1859 1808 1904 esse
1835 1859 1989 1905 cum
2016 1842 2237 1920 cantu,
2272 1839 2564 1926 sequitur

277 1973 307 2010 «
340 1948 516 2036 quod
550 1947 777 2014 saltem
800 1945 1116 2013 undecim
1151 1944 1573 2012 inservientes
1597 1946 1729 2011 sint
1766 1947 2152 2025 necessarii3
2190 1965 2565 2034 quanquam

276 2076 308 2116 «
342 2053 522 2124 idem
546 2053 816 2120 clericus
839 2052 1142 2142 supplere
1165 2051 1367 2142 possit
1387 2072 1503 2141 pro
1526 2050 1822 2138 acolytho
1847 2056 1907 2117 et
1929 2050 2370 2119 thuriferario.
2402 2049 2568 2119 Nam

278 2183 313 2223 ε(
344 2160 695 2247 collegium
722 2164 849 2225 tres
874 2157 1210 2225 faciunt...
1244 2156 1325 2225 Et
1352 2157 1628 2248 proinde
1666 2161 1872 2246 potest
1899 2157 2169 2223 ecclesia
2210 2178 2343 2222 esse
2368 2155 2571 2222 colle-

280 2289 317 2329 «
355 2265 531 2351 giata
567 2286 716 2330 cum
748 2264 979 2332 tribus.
1021 2263 1236 2331 lmmo
1275 2268 1483 2353 potest
1521 2262 1879 2350 collegium
1913 2261 2201 2328 ecclesiae
2230 2260 2456 2327 reduci
2497 2261 2574 2328 ad

284 2398 320 2436 «
351 2371 539 2454 duOS,
566 2371 668 2437 vel
688 2370 879 2437 etiam
901 2372 977 2437 ad
1001 2393 1305 2438 unum...
1336 2368 1708 2459 Collegium
1738 2369 1981 2458 quippe
2008 2389 2122 2457 per
2145 2368 2335 2450 duoS,
2370 2368 2577 2436 immo

286 2500 322 2538 «
355 2496 473 2564 per
501 2495 717 2541 unum
737 2471 930 2541 etiam
955 2474 1315 2542 conservari
1339 2495 1412 2541 ac
1433 2473 1704 2540 retineri
1726 2474 1956 2563 potest,
1988 2469 2294 2539 constitui
2318 2491 2447 2539 non
2461 2493 2577 2562 po-

289 2606 323 2646 «
353 2585 491 2649 test.
517 2579 683 2660 Quia
695 2579 821 2648 alia
837 2581 1097 2648 estratio
1117 2580 1622 2664 constitutionis,
1639 2579 1766 2647 alia
1789 2576 2312 2646 conservationis,
2331 2576 2413 2645 Et
2438 2577 2579 2646 ideo

292 2706 340 2745 (ι,
356 2683 423 2749 in
444 2683 556 2749 tali
575 2705 729 2751 casu
751 2704 884 2750 non
901 2682 1150 2750 desinet
1168 2683 1437 2751 ecclesia
1452 2705 1589 2751 esse
1609 2682 1943 2771 collegiata
1961 2680 2031 2746 in
2054 2687 2198 2746 actu
2211 2730 2230 2764 ,
2251 2681 2575 2767 siquidem

292 2814 328 2852 «
360 2789 572 2854 adhuc
596 2789 864 2876 habebit
887 2789 1262 2874 collegium,
1295 2796 1356 2855 et
1380 2796 1597 2856 tamen
1632 2810 1766 2856 non
1791 2786 2060 2855 habebit
2088 2786 2422 2852 ministros
2449 2785 2575 2852 suf-

299 2916 337 2957 «
366 2891 650 2971 ficientes
677 2912 795 2979 pro
818 2892 1015 2958 missa
1032 2894 1463 2961 conventuali.
1492 2894 1660 2962 Cum
1680 2894 1884 2981 igitur
1902 2893 2218 2982 obligatio
2235 2913 2366 2959 non
2397 2892 2480 2959 sit
2497 2893 2576 2961 ad

295 3022 340 3062 «.
359 2996 792 3086 impossibile,
813 3006 948 3063 non
969 2997 1286 3064 tenebitur
1302 2999 1380 3064 ad
1401 3000 1672 3065 missam
1695 3001 2211 3067 conventualem.
2235 3000 2316 3067 Et
2335 2999 2419 3066 ita
2436 3001 2581 3088 qui-

302 3131 336 3168 «
355 3103 514 3179 dem
537 3103 616 3170 de
636 3104 789 3191 Jure
824 3101 1349 3192 respondendum
1382 3103 1634 3171 videtur
1671 3104 1738 3170 in
1769 3104 1892 3170 hoc
1923 3127 2109 3173 casu:
2134 3105 2290 3194 quia
2328 3106 2477 3173 licet
2502 3107 2580 3175 de

303 3232 338 3275 «
361 3209 732 3276 recitatione
751 3207 957 3279 officii
985 3207 1193 3276 divini
1222 3209 1306 3275 in.
1327 3208 1610 3277 ecclesiis
1634 3209 2114 3277 cathedralibus
2134 3218 2198 3277 et
2227 3213 2579 3302 collegiatis

311 3320 530 3384 «extet
557 3322 699 3406 post
725 3337 939 3389 sacros
969 3337 1246 3385 canones
1275 3316 1618 3408 dispositio
1646 3316 1911 3385 concilii
1936 3314 2297 3387 Tridentini
2332 3318 2414 3410 (c.
2468 3320 2577 3405 12,

310 3447 346 3485 «
369 3445 518 3490 sesS.
551 3421 663 3500 24,
682 3425 778 3489 De
790 3423 983 3513 ref.);
1014 3425 1262 3491 adverti
1291 3429 1510 3492 tamen
1540 3424 1749 3511 debet,
1773 3424 1947 3513 quod
1970 3425 2141 3492 inter
2165 3426 2357 3493 horas
2388 3448 2584 3493 cano-

312 3530 566 3609 «.nicaS,
585 3550 733 3610 quae
748 3534 902 3595 sunt
920 3535 1189 3618 septem,
1211 3551 1345 3597 non
1368 3537 1880 3599 connumeratur
1898 3532 2093 3598 missa
2115 3531 2582 3612 conventualis,

312 3657 342 3697 α
369 3635 445 3701 (16
459 3657 589 3724 qua
603 3633 960 3701 concilium
980 3655 1303 3721 nusquam
1327 3635 1477 3701 fecit
1493 3636 1889 3705 mentionem
1902 3686 1916 3701 .
1946 3636 2082 3703 Nec
2103 3637 2295 3703 refert
2313 3636 2488 3722 quod
2508 3635 2587 3704 iis

315 3763 344 3803 «
369 3742 484 3828 qui
522 3741 845 3808 intersunt
881 3739 1094 3806 missae
1124 3740 1539 3806 conventuali
1577 3741 1814 3819 dantur
1850 3741 2340 3809 distributiones
2378 3743 2585 3828 quoti-

314 3869 356 3925 «i
369 3846 579 3921 dianae
595 3848 777 3935 juxta
799 3845 1298 3917 declarationem
1320 3843 1851 3936 Congregationis
1874 3846 2138 3914 concilii
2160 3870 2176 3914 ε
2209 3843 2453 3932 quia-id
2483 3849 2588 3917 in-

318 3974 347 4012 «
373 3951 683 4040 telligitur
710 3949 781 4015 in
807 3950 1088 4018 ecclesiis
1102 3950 1218 4019 ubi
1246 3957 1339 4018 est
1356 3951 1757 4023 consuetudo
1787 3951 2093 4020 cantandi
2115 3952 2287 4017 hanc
2319 3953 2585 4023 missam

318 4078 349 4119 «
377 4061 437 4121 et
459 4077 581 4146 pro
623 4055 733 4123 illa
762 4055 1042 4124 habendi
1070 4055 1581 4144 distributioneS,
1626 4062 1819 4143 atque
1843 4057 1932 4121 ita
1958 4075 2118 4121 cum
2145 4061 2586 4146 suppositione

315 4163 543 4251 ‹gquod
589 4163 657 4231 in
708 4163 973 4239 ecclesia
1021 4168 1184 4233 extet
1232 4163 1540 4250 obligatio
1589 4159 1804 4226 missae
1857 4162 2325 4231 conventualis
2379 4166 2586 4235 Sicuti

315 4271 561 4351 «eliam
592 4291 727 4337 non
753 4270 1153 4358 obstat‘quod
1181 4270 1245 4339 S.
1275 4272 1531 4337 rituum
1558 4263 1983 4354 Congregatio
2010 4267 2430 4337 declaraverit
2456 4282 2586 4331 non

319 4402 362 4443 tc
380 4378 613 4445 debere
642 4376 856 4444 omitti
877 4378 1143 4445 missam
1176 4373 1667 4445 conventualem
1711 4379 1789 4440 ut
1821 4380 2111 4444 cantetur
2143 4378 2338 4441 missa
2365 4370 2581 4454 aliqua
