2930 4982
357 305 480 361 328
1325 315 1670 361 TnAcrArus
1695 337 1703 348 ·

351 434 552 522 qiatis
597 432 980 523 diqnitates,
1023 429 1478 514 canonicatus,
1504 429 1910 522 praebendas
1947 443 2072 500 aut
2101 432 2471 523 portiones,
2505 456 2632 501 non

355 539 553 607 liceat
596 539 820 628 viqore
861 537 1211 628 cujuslibet
1259 538 1504 605 statuti
1542 549 1665 605 aut
1707 537 2222 620 consuetudinis,
2266 540 2460 607 ultra
2517 552 2637 609 tres

355 663 603 712 menses
625 643 711 711 ab
742 643 975 710 iisdem
1003 641 1292 710 ecclesiis
1320 642 1616 732 quolibet
1642 664 1822 709 anno
1849 642 2069 711 abesse
2095 644 2302 735 (Trid4
2337 668 2492 713 sess,
2527 646 2633 725 24,

356 772 415 818 c.
453 750 534 817 12
565 753 660 816 De
691 748 867 837 refi).
905 747 1037 814 Nec
1078 747 1476 815 admittenda
1512 748 1733 837 opinio
1761 748 2240 817 nonnullorum
2284 751 2396 840 qui
2439 756 2631 841 puta-

357 863 592 925 verunt
635 877 819 946 posse
864 854 1256 945 Episcopum
1296 854 1610 945 ampliare
1636 855 2026 945 praedictum
2071 857 2276 924 trium
2317 860 2638 925 mensium

357 967 620 1051 tempus
643 960 1113 1051 (Ceccoperius,
1147 961 1194 1028 l.
1226 961 1295 1041 2,
1330 961 1426 1027 tit.
1469 960 1576 1044 12,
1613 983 1681 1028 ῐι.
1714 959 1805 1050 3).

452 1067 531 1136 ll.
580 1067 739 1136 Tres
782 1068 1085 1136 absentiae
1132 1089 1386 1136 menses
1424 1089 1559 1135 non
1588 1068 2038 1135 conceduntur
2071 1069 2199 1138 nisi
2228 1071 2350 1139 sub
2385 1092 2460 1138 ea
2491 1093 2642 1140 con-

361 1175 606 1244 ditione
649 1177 825 1265 quod
875 1175 1251 1244 constitutio
1304 1175 1506 1243 alicui
1548 1173 1833 1242 ecclesiae
1881 1178 2145 1266 propria
2192 1183 2449 1268 tempus
2485 1177 2644 1244 illud

362 1284 713 1351 vacationis
742 1305 876 1351 non
919 1282 1285 1372 restringat.
1323 1281 1391 1350 Si
1438 1281 1620 1349 enim
1668 1280 1834 1349 adsit
1860 1282 2241 1372 hujusmodi
2283 1284 2644 1352 constitutio

365 1392 701 1459 servitium
730 1413 767 1458 a
789 1390 1254 1482 capitularibus
1284 1392 1547 1479 exigens
1574 1390 1746 1456 ultra
1770 1388 1813 1457 9
1838 1411 2114 1477 menses,
2145 1392 2315 1459 hanc
2343 1393 2649 1461 intactam

366 1496 510 1564 vult
550 1498 907 1565 concilium
953 1495 1458 1582 Tridentinum3
1494 1495 1670 1563 addit
1703 1495 1923 1563 enim:
1976 1495 2177 1564 salvis
2211 1497 2652 1567 nibilominus

369 1623 601 1670 earum
623 1603 1047 1670 ecclesiarum
1066 1601 1642 1670 constitutionibus
1662 1624 1808 1691 quae
1834 1602 2102 1693 lonqius
2122 1603 2375 1670 servitii
2391 1615 2658 1695 tempus

370 1708 799 1796 requirerent.
854 1708 1039 1777 Unde
1068 1730 1447 1798 responsum
1499 1713 1596 1776 est
1625 1731 1662 1776 a
1690 1708 1884 1777 Sacra
1929 1709 2438 1800 Congregatione
2486 1732 2659 1778 con-

371 1814 504 1880 cilii
549 1836 721 1883 anno
757 1816 969 1884 1573:
1020 1815 1248 1882 Trium
1285 1816 1616 1883 mensium
1646 1815 2015 1883 absentiam
2043 1839 2181 1884 non
2224 1815 2568 1884 concedi...
2600 1818 2660 1885 si

373 1921 946 1990 constitutionibus
994 1922 1279 1990 ecclesioe
1342 1922 1690 1989 servitium
1741 1922 1942 1990 totius
1997 1923 2165 1990 anni
2212 1922 2462 2012 absque
2507 1923 2658 1991 ulla

377 2026 859 2096 intermissione
887 2029 1250 2120 requiritur
1294 2030 1491 2119 (apud
1535 2028 1960 2096 Benedictum
1983 2028 2164 2109 XIV,
2195 2029 2657 2097 Institutiones

377 2134 557 2218 eccl.,
595 2137 744 2203 inst.
784 2136 936 2220 107,
962 2137 1004 2227 ξ
1027 2136 1118 2227 6).
1152 2136 1340 2217 Quod
1367 2136 1563 2204 etiam
1593 2136 1983 2203 confirmant
2009 2136 2151 2205 aliae
2177 2136 2473 2226 ejusdem
2495 2135 2656 2203 Con-

379 2241 775 2328 gregationis
818 2243 1282 2310 declarationes
1321 2243 1403 2310 ab
1444 2242 1670 2311 eodem
1712 2248 1969 2321 auctore
2009 2242 2245 2310 relatae.
2301 2240 2488 2310 Unde
2530 2262 2654 2308 non

380 2346 860 2416 admittendum
900 2350 1073 2439 quod
1102 2350 1298 2417 tradit
1333 2348 1698 2429 Monacelli,
1741 2371 1874 2416 non
1908 2349 2187 2437 gaudere
2215 2348 2656 2416 vacationibus

384 2456 754 2542 canonicoS‚
797 2456 851 2523 si
893 2455 1289 2524 consuetudo
1330 2455 1474 2523 illas
1522 2477 1653 2523 non
1697 2456 1981 2540 tribuat3
2029 2456 2085 2523 si
2118 2478 2269 2524 vero
2305 2477 2380 2522 ex
2405 2466 2658 2532 stat-uto

384 2560 809 2651 denegentur,
865 2585 1049 2653 posse
1103 2564 1464 2630 vacantiam
1531 2561 1861 2650 indulgeri
1930 2561 2051 2651 (tit.
2127 2563 2197 2648 2,
2255 2563 2522 2631 formula
2581 2564 2649 2646 4,

386 2667 602 2735 adnot.
658 2667 747 2759 8).
798 2668 1165 2737 Concilium
1225 2670 1406 2736 enim
1454 2668 1916 2735 Tridentinum
1967 2691 2258 2759 expresse
2303 2669 2503 2736 salvas
2552 2667 2655 2735 de-

386 2773 584 2842 clarat
610 2776 1110 2845 constitutiones
1138 2777 1559 2844 ecclesiarum
1591 2798 1736 2863 quae
1767 2796 1900 2842 non
1937 2777 2300 2844 concedunt
2327 2782 2454 2844 tres
2481 2797 2660 2842 vaca-

381 2879 636 2946 tionum
667 2903 936 2951 menses.

477 2985 586 3052 Ill.
622 2986 935 3058 Canonici
982 2989 1189 3056 tribus
1226 2989 1564 3056 mensibus
1606 2988 1676 3055 in
1718 2987 1958 3077 quibus
1987 2986 2220 3055 absunt
2247 3009 2383 3054 non
2408 2987 2659 3055 lucran-

388 3096 493 3157 tur
534 3091 1051 3178 distributiones;
1089 3095 1578 3165 sedilucrantur
1620 3094 1868 3161 fructus
1920 3092 2302 3182 praebendae.
2353 3090 2472 3182 (lta
2516 3114 2660 3160 curn

391 3201 729 3267 communi
771 3200 1157 3268 Benedictus
1184 3199 1363 3286 XlV,
1398 3200 1868 3267 Institutiones
1903 3197 2090 3282 eccl.,
2119 3198 2270 3266 inst.
2320 3199 2473 3282 107,
2504 3200 2663 3288 §6.)

476 3302 588 3371 lv.
621 3305 727 3371 An
760 3306 1049 3375 absentes
1076 3308 1335 3376 relative
1364 3307 1444 3373 ad
1469 3306 1915 3396 supradictum
1943 3303 2306 3372 Tridentini
2333 3306 2658 3373 decretum

391 3411 636 3479 censeri
665 3411 938 3480 debeant
984 3416 1098 3504 qui
1122 3437 1159 3481 a
1182 3416 1380 3482 choro
1406 3414 1672 3502 quidem
1700 3413 1959 3496 absunt,
2002 3434 2136 3481 non
2172 3436 2325 3482 vero
2350 3436 2389 3481 a
2418 3412 2661 3481 civitate

390 3522 503 3586 aut
528 3518 667 3585 loco
694 3518 763 3585 in
792 3543 921 3609 quo
947 3525 1150 3612 posita
1189 3528 1280 3588 est
1316 3520 1700 3588 cathedralis
1729 3525 1842 3587 aut
1871 3520 2203 3609 collegiata
2221 3521 2254 3589 ‘t
2288 3559 2381 3572 —-
2404 3520 2658 3588 Certum

390 3631 483 3695 est
534 3625 677 3693 illos
705 3648 823 3716 pro
856 3628 1229 3695 absentibus
1265 3647 1399 3694 esse
1442 3626 1935 3717 computandoS,
1980 3649 2134 3694 cum
2185 3629 2358 3695 dicat
2399 3626 2656 3694 Triden-

389 3735 633 3818 tinum,
672 3734 754 3801 ab
783 3733 1014 3802 iisdem
1051 3734 1328 3803 ecclesiis
1375 3733 1597 3802 abesse
1640 3735 1810 3802 ultra
1837 3739 1962 3801 tres
1988 3756 2241 3802 menses
2279 3755 2415 3802 non
2454 3733 2655 3800 liceat.

386 3837 699 3908 Praeterea
726 3839 917 3908 Sacra
945 3840 1373 3930 Congregatio
1401 3841 1662 3909 concilii
1683 3862 1856 3907 anno
1885 3839 2081 3919 1573,
2115 3839 2367 3907 censuit
2383 3837 2662 3928 punien-

390 3941 506 4009 dos
549 3968 677 4012 esse
720 3969 821 4013 eos
858 3947 975 4037 qui
1008 3947 1252 4012 absunt
1309 3969 1351 4012 a
1405 3945 1676 4012 servitio
1728 3944 2038 4032 ecclesiae,
2100 3945 2256 4013 licet
2297 3945 2371 4012 in
2407 3944 2661 4011 civitate

390 4046 612 4116 locove
644 4052 762 4117 ubi
800 4067 894 4119 est
926 4053 1189 4122 ecclesia
1228 4053 1360 4120 sint
1394 4063 1757 4144 praesentes
1789 4049 2009 4141 (relata
2038 4074 2074 4119 a
2105 4051 2456 4119 Benedicto
2489 4044 2660 4117 xlv.

390 4155 575 4234 inst„
610 4155 759 4238 107,
792 4159 834 4246 ξ
861 4160 950 4244 6).
984 4160 1140 4228 Item
1172 4182 1322 4228 cum
1346 4160 1629 4251 petiisset
1655 4157 2038 4226 Mutinensis
2064 4157 2423 4248 Episcopus
2452 4160 2662 4222 utrum

388 4283 508 4353 pro
546 4260 917 4330 absentibus
961 4266 1243 4334 habendi
1283 4272 1516 4344 essent,
1547 4265 1666 4355 qui
1706 4287 1838 4331 non
1868 4263 2113 4331 absunt
2141 4264 2223 4330 ab
2264 4262 2538 4331 ecclesia
2570 4253 2665 4324 vel

388 4391 432 4435 α
466 4368 755 4456 civitate,
796 4367 912 4437 sed
934 4369 1020 4436 ab
1057 4369 1339 4438 ecclesioe
1382 4371 1672 4452 servitiO,
1719 4382 1818 4438 tot
1856 4370 2099 4439 vicibus
2137 4382 2214 4438 ut
2259 4369 2465 4438 trium
2493 4384 2662 4434 men-
