2930 4982
356 324 391 378 4
404 324 435 378 ‘1
455 324 481 377 ι
1323 326 1669 385 ‘rme-,urus

364 474 399 514 ι(
426 447 796 516 remonialis
821 446 1295 537 Episcoporum
1333 445 1402 535 (l.
1451 446 1516 529 1,
1552 467 1610 513 c.
1645 444 1792 535 ult.)
1838 446 1892 513 si
1922 444 2076 513 dicti
2114 444 2413 513 canonici
2440 465 2639 514 occu—

361 578 398 619 α
424 560 575 644 pent
615 554 845 622 faciem
878 555 1267 622 anteriorem
1298 575 1372 621 ex
1418 559 1693 642 utraque
1720 552 1946 643 parte?
1974 552 2042 618 4⁰
2087 552 2192 619 An
2232 552 2460 618 eodem
2495 574 2646 624 casu

362 683 397 723 ι(
423 682 552 749 quo
599 661 896 728 canonici
924 660 1309 730 cathedralis
1338 660 1557 728 sedere
1599 659 1872 727 debeant
1913 664 2088 726 extra
2136 658 2643 748 presbyterium,

358 789 393 830 a
422 766 717 834 canonici
744 765 1099 857 collegiatae
1142 767 1346 835 sancti
1374 764 1720 833 Gaudentii
1751 766 1968 834 sedere
1993 763 2266 832 debeant
2291 769 2432 853 post
2469 769 2650 856 terga

360 894 394 934 ι(
426 872 895 941 canonicorum
947 896 1022 942 ex
1066 879 1336 963 utraque
1384 878 1586 963 parte,
1624 872 1726 941 vel
1772 878 2027 940 tantum
2057 894 2134 939 ex
2181 874 2362 938 una?
2424 870 2494 938 5⁰
2540 871 2649 941 An

359 1001 396 1042 «
424 998 693 1045 scamna
722 979 854 1046 sive
886 979 1111 1047 sedilia
1136 970 1608 1047 canonicorum
1635 977 1919 1046 ecclesiae
1949 975 2334 1044 cathedralis
2371 974 2648 1046 debeant

363 1108 397 1148 α
424 1106 560 1152 esse
578 1085 814 1153 elevata
834 1108 870 1154 a
895 1087 1265 1178 pavimento
1291 1109 1406 1178 per
1428 1107 1641 1153 unum
1663 1086 1941 1175 gradum
1958 1088 1990 1152 ‘2
2018 1083 2100 1152 Et
2122 1090 2446 1172 quatenus
2475 1085 2647 1152 affir-

364 1215 399 1255 α
426 1191 679 1260 mative.
713 1192 781 1259 6⁰
813 1194 916 1261 An
947 1193 1330 1284 hujusmodi
1373 1214 1640 1261 scamna
1688 1192 2048 1260 debeantur
2094 1190 2429 1257 canonicis
2460 1191 2646 1260 colle-

361 1320 396 1361 «
423 1296 610 1387 giatae
634 1298 1201 1369 sanctiGaudentii
1216 1299 1248 1369 ?
1266 1300 1452 1369 7⁰An
1474 1299 1645 1367 dicta
1662 1320 1922 1367 scamna
1943 1319 2061 1388 pro
2085 1296 2417 1365 canonicis
2439 1298 2646 1366 eccle-

361 1428 398 1470 «
423 1406 533 1473 siae
561 1406 945 1476 cathedralis
981 1409 1203 1476 vestiri
1232 1408 1509 1476 debeant
1538 1407 1757 1495 aliquo
1782 1427 2030 1496 panno,
2069 1411 2132 1473 et
2162 1406 2352 1495 cujus
2379 1405 2649 1473 coloris?

366 1535 401 1575 «
428 1517 489 1579 et
511 1519 830 1601 quatenus
859 1516 1262 1584 affirmative.
1309 1515 1377 1584 8ο
1407 1515 1515 1582 An
1563 1513 1869 1582 eumdem
1899 1517 2201 1579 ornatum
2235 1533 2388 1579 cum
2420 1512 2651 1580 eodem

364 1645 398 1682 (ι
431 1620 528 1685 vel
553 1620 681 1687 alio
702 1621 913 1689 colore
940 1622 1177 1690 habere
1197 1622 1469 1690 debeant
1491 1619 1714 1689 sedilia
1743 1641 1862 1709 pro
1888 1618 2217 1691 canonicis
2246 1619 2441 1685 sancti
2466 1617 2652 1686 Gau-

362 1747 398 1787 «
425 1722 758 1794 dentii?...
789 1724 985 1795 Sacra
1020 1728 1272 1794 rituum
1300 1725 1731 1815 Congregatio
1772 1723 2150 1815 respondit:
2192 1760 2285 1775 -
2311 1723 2413 1790 Ad
2439 1724 2500 1790 1.
2534 1720 2657 1790 Ad

362 1853 394 1892 «
424 1842 733 1899 mentem.
769 1834 864 1898 Et
882 1854 1063 1899 mens
1091 1844 1212 1916 est,
1236 1831 1417 1927 quod
1438 1833 1510 1900 in
1535 1855 1690 1901 casu
1719 1828 1939 1921 dequo
1966 1829 2319 1922 quaeritur,
2355 1828 2655 1923 synodus

363 1959 397 1999 «
424 1935 554 2025 fiat
595 1949 788 2004 extra
821 1938 1315 2030 presbyterium
1325 1961 1354 2025 ;
1397 1951 1460 2006 et
1501 1938 1730 2031 quoad
1762 1937 2120 2006 secundam
2167 1949 2440 2028 partem
2481 1936 2655 2004 circa

365 2041 793 2127 «sessionem,
841 2045 1124 2113 arbitrio
1162 2047 1501 2137 Episcopi.
1537 2084 1628 2097 —
1669 2047 1771 2115 Ad
1807 2046 1873 2112 2.
1900 2044 2252 2113 Provisum
2294 2043 2368 2110 in
2397 2044 2648 2133 primo.

363 2172 397 2211 t<
429 2187 513 2199 —-
546 2150 641 2217 Ad
664 2150 729 2219 3.
752 2152 1093 2243 Satisfierz'
1114 2154 1174 2221 si
1202 2164 1520 2244 occupent
1545 2166 1816 2244 partem
1841 2151 2242 2247 anteriorem
2262 2173 2345 2217 ex
2369 2162 2654 2240 utraque

365 2277 399 2318 «
422 2267 646 2343 parte.
671 2294 761 2308 —-
779 2258 881 2325 Ad
903 2260 967 2326 4.
1003 2260 1242 2328 Sedere
1269 2260 1499 2328 debere
1526 2283 1607 2326 esc
1632 2284 1768 2327 una
1799 2270 2066 2327 tantum
2077 2268 2284 2348 parte
2305 2280 2346 2324 a
2371 2255 2649 2325 deaetris.

364 2384 398 2421 (τ
428 2399 517 2412 -
568 2362 670 2431 Ad
720 2364 785 2432 5.
836 2365 1284 2456 Affirmatz’ve.
1333 2405 1424 2418 —
1470 2366 1572 2434 Ad
1609 2368 1673 2435 6.
1718 2365 2063 2456 Neqatz've.
2116 2401 2207 2414 —
2245 2361 2351 2430 Ad
2381 2363 2447 2430 7.
2491 2365 2658 2431 Coo-

361 2487 395 2528 «
412 2467 778 2554 periantur
837 2495 1114 2541 scamna
1155 2473 1630 2542 canonicorum
1681 2470 2083 2541 cathedralis
2145 2468 2371 2559 aliquo
2411 2489 2659 2559 panno

363 2594 398 2633 «
431 2572 648 2638 viridi.
697 2575 800 2641 Ad
853 2578 916 2643 8.
964 2616 1056 2629 —
1094 2579 1522 2668 Affirmative
1562 2578 1789 2647 eodem
1842 2578 2058 2646 colore
2099 2575 2312 2643 viridi.
2344 2601 2378 2639 »
2417 2574 2653 2663 (Apud

353 2673 727 2764 Gardellini,
758 2702 827 2747 n.
860 2679 1093 2774 3410.)

1435 2863 1544 2950 ΞΒ

469 3019 539 3059 DE
579 3005 958 3063 PRAECEDENTIA
1004 3023 1108 3063 REI
1111 3005 1270 3065 'ATIVE
1301 3025 1374 3064 AD
1408 3025 1670 3072 RELIQUOS
1705 3026 1800 3071 QUI
1840 3024 1956 3066 NON
2001 3025 2141 3065 SUNT
2167 3007 2247 3062 D'E
2278 3019 2545 3066 CAPITULO

440 3194 491 3262 Ι.
493 3159 799 3270 Relative
831 3199 911 3265 ad
938 3202 1276 3290 parochoS,
1307 3202 1434 3303 dici
1473 3201 1828 3290 generatim
1862 3205 2088 3293 potest,
2128 3143 2520 3289 dignitatem
2543 3219 2655 3267 ca-

352 3300 573 3376 nonici
599 3302 694 3378 in
708 3325 774 3370 se
811 3312 1162 3395 spectatam
1204 3331 1354 3402 esse
1367 3331 1563 3399 supra
1592 3309 1983 3398 dignitatem
2025 3307 2321 3398 parochi,
2370 3306 2548 3396 quod
2578 3328 2656 3373 ex

350 3409 525 3493 parte
553 3426 599 3482 1,
635 3412 783 3474 sect.
819 3409 883 3494 1,
922 3412 1120 3499 huJus
1143 3395 1449 3488 tractatus
1488 3416 1636 3486 satis
1664 3415 2004 3486 evincitur.
2041 3413 2367 3490 Praeterea
2386 3411 2658 3492 canoni-

354 3529 459 3577 cos
490 3509 926 3601 capitulariter
952 3516 1321 3598 incedentes
1345 3523 1576 3611 praeire
1606 3503 1900 3611 parochis
1939 3520 2655 3610 quibuscumqu33-ca·

328 3615 617 3690 ,nonicos
632 3637 782 3685 vero
804 3620 899 3685 uti
921 3620 1214 3743 singulos
1230 3646 1360 3691 non
1384 3626 1744 3715 praecedere
1764 3625 2134 3716 parochoin
2155 3624 2358 3714 ipsius
2379 3621 2651 3713 parochi

352 3724 646 3808 ecclesia
667 3726 941 3798 firmant
957 3729 1149 3806 -variae
1177 3728 1388 3806 Sacrae
1416 3731 1951 3821 Congregationis
1985 3732 2257 3812 rituum
2266 3729 2650 3810 declaratio-

354 3847 494 3913 nes5
507 3854 575 3902 e
581 3834 825 3921 quibus
853 3840 1190 3923 sequentes
1219 3838 1636 3912 indicamuS.
2064 3885 2067 3892 =

437 3933 784 4012 Canonici
799 3945 859 4012 et
879 3941 1112 4018 cler-ici
1126 3943 1549 4018 cathedralis·
1524 3965 1600 4009 m
1630 3893 1968 4022 ducendis
1981 3883 2324 4022 funeri-nus
2349 3939 2649 4033 praeemi·

354 4041 643 4118 ueritiam
677 4067 934 4137 semper
963 4047 1248 4122 haberit.
1265 4048 1580 4120 ‚Officium
1606 4071 1760 4122 vero
1804 4051 1883 4122 in
1903 4050 2183 4128 ecclesia
2203 4049 2581 4126 faciendum
2611 4066 2651 4114 a

351 4143 631 4230 parocho
656 4150 969 4239 defuncti,
1004 4178 1038 4222 a
1045 4156 1179 4245 pud
1199 4155 1603 4243 Gardellini,
1619 4180 1689 4225 n.
1718 4157 1883 4226 180.

442 4246 543 4322 Ad
572 4249 876 4339 dubium,
910 4281 950 4319 (ι
977 4258 1084 4328 An
1106 4262 1469 4351 capitulum
1490 4268 1577 4332 et
1588 4264 1887 4332 canonici
1902 4284 2043 4331 non
2060 4260 2330 4340 solum
2309 4283 2387 4329 m
2407 4260 2512 4329 via
2533 4255 2650 4327 sed

361 4379 398 4421 (ι
424 4345 615 4425 etiam
663 4355 737 4424 ‘in
780 4363 1041 4449 propria
1082 4368 1350 4440 ecclesia
1402 4369 1773 4459 parochiali
1811 4370 2173 4462 praecedere
2197 4367 2477 4448 debeant
2516 4385 2647 4457 ΙΡΒι
