2930 4982
385 343 410 396 1
427 340 509 396 02
1355 347 1696 394 TRACTATUS

387 494 422 536 «
449 491 629 537 cram
672 467 1253 558 Congregationem
1297 471 1608 534 testantur
1648 458 1999 556 Fagnanus
2048 462 2141 560 (in
2184 490 2243 536 c.
2294 467 2471 550 Quia
2508 488 2671 535 non·

384 575 693 660 «nullis,
749 576 828 643 de
888 575 1143 666 magist.
1196 595 1264 640 n.
1323 571 1461 663 35),
1515 571 1796 640 Barbosa
1850 571 1969 663 (De
2019 572 2373 653 canonicis,
2431 595 2490 640 e.
2552 573 2662 653 27,

382 704 514 750 «n.
565 681 700 772 30).
750 680 831 749 Et
872 685 1181 749 consonat
1224 678 1530 746 resolutio
1582 685 1879 746 emanata
1925 680 2023 766 (in
2102 678 2521 765 Placentina,
2580 679 2667 748 29

386 788 666 854 «martii
716 785 940 877 1607),
976 787 1078 853 his
1104 784 1354 852 verbis:
1393 782 1869 873 Theoloqalem
1896 783 2335 874 praebendam
2365 784 2666 853 obtinens

384 904 661 984 «potest
694 891 1013 982 compelli
1038 904 1117 958 ut
1142 913 1272 982 per
1295 912 1384 974 se,
1426 913 1564 957 non
1581 912 1713 981 per
1740 889 2207 974 substitutum,
2259 891 2520 958 muneri
2550 915 2666 960 suo

382 1023 417 1062 «
444 998 827 1086 satisfaciat
841 1019 870 1080 ,·
909 997 1026 1086 qui
1065 997 1126 1064 si
1168 997 1239 1063 in
1282 995 1622 1064 residendo
1660 1018 1727 1063 se
1761 995 2136 1087 praebuerit
2183 1008 2661 1083 contumacem,

382 1101 629 1170 «debet
678 1104 1047 1193 Episcopus
1096 1101 1407 1171 adversus
1457 1125 1608 1170 eum
1652 1100 2009 1193 procedere
2054 1102 2149 1172 ad
2194 1104 2663 1194 praescriptum

379 1232 414 1272 α
446 1209 678 1296 capitis
733 1209 813 1273 12
860 1209 1157 1275 sessionis
1197 1209 1324 1294 24;
1378 1221 1443 1275 et
1478 1231 1613 1297 pro
1660 1221 1953 1299 tempore
2001 1231 2127 1298 quo
2170 1222 2456 1277 cessante
2497 1210 2663 1300 leqi-

382 1314 610 1380 «tima
645 1337 846 1382 causa
877 1327 940 1381 et
968 1316 1160 1405 justo
1206 1313 1681 1406 impedimento
1721 1314 2040 1405 abfuerit,
2085 1315 2259 1383 idem
2296 1317 2663 1406 Episcopus

378 1420 630 1487 «debet
685 1421 904 1487 alium
969 1420 1258 1510 ejusdem
1314 1419 1616 1486 canonici
1669 1419 2045 1511 sumptibus
2104 1420 2494 1488 substituere
2568 1420 2663 1511 (ln

302 1572 309 1575 -
381 1525 560 1593 «lib.
602 1527 684 1593 10
715 1527 1146 1610 decretorum,
1184 1549 1248 1616 p.
1293 1524 1467 1615 162).

468 1658 503 1697 α
534 1633 745 1712 Quam
799 1633 1065 1722 quidem
1114 1633 1651 1716 sollicitudinem,
1701 1637 1777 1699 ut
1830 1631 2169 1721 theologus
2219 1629 2336 1699 suo
2387 1655 2659 1704 munere

380 1739 776 1827 «fungatur,
831 1740 1184 1831 Episcopus
1223 1739 1462 1807 habere
1525 1739 1714 1808 debet
1769 1740 1839 1806 in
1900 1740 2186 1808 ecclesiis
2235 1741 2429 1808 etiam
2488 1742 2656 1809 ordi·

380 1870 415 1911 «
443 1846 646 1911 uariis
679 1844 1091 1913 inferioribus
1125 1844 1459 1936 subjectiS‚
1510 1847 1577 1913 in
1604 1845 1845 1934 quibus
1895 1837 2275 1935 hujusmodi
2301 1845 2655 1936 praebendae

377 1977 411 2019 ι(
442 1951 833 2041 theologales
880 1959 1030 2020 sunt
1070 1957 1318 2037 erectae,
1367 1954 1422 2020 si
1467 1954 1592 2044 ipsi
1625 1952 1959 2021 Ordinarii
1994 1952 2391 2042 negligentes
2421 1955 2489 2020 in
2533 1955 2656 2021 hu-

374 2086 409 2127 «
431 2060 721 2150 jusmodi
759 2082 914 2127 cura
956 2083 1021 2128 se
1067 2061 1489 2150 pr'aebuerint,
1552 2067 1623 2128 ut
1667 2083 1740 2128 eo
1784 2061 2078 2150 ejusdem
2121 2082 2318 2128 sacrae
2364 2059 2655 2148 Congre-

371 2168 709 2254 «gationis
738 2173 951 2233 mente
991 2167 1255 2234 firmant
1302 2167 1671 2256 Pignatelli‚
1721 2165 2041 2254 Barbosa3
2092 2168 2265 2256 quod
2303 2173 2518 2234 tamen
2554 2168 2657 2233 in-

370 2271 645 2359 «tellige
697 2273 774 2339 de
816 2273 1094 2365 praelatis
1142 2295 1273 2340 non
1320 2273 1780 2341 exsistentibus
1831 2274 1900 2340 in
1943 2295 2093 2341 vera
2134 2272 2439 2363 qualitate
2486 2272 2662 2343 Nul-

369 2402 404 2441 «
435 2376 642 2444 lius.»
674 2377 884 2466 (Card.
920 2377 1131 2461 Petra,
1162 2386 1516 2447 comment.
1547 2381 1617 2446 in
1644 2379 1900 2447 constit.
1935 2379 2143 2460 Quasi
2159 2378 2519 2446 Innocentii
2539 2376 2654 2461 Vl,

362 2483 430 2549 in
469 2480 865 2569 Summari0‚
914 2508 980 2552 n.
1029 2485 1140 2571 41,
1175 2485 1240 2553 in
1278 2493 1453 2554 tomo
1492 2484 1636 2577 lv.)

1442 2759 1557 2835 §7

838 2942 1179 2981 DESCRIBITUR
1210 2941 1464 2979 OFFICIUM
1508 2940 1872 2979 THEOLOGALIS
1906 2940 2162 2979 CANONICI

443 3117 492 3185 Ι.
519 3119 626 3184 An
656 3116 734 3185 de
759 3118 916 3185 aliis
944 3142 1147 3208 quam
1188 3117 1267 3185 de
1306 3097 1499 3185 sacra
1537 3117 1899 3207 Scriptura
1938 3131 2227 3187 tractare
2251 3120 2462 3209 possit
2488 3124 2521 3185 5>
2554 3158 2645 3171 —

365 3247 398 3287 «
428 3222 812 3312 Theologale
860 3247 1103 3292 munus
1149 3230 1435 3291 versatur
1481 3225 1547 3289 in
1588 3245 1787 3291 sacrae
1847 3222 2204 3314 Scripturae
2248 3226 2642 3315 expositione

365 3352 399 3394 «
429 3329 561 3396 sive
594 3331 1144 3419 interpretatione,
1178 3331 1344 3398 sacri
1399 3330 1659 3397 concilii
1699 3328 2066 3398 Tridentini
2099 3332 2309 3400 littera
2354 3334 2642 3423 inspecta

367 3460 399 3499 α
430 3433 602 3525 (sess,
641 3435 706 3515 5,
741 3458 797 3503 c.
831 3460 877 3519 1,
912 3436 1004 3503 De
1031 3436 1206 3528 ref.).
1260 3437 1509 3527 Scopus
1559 3458 1843 3523 namque
1885 3435 2164 3526 hujusce
2198 3438 2639 3528 dispositionis

365 3566 399 3607 «
428 3542 572 3625 fuit,
608 3564 688 3607 ne
715 3542 982 3609 coelestis
1008 3543 1325 3610 librorum
1364 3564 1698 3609 sacrorum
1755 3541 2105 3611 thesaurus
2165 3544 2509 3633 neqlectus
2526 3544 2642 3632 ja-

361 3674 396 3715 «
425 3662 591 3737 ceat,
619 3656 690 3717 ut
716 3649 1171 3718 Tridentinum
1193 3651 1302 3718 ait.
1337 3648 1888 3739 Opulentissimus
1910 3652 2176 3741 quidem
2210 3657 2272 3719 et
2302 3651 2641 3719 nobilissi-

339 3780 397 3840 οκ
425 3779 572 3850 mus
592 3759 1009 3826 scientiarum
1040 3759 1378 3826 thesaurus
1407 3760 1523 3848 qui
1555 3757 1771 3826 Deum
1819 3759 2036 3847 ipsum
2080 3757 2274 3823 habet
2300 3767 2637 3824 auctorem

334 3884 399 3946 .«
429 3866 491 3928 et
519 3872 982 3948 argumentum
1007 3864 1022 3931 l
1226 3945 1229 3948 Ἴ

448 3991 482 4030 «
512 3965 983 4038 Verumtamen
1015 3967 1182 4035 sacri
1206 3965 1473 4033 concilii
1509 3966 1713 4031 menti
1746 3987 1877 4031 non
1908 3966 2285 4055 refragatur,
2322 3967 2404 4053 si,
2437 3988 2637 4035 sacrae

361 4098 395 4140 α
422 4070 773 4161 Scripturas
800 4076 967 4163 loco,
995 4073 1332 4163 theologiae
1361 4070 1754 4139 scholasticae
1779 4071 2096 4140 habeatur
2122 4073 2312 4141 lectio
2338 4098 2354 4152 ;
2385 4094 2538 4140 cum
2563 4074 2634 4139 in

359 4206 392 4247 «
424 4180 747 4268 ejusmodi
779 4182 1103 4248 sanctione
1131 4180 1499 4272 promiscue
1527 4176 1723 4245 etiam
1756 4178 1836 4245 de
1871 4179 2213 4269 theologiae
2235 4180 2509 4247 lectione
2530 4180 2640 4245 fiat

360 4314 391 4351 ι(
427 4288 709 4373 menti03
751 4293 813 4354 et
856 4287 1115 4371 meritc,
1161 4310 1313 4353 cum
1358 4282 1681 4373 theologia
1746 4306 1880 4351 non
1930 4285 2107 4353 aliud
2160 4288 2380 4355 doceat
2432 4305 2633 4375 quam

359 4420 394 4457 ι(
424 4416 619 4462 sacrae
649 4393 1000 4483 Scripturae
1039 4392 1561 4479 intelligentiam.
