2930 4982
1226 328 1305 376 D}
1349 327 1678 376 cunnus.
2477 326 2511 379 Ξ
2524 327 2557 381 4
2567 325 2598 377 “1

301 446 687 540 fraudetur.
731 446 1060 516 Acce-dens
1099 470 1256 517 vero
1294 447 1388 516 ad
1422 449 1745 530 ecclesias,
1786 449 1860 518 in
1904 450 2144 542 quibus
2179 453 2341 522 alioe
2386 454 2612 523 adsint

309 552 677 644 diqnitates
727 564 792 620 et
827 555 1215 623 canonici...
1249 556 1421 624 sciat
1459 554 1822 647 diqnitates
1856 568 1920 625 et
1954 558 2300 628 canonicos
2338 559 2618 629 ecclesioe

314 659 859 750 metropolitanae
877 659 1105 729 debere
1128 661 1397 729 omnino
1413 660 1790 752 praecedere
1814 660 2168 753 diqnitates
2185 676 2250 732 et
2269 664 2620 733 canonicos

311 765 602 834 ecclesioe
665 766 1064 857 colleqiatoe.
1127 767 1346 859 (Apud
1414 767 1777 837 Gardellini
1837 770 1906 836 in
1968 769 2153 839 citata
2210 771 2570 863 appendice
2595 820 2614 857 ,

306 873 475 942 tomi
505 872 649 957 Vll,
692 897 760 942 n.
798 874 939 966 21.)
964 874 1153 956 Quod
1181 877 1516 945 decretum
1541 898 1580 944 a
1608 875 1942 945 Clemente
1969 876 2117 945 Vlll
2156 879 2612 948 confirmatum

302 984 404 1048 est
437 1001 554 1070 per
580 979 821 1048 litteras
850 981 921 1047 in
952 980 1162 1049 forma
1188 981 1426 1065 brevis,
1456 980 1564 1050 die
1597 981 1678 1051 13
1701 981 1882 1071 junii
1914 981 2114 1051 1592.

400 1084 649 1153 Eadem
697 1083 765 1154 S.
813 1084 1245 1177 Congregatio
1294 1087 1400 1155 die
1449 1087 1540 1156 20
1595 1088 1971 1156 novembris
2029 1087 2204 1156 1628
2225 1142 2245 1173 ,
2296 1087 2616 1157 Fesulano

301 1190 634 1282 Episcopo
665 1191 753 1259 ita
797 1194 1048 1260 censuit
1090 1191 1621 1261 rescribendum:
1659 1196 1737 1261 S.
1779 1194 2223 1286 Conqreqatio
2261 1192 2617 1262 mandavit

298 1297 569 1365 servari
595 1296 930 1365 decretum
953 1298 1027 1365 in
1050 1299 1536 1368 Salamantina
1552 1300 1813 1389 factum
1839 1298 1946 1368 die
1974 1300 2055 1368 10
2065 1301 2386 1390 januarii
2413 1302 2611 1386 1604,

298 1404 381 1472 in
410 1424 537 1493 quo
560 1404 703 1493 fuit
730 1402 988 1472 dictum
1023 1407 1369 1474 canonicos
1395 1405 1804 1474 cathedralis
1831 1429 1969 1474 non
1994 1407 2215 1475 solum
2246 1408 2473 1491 teneri,
2499 1404 2617 1475 sed

300 1511 519 1580 etiam
565 1512 713 1602 coqi
740 1533 964 1603 posse,
1009 1523 1085 1580 ut
1127 1513 1465 1604 Episcopo
1516 1512 1911 1602 inserviant,
1940 1512 2207 1603 quando
2251 1513 2497 1582 accedit
2533 1511 2625 1581 ad

302 1616 490 1686 alias
541 1617 844 1685 ecclesias
900 1629 1094 1686 extra
1149 1617 1608 1686 cathedralem
1661 1617 1757 1687 ad
1803 1618 2202 1711 episcopales
2241 1620 2617 1710 functiones

302 1722 724 1793 eoeercmdas.
760 1723 978 1814 (Apud
1008 1723 1387 1812 Gardellini‚
1422 1731 1470 1792 t.
1508 1723 1558 1812 1,
1589 1748 1656 1793 n.
1694 1725 1883 1817 627.)
1915 1724 2093 1795 Idem
2126 1728 2404 1818 reperies
2440 1725 2613 1796 deci·

305 1853 463 1901 sum
492 1832 616 1901 sub
647 1853 920 1900 numero
956 1832 1128 1900 1414
1156 1833 1454 1922 ejusdem
1481 1833 1901 1903 collectionis.

400 1937 809 2008 Concordant
852 1938 1046 2006 etiam
1083 1938 1456 2022 canonistae,
1486 1940 1657 2005 inter
1697 1961 1862 2028 quos
1898 1939 2045 2007 vide
2083 1938 2609 2007 Scari'antonium

297 2045 489 2135 (tom.
549 2044 632 2132 ll,
684 2065 834 2133 pag.
890 2043 1005 2131 52,
1050 2043 1203 2111 edit.
1259 2042 1486 2121 Lucae,
1533 2042 1755 2133 1723),
1800 2044 2240 2132 Pignatellum
2285 2043 2470 2136 (tom.
2518 2041 2602 2127 V,

296 2151 585 2220 consult.
616 2150 753 2240 83),
787 2149 1217 2217 Benedictum
1246 2148 1402 2217 XIV
1436 2148 1922 2238 (Institutiones
1952 2149 2207 2230 eccles„
2234 2150 2382 2217 inst.
2424 2148 2603 2237 107).

298 2255 586 2324 Certum
632 2276 788 2342 ergo
833 2254 1104 2321 omnino
1149 2260 1246 2321 est
1291 2254 1516 2321 deberi
1566 2254 1995 2321 assistentiam
2038 2254 2382 2343 Episcopo,
2413 2255 2609 2322 etiam

306 2363 492 2425 extra
520 2356 956 2425 cathedralem
982 2356 1378 2448 pontificalia
1399 2357 1740 2427 exercenti.

403 2461 474 2532 3⁰
506 2461 581 2531 ln
611 2463 926 2554 praedicto
955 2485 1130 2550 casu,
1157 2463 1463 2557 Episcopi
1501 2486 1738 2557 nempe
1766 2469 1937 2535 extra
1965 2463 2403 2536 cathedralem
2439 2485 2604 2557 pon-

298 2571 571 2639 tificalia
607 2571 985 2660 exercentiS‚
1012 2594 1146 2641 non
1189 2578 1446 2642 tenetur
1487 2578 1696 2641 totum
1741 2573 2102 2665 capitulum
2145 2573 2435 2642 assistere
2477 2595 2495 2640 ε
2540 2576 2604 2641 et

298 2684 460 2767 quot
494 2699 770 2747 numero
809 2685 966 2748 tunc
994 2680 1284 2750 assistere
1310 2680 1621 2750 debeant?
1649 2718 1738 2733 —
1765 2680 1954 2762 Quod
1986 2686 2196 2750 totum
2229 2679 2599 2771 capitulum

298 2807 441 2852 non
469 2791 762 2853 teneatur
799 2788 873 2853 in
907 2788 1033 2856 hoc
1068 2810 1222 2856 casu
1251 2788 1679 2856 assistentiam
1721 2793 2047 2878 praestare,
2072 2788 2213 2873 jam
2241 2785 2528 2852 vidimus
2560 2804 2599 2852 a

300 2890 377 2958 S.
407 2889 925 2978 *Congregatione
951 2893 1201 2960 rituum
1240 2893 1636 2961 declaratum
1663 2892 1767 2959 his
1795 2891 2008 2959 verbis
2040 2914 2057 2957 ε
2098 2891 2300 2956 Curet
2338 2887 2601 2978 (nempe

298 2992 885 3083 Archiepiscopus)
917 3015 999 3060 ne
1034 2994 1184 3083 ipsa
1221 2993 1490 3061 ecclesia
1525 2991 2058 3081 metropolitana
2099 2987 2422 3056 ministris
2457 3010 2600 3056 om·

299 3080 494 3167 nibeis
543 3098 953 3167 destituatur
1003 3098 1349 3188 debitoque
1398 3098 1590 3165 cultu
1647 3109 1712 3165 et
1767 3095 1990 3187 officio
2036 3093 2413 3186 fraudetur.
2471 3093 2597 3163 Sed

300 3206 477 3275 idem
509 3228 627 3297 per
653 3205 845 3296 plura
872 3205 1126 3274 decreta
1156 3204 1505 3296 apostolica
1535 3203 1870 3295 provisum
1898 3202 2097 3271 fuisse
2134 3205 2397 3269 testatur
2426 3200 2593 3270 Car-

302 3312 537 3381 dinalis
565 3314 644 3382 de
673 3312 851 3381 Luca
886 3311 1178 3404 (Miscell.
1214 3313 1540 3400 discursu,
1572 3310 1727 3403 33),
1711 3336 1726 3352 ·
1771 3317 1963 3401 atque
1992 3310 2060 3379 id
2107 3314 2279 3377 extra
2322 3330 2591 3378 omnem

303 3421 804 3489 controversiam
835 3424 951 3488 est.
993 3421 1079 3487 At
1104 3441 1258 3489 ve1o
1291 3420 1761 3510 inquirendum
1792 3423 2086 3486 remanet
2126 3422 2285 3506 quot
2323 3415 2592 3485 canoni·

303 3545 409 3593 cos
436 3525 795 3618 Episcopus
825 3527 905 3595 ad
933 3527 1060 3595 sibi
1093 3531 1268 3595 extra
1296 3527 1729 3595 cathedralem
1755 3524 2244 3594 inserviendum
2271 3521 2592 3589 abducere

303 3634 522 3721 possit.
557 3633 837 3702 Barbosa
876 3632 994 3723 (De
1031 3632 1383 3712 eanoniciS,
1414 3632 1524 3721 34)
1568 3617 1889 3700 existimat
1926 3632 2091 3698 duos
2125 3629 2355 3695 saltem
2401 3644 2592 3692 cano-

303 3740 480 3808 nicos
502 3740 584 3808 ad
611 3740 807 3808 talem
838 3736 1265 3806 assistentiam
1286 3757 1422 3802 esse
1448 3736 1872 3852 deputandos.
1901 3729 2387 3800 Scarfantonius
2410 3733 2592 3819 putat

308 3846 603 3935 quinque
637 3866 773 3913 esse
799 3844 1219 3922 necessariOS,
1246 3862 1485 3931 nempe
1515 3840 1679 3907 duos
1711 3837 1827 3927 qui
1855 3837 2206 3905 diaconum
2235 3840 2297 3903 et
2330 3833 2590 3905 subdia·
2648 3873 2651 3878 ·

312 3969 550 4019 conum
590 3960 811 4041 agant,
839 3957 903 4019 et
936 3950 1205 4042 insuper
1245 3948 1530 4042 primam
1567 3945 1948 4037 dignitatem
1975 3964 2128 4011 cum
2164 3940 2419 4010 duabus
2449 3941 2590 4012 aliis

314 4054 732 4145 dignitatibus
798 4057 903 4126 vel
969 4056 1223 4126 duobus
1286 4055 1623 4127 canonicis
1679 4058 1751 4142 (t.
1839 4050 1941 4135 11,
2012 4070 2159 4140 pag.
2232 4048 2361 4131 53,
2430 4050 2583 4119 edit.

316 4158 541 4247 Lucae,
602 4161 823 4253 1723).
880 4162 1125 4256 Regula
1179 4169 1440 4232 autem
1460 4161 1676 4252 potius
1726 4182 1762 4227 e
1808 4156 2325 4249 responsionibus
2391 4173 2585 4222 sacroe

309 4269 548 4338 rituum
573 4268 1103 4359 Congregationis
1143 4275 1237 4337 est
1263 4266 1686 4337 desumenda.
1718 4266 1825 4335 Ad
1851 4265 2152 4351 dubium,
2194 4288 2228 4328 (ι
2264 4282 2348 4329 an
2391 4273 2585 4323 cano-

313 4400 343 4438 «
396 4377 529 4446 nici
597 4376 977 4446 cathedralis
1025 4381 1367 4445 teneantur
1420 4376 1846 4444 assistentiam
1901 4380 2203 4465 praestare
2250 4352 2591 4435 Archiepl·
