2930 4982
1119 332 1199 376 nn
1246 331 1575 378 cami-uus.
2362 320 2487 378 505

210 479 241 520 «
283 454 509 522 fuisset
539 473 895 520 concursus
936 451 1014 518 ad
1053 450 1403 540 quamdam
1452 452 1786 520 ecclesiam
1829 452 2269 543 parochialem
2314 459 2377 520 et
2409 454 2490 520 lis

209 586 241 627 «
285 561 551 627 excitata
576 558 768 625 fuerit
798 557 966 625 inter
1009 557 1374 647 capitulum
1402 561 1465 625 et
1501 555 1817 624 vicarium
1857 559 2310 648 capitularem,
2344 560 2488 627 cui'-

210 693 241 732 «
286 687 442 733 nam
473 663 583 754 jus
613 667 998 753 competeret
1020 662 1435 731 renuntiandi
1477 663 1686 751 magis
1714 662 2048 745 idoneum,
2087 663 2285 732 Sacra
2315 662 2488 731 Con-

211 799 242 838 «
282 772 569 860 gregatio
620 768 875 837 concilii
925 768 1050 858 (die
1098 769 1179 836 18
1229 767 1602 836 novembris
1641 767 1840 852 1651,
1869 766 1920 834 l.
1955 789 1994 833 x
2036 766 2483 850 Decretorum,

211 904 242 943 «
281 899 433 969 pag.
476 876 602 944 155
637 883 701 943 et
731 874 909 965 156),
942 875 1190 942 censuit
1223 880 1509 964 spectare
1544 873 1623 941 ad
1673 870 2059 963 capitulum,
2098 873 2249 960 quia
2279 874 2349 939 in
2379 875 2489 941 de-

210 1011 242 1049 «
284 983 617 1075 putatione
661 981 890 1050 vicarii
930 981 999 1049 id
1038 982 1213 1070 juris
1255 981 1380 1048 sibi
1407 1001 1705 1071 expresse
1735 983 2189 1047 reservaverat.
2239 976 2490 1046 Verum

209 1113 240 1153 «
286 1110 445 1156 cum
468 1092 685 1177 postea
708 1085 1457 1178 praevalueritsententia
1497 1086 1813 1175 opposita,
1849 1089 1911 1151 et
1944 1084 2086 1172 jam
2118 1082 2494 1150 communi-

209 1219 243 1260 «
291 1201 390 1260 ter
418 1194 705 1261 doctores
750 1193 1048 1276 sentiant,
1092 1192 1423 1281 integrum
1467 1214 1599 1260 non
1647 1214 1780 1259 esse
1818 1190 2130 1281 capituIO,
2161 1211 2244 1257 ne
2293 1188 2495 1256 mini-

212 1324 243 1362 «
287 1322 470 1367 mam
510 1301 776 1388 quidem
809 1305 1058 1390 partem
1096 1301 1572 1391 jurisdictionis
1611 1299 1734 1368 sibi
1771 1320 2119 1380 reservare,
2156 1297 2264 1364 sed
2294 1303 2493 1364 totam

210 1430 243 1470 «
284 1426 483 1495 quam
512 1405 705 1473 habet
733 1406 1022 1473 conferre
1053 1405 1283 1472 debere
1308 1407 1554 1473 vicario
1580 1403 1950 1494 capitulari,
1984 1402 2158 1491 quod
2197 1400 2495 1491 pluribus

210 1534 244 1574 «
291 1510 923 1599 probantFagnanus
943 1511 1033 1598 (jn
1051 1514 1242 1600 caput
1261 1509 1374 1575 His
1391 1526 1565 1598 quoe,
1585 1531 1652 1575 n.
1682 1509 1760 1575 71
1775 1560 1792 1591 ,
1814 1510 1908 1574 De
1928 1507 2172 1597 major.
2199 1517 2263 1573 et
2278 1504 2492 1595 obed.)

166 1651 178 1665 ·
214 1638 247 1678 «
291 1620 355 1682 et
382 1613 717 1683 Marc-hetti
748 1616 867 1706 (De
896 1615 1152 1683 vicario
1192 1613 1592 1705 capitulari,
1626 1620 1806 1703 parte
1831 1636 1901 1696 11,
1932 1614 2030 1680 tit.
2081 1613 2187 1696 12,
2226 1634 2293 1680 n.
2338 1612 2492 1702 27);

213 1745 246 1784 «
293 1720 488 1785 etiam
534 1718 725 1787 Sacra
752 1720 1176 1809 Congregatio
1205 1743 1242 1787 a
1279 1719 1483 1809 priori
1509 1717 1823 1789 sententia
1868 1720 2149 1804 recessit,
2187 1720 2496 1808 aliudque

215 1848 248 1887 «
280 1824 613 1914 judicium
635 1826 868 1892 tulitin
885 1827 1010 1893 alia
1034 1826 1239 1893 simili
1257 1825 1687 1893 controversia
1712 1824 1810 1915 (in
1831 1824 2140 1909 Elvensi,
2166 1827 2194 1892 1
2233 1826 2493 1894 decem·
2604 1890 2609 1893 .

215 1953 248 1993 «
294 1929 430 1997 bris
483 1931 700 2022 1736).
754 1957 788 1997 >J
851 1931 942 1999 lta
995 1931 1385 1999 Benedictus
1443 1929 1596 1999 XIV
1660 1933 1780 2017 (De
1828 1942 1986 2020 syn:
2031 1930 2252 2012 dioec„
2304 1933 2351 1998 l.
2400 1954 2493 2012 w,

204 2054 264 2100 c,
301 2034 371 2115 8,
408 2058 476 2103 n.
516 2037 649 2128 10).

296 2137 593 2213 Dubium
622 2146 837 2209 autem
870 2141 1270 2232 propositum
1292 2140 1361 2208 in
1404 2162 1598 2208 causa
1628 2138 1916 2227 Elvensi‚
1949 2140 2028 2207 de
2055 2161 2184 2228 qua
2210 2139 2499 2228 loquitur

204 2241 599 2313 Benedictus
641 2246 818 2335 XIV,
862 2247 954 2314 sic
1000 2248 1313 2314 habebat:
1355 2246 1596 2328 Terti0,
1631 2269 1723 2313 an
1773 2244 2147 2336 capitulum
2174 2247 2386 2336 possit
2427 2247 2501 2312 in

204 2345 644 2438 deputatione
669 2352 905 2420 vicarii
934 2352 1330 2442 capitularis
1368 2351 1529 2418 dare
1545 2351 2079 2442 jurisdictionem
2105 2351 2501 2433 limitatam,

205 2465 270 2521 et
292 2456 509 2545 possit
554 2457 624 2525 in
654 2459 774 2526 hoc
825 2481 981 2526 casu
1014 2457 1276 2526 attendi
1310 2456 1710 2527 consuetudo
1755 2459 1946 2549 reqni
1974 2459 2392 2526 Lusitaniae?
2412 2496 2503 2510 —

204 2559 616 2651 Responsum
642 2571 771 2633 est:
794 2565 905 2633 Ad
924 2566 1199 2633 tertium
1218 2566 1547 2657 neqative.
1578 2564 1970 2658 (Thesaurus
1989 2566 2497 2655 resolutionum‚

206 2673 253 2735 t.
285 2667 428 2754 Vll,
460 2692 607 2760 pag.
644 2670 829 2763 352.)

300 2774 473 2842 Cum
524 2784 786 2845 tractata
832 2777 1069 2845 iterum
1121 2777 1316 2845 fuerit
1357 2779 1628 2865 quaestio
1677 2800 1809 2845 non
1858 2800 1894 2845 a
1938 2779 2144 2846 multo
2186 2784 2498 2868 tempore,

206 2878 274 2947 id
312 2885 431 2964 est,
483 2904 653 2949 anno
698 2883 894 2969 1835,
946 2886 1019 2950 in
1049 2883 1241 2952 Sacra
1278 2884 1791 2972 Congregatione
1833 2884 2118 2967 concilii,
2162 2887 2348 2973 juvat
2394 2884 2505 2951 hic

208 2988 595 3054 summatim
662 2988 898 3056 referre
956 3011 1101 3077 quae
1144 2994 1303 3056 tunc
1355 2989 1524 3058 dicta
1574 2997 1636 3058 et
1680 2991 1893 3059 decisa
1944 2996 2118 3059 sunt.
2174 2990 2269 3081 (ln
2313 3009 2505 3058 causa

210 3088 544 3175 Adriensi,
570 3092 660 3161 30
681 3094 839 3160 maii
872 3092 1065 3161 1835.
1087 3132 1177 3144 -
1211 3094 1579 3162 Thesaurus
1613 3095 1840 3182 resol.,
1870 3096 1940 3163 in
1968 3102 2140 3163 tomo
2164 3096 2319 3164 dicti
2346 3095 2505 3163 anni

216 3194 414 3274 1835,
452 3199 689 3286 pagina
727 3197 883 3289 213)
918 3222 934 3266 :

298 3300 623 3372 Defuncto
665 3305 983 3396 Episcopo
1020 3305 1348 3392 Adriensi,
1392 3306 1691 3374 canonici
1736 3307 2117 3375 cathedralis
2155 3312 2302 3374 ante
2333 3306 2502 3374 elec-

210 3407 456 3475 tionem
484 3411 710 3478 vicarii
734 3411 1103 3502 capitularis
1132 3412 1259 3480 sibi
1286 3419 1698 3481 reservarunt
1737 3415 2102 3482 facultatem
2137 3413 2502 3503 excipiendi

211 3514 644 3584 confessiones
702 3517 990 3585 fidelium
1036 3523 1098 3585 et
1147 3518 1264 3585 hos
1314 3518 1689 3587 absolvendi
1745 3519 1826 3586 ab
1887 3521 2197 3588 omnibus
2250 3521 2504 3587 casibus

209 3622 571 3689 reservatis.
613 3621 977 3691 Canonicus
1007 3626 1121 3714 qui
1146 3625 1380 3692 electus
1420 3631 1516 3692 est
1558 3627 1630 3693 in
1666 3625 1986 3692 vicarium
2017 3626 2440 3714 capitularem
2467 3645 2505 3691 a

212 3718 275 3788 S.
333 3725 854 3817 Congregatione
930 3730 1275 3819 postulavit
1342 3729 1577 3798 resolvi
1652 3731 1782 3799 duo
1855 3730 2189 3820 sequentia
2261 3729 2498 3797 dubia:

214 3834 272 3900 1⁰
337 3839 582 3903 Utrum
624 3835 973 3902 reservatio
1017 3836 1210 3925 facta
1260 3860 1304 3903 a
1344 3838 1644 3929 capitulo
1702 3838 1773 3905 in
1824 3837 2062 3905 vicarii
2109 3834 2504 3926 capitularis

211 3942 519 4010 electione
539 3954 747 4031 prout
798 3942 870 4009 in
900 3966 1056 4010 casu
1083 3942 1172 4009 sit
1221 3943 1474 4011 valida.
1518 3945 1587 4012 2ο
1623 3946 1866 4011 Utrum
1895 3944 2189 4011 vicarius
2237 3942 2505 4034 capitu-

212 4045 368 4116 laris
409 4047 640 4138 possit
680 4048 1080 4137 facultatem
1129 4072 1172 4115 a
1217 4050 1524 4140 capitulo
1581 4050 1715 4117 sibi
1755 4063 2160 4118 reservatam
2205 4070 2505 4118 revocare

212 4166 327 4220 aut
352 4151 765 4241 restrinqere.
799 4154 881 4221 Et
907 4154 1030 4222 fuit
1053 4176 1440 4244 responsum
1469 4179 1484 4221 ε
1524 4154 1615 4223 ad
1637 4157 1665 4223 1
1704 4157 2018 4247 neqative
2050 4157 2122 4224 in
2153 4157 2460 4225 omnibus
2480 4173 2504 4217 .·

212 4258 302 4325 ad
326 4261 367 4327 2
385 4258 744 4350 provisum
773 4259 847 4327 in
862 4261 1119 4350 primo,

298 4365 693 4433 Secretarius
720 4369 939 4432 autem
965 4365 1176 4435 Sacrae
1207 4366 1746 4457 Congregationis
1782 4370 1875 4438 sic
1899 4370 2155 4439 disserit
2178 4394 2196 4429 τ
