2930 4982
351 309 376 362 1
396 308 475 362 10
1327 315 1667 363 TRACTATUS

341 438 524 507 alteri
553 438 969 527 subdelegare
1008 437 1343 529 (FerrariS,
1376 436 1571 523 ibid.,
1612 457 1682 503 n.
1722 436 1831 504 72.
1864 473 1956 486 -
1980 435 2060 503 Et
2087 440 2345 503 sanctus
2392 436 2633 526 Liguo·

341 543 503 627 rius,
536 544 678 612 loco
706 544 946 637 citato).
1131 540 1138 546 ’
1713 553 1734 570 '

431 651 496 719 6.
551 651 834 719 Tenetur
888 649 1314 719 confessiones
1361 650 1645 739 integras
1689 646 1941 731 audire,
1992 669 2125 715 non
2179 669 2332 715 vero
2374 651 2630 717 tantum

340 764 598 848 peccata
632 764 973 826 reservata.
1015 756 1107 824 lta
1143 778 1320 837 sacra
1347 755 1772 845 Congregatio
1799 754 2062 823 concilii
2094 755 2289 846 (apud
2317 754 2625 842 Ferraris,

338 866 532 945 ibid.,
565 886 635 932 n.
674 862 806 953 73).

429 971 493 1037 7.
555 970 802 1038 Audire
850 969 1280 1037 confessiones
1332 969 1877 1059 parochianorum
1931 967 2204 1037 civitatis
2256 969 2627 1040 nullatenus

336 1098 632 1145 recusare
669 1081 893 1167 potest.
931 1077 1024 1145 Ita
1062 1098 1239 1145 sacra
1281 1074 1707 1166 Congregatio
1752 1075 2023 1143 Rituum
2067 1074 2263 1168 (apud
2311 1075 2621 1165 FerrariS,

333 1183 528 1269 ibid.,
560 1205 628 1250 n.
667 1183 801 1271 74).

426 1290 490 1357 8.
535 1290 743 1357 Etiam
773 1312 902 1357 non
936 1294 1215 1374 vocatuS,
1258 1288 1447 1357 debet
1481 1289 1559 1357 de
1598 1310 1789 1357 mane
1835 1288 2123 1357 assistere
2161 1293 2223 1356 et
2247 1288 2526 1358 residere
2552 1293 2624 1359 in

335 1396 479 1463 sede
506 1395 953 1464 confessionali
983 1397 1065 1464 ab
1091 1396 1407 1487 Episcopo
1437 1397 1563 1486 ipsi
1598 1395 1910 1462 destinata
1939 1395 2167 1463 diebus
2194 1397 2367 1464 festis
2396 1397 2630 1465 solem-

332 1502 651 1586 nioribus,
685 1503 980 1571 videlicet
1015 1509 1301 1594 tempore
1339 1503 1747 1594 jejuniorum
1784 1502 2331 1591 Quadragesimae,
2365 1502 2632 1572 Adven-

332 1616 434 1676 tus
477 1617 537 1677 et
573 1615 851 1699 quatuor
887 1616 1286 1701 temporum,
1328 1609 1868 1693 ResurrectioniS,
1913 1610 2352 1693 AscensioniS,
2389 1608 2626 1678 Pente-

332 1721 556 1801 costes,
583 1716 883 1807 Corporis
909 1717 1178 1796 Christi,
1204 1716 1686 1808 Assumptionis
1716 1716 1792 1784 B.
1825 1715 1913 1787 Μ.
1953 1716 2067 1798 V.,
2087 1716 2389 1783 omnium
2420 1714 2626 1784 Sanc-

328 1827 548 1890 torum
591 1829 653 1890 et
700 1823 1062 1891 Nativitatis
1112 1822 1402 1891 Domini.
1458 1822 1750 1891 Testatur
1795 1846 1832 1891 a
1881 1844 2060 1891 sacra
2112 1821 2626 1912 Congregatione

329 1929 583 2029 concilii
635 1931 923 1998 decisum
984 1930 1272 1999 Ferraris
1335 1929 1553 2021 (ibid.,
1619 1952 1688 1997 n.
1762 1928 1898 2022 76),
1963 1929 2303 1999 Monacelli
2366 1929 2484 2020 (tit.
2549 1930 2620 2014 2,

328 2036 524 2104 form.
585 2037 651 2120 6,
715 2037 933 2104 adnot.
989 2036 1078 2128 5).
1141 2037 1520 2105 Praedictam
1579 2037 2073 2106 declarationem
2131 2035 2198 2105 S.
2252 2035 2624 2126 Congrege-

329 2142 522 2209 tionis
551 2143 814 2211 concilii
843 2143 1035 2210 refert
1062 2166 1180 2234 per
1208 2150 1541 2212 extensum
1568 2143 1909 2235 Crispinus
1944 2146 2058 2234 (De
2085 2143 2297 2232 visit„
2326 2151 2504 2234 parte
2535 2142 2620 2232 11,

338 2269 407 2314 n.
443 2247 536 2337 2).

418 2352 484 2420 9.
517 2351 961 2423 Confessiones
989 2356 1211 2423 audire
1239 2357 1294 2424 si
1322 2362 1598 2439 recuset,
1630 2357 1868 2453 poterit
1900 2358 1984 2425 ab
2015 2357 2335 2447 Episcopo
2364 2355 2619 2447 puniri.

326 2456 633 2526 Decisum
660 2480 697 2528 a
725 2483 902 2529 sacra
930 2461 1441 2552 Congregatione
1476 2462 1737 2532 concilii
1778 2468 2044 2530 testatur
2075 2461 2359 2531 Ferraris
2395 2460 2621 2552 (ibid.,

328 2585 394 2630 n.
443 2563 575 2653 75).
625 2588 659 2629 «
702 2565 904 2649 Alias,
954 2568 1042 2634 ait
1078 2568 1415 2636 Monacelli
1458 2568 1581 2660 (tit.
1627 2569 1708 2651 ll,
1742 2569 1934 2636 form.
1971 2567 2039 2654 6,
2070 2568 2219 2635 adn.
2257 2564 2351 2656 3),
2383 2566 2626 2655 poterit

335 2695 367 2733 «
411 2677 728 2761 praecepto
761 2673 1001 2762 poenali
1043 2676 1216 2764 cogi,
1256 2682 1317 2743 et
1355 2676 1767 2745 contumacia
1794 2674 1973 2742 illius
1999 2672 2413 2763 perdurante,
2453 2687 2625 2761 prae-

333 2801 367 2841 «
414 2767 623 2846 benda
665 2800 920 2869 quoque
962 2783 1227 2871 privari.
1274 2783 1368 2850 Ita
1399 2805 1577 2851 sacra
1609 2782 2030 2872 Congregatio
2063 2780 2353 2866 concilii,
2391 2779 2462 2845 in
2505 2781 2620 2847 Ve-

334 2909 368 2948 «
414 2886 686 2972 rulana,
728 2909 927 2977 quam
964 2890 1194 2978 allegat
1226 2889 1565 2981 Crispinus
1607 2890 1725 2981 (De
1765 2887 1973 2975 visit„
2017 2894 2195 2979 parte
2223 2886 2307 2977 ll,
2352 2888 2394 2979 ξ
2435 2910 2613 2967 xx1v,

336 3016 368 3055 t(
415 3013 483 3058 n.
518 2992 589 3083 l).
621 3019 654 3058 ))

421 3099 525 3167 10.
558 3100 704 3169 Non
733 3108 952 3169 tamen
981 3110 1183 3193 potest
1210 3104 1353 3193 cogi
1383 3105 1464 3172 ab
1502 3104 1823 3195 Episcopo
1869 3105 1950 3173 ad
1991 3103 2500 3171 interessendum
2542 3101 2611 3168 in

323 3226 438 3272 sua
490 3209 637 3275 sede
683 3232 800 3299 pro
853 3212 1189 3279 audiendis
1237 3212 1752 3280 confessionibus
1802 3233 1877 3279 eo
1933 3216 2247 3301 tempore,
2296 3232 2426 3300 quo
2481 3230 2614 3276 non

322 3310 559 3378 adsunt
605 3316 984 3401 poenitentes
1022 3320 1138 3406 qui
1183 3340 1297 3385 sua
1340 3340 1533 3409 opera
1573 3319 1669 3386 uti
1717 3318 1940 3386 velint.
1998 3316 2304 3384 Decisum
2355 3337 2404 3382 a
2436 3336 2614 3383 sacra

323 3416 832 3506 Congregatione
868 3422 1338 3512 Episcoporum
1366 3429 1429 3491 et
1457 3445 1624 3512 reg.‚
1671 3422 1755 3490 18
1799 3422 2180 3513 septembris
2231 3421 2397 3491 1637
2437 3421 2615 3513 (Fer-

321 3525 509 3611 rariS‚
544 3524 737 3612 ibid.,
771 3549 838 3594 n.
874 3526 1008 3619 77).

413 3633 519 3700 11.
564 3632 965 3722 Regulariter
995 3656 1126 3701 non
1160 3641 1255 3702 est
1287 3635 1725 3704 admittendus
1756 3636 1829 3702 in
1860 3634 2323 3702 confessarium
2356 3635 2613 3701 monia-

320 3737 522 3807 lium:
555 3743 608 3807 si
629 3747 845 3808 tamen
870 3746 1181 3809 constaret
1210 3742 1426 3832 ipsum
1452 3765 1634 3833 posse
1657 3744 1919 3833 utrique
1945 3742 2205 3808 muneri
2225 3742 2608 3818 satisfacere,

323 3843 573 3910 admitti
609 3852 839 3935 posset.
885 3849 982 3915 Ita
1013 3847 1439 3936 Congregatio
1487 3849 1750 3916 concilii
1797 3846 2277 3938 (inlanuensi,
2333 3847 2406 3913 11
2457 3869 2615 3936 sep-

322 3951 590 4018 tembris
618 3952 815 4040 1666,
848 3956 1044 4022 relata
1077 3955 1249 4044 apud
1279 3953 1649 4042 Pignatelli,
1679 3959 1726 4021 t.
1761 3953 1905 4037 Vll,
1937 3954 2211 4022 consult.
2249 3953 2381 4044 13).

416 4058 520 4124 12.
554 4059 954 4148 Regulariter
978 4083 1111 4128 non
1140 4066 1341 4151 potest
1363 4081 1495 4127 esse
1523 4058 1803 4128 vicarius
1827 4060 2143 4148 generalis
2170 4058 2496 4151 Episcopi,
2529 4079 2614 4125 ne

321 4163 755 4253 suspicionem
813 4166 1064 4254 ingerat
1121 4170 1295 4256 quod
1344 4168 1411 4235 in
1463 4165 2020 4235 administratione
2074 4166 2339 4257 justitiae
2391 4168 2615 4230 utatur

321 4271 589 4356 scientia
616 4273 1071 4340 confessionis:
1105 4275 1158 4340 si
1178 4282 1392 4341 tamen
1416 4280 1604 4342 tantae
1626 4279 1786 4341 esset
1804 4271 2130 4362 opinionis
2154 4270 2327 4363 apud
2354 4290 2610 4354 omneS,

325 4385 396 4441 ut
439 4400 700 4465 prorsus
735 4380 1176 4447 excluderetur
1210 4380 1593 4469 hujusmodi
1637 4381 1944 4471 suspicio,
1986 4384 2194 4469 posset
2238 4400 2372 4447 esse
2407 4375 2612 4444 simul
