2930 4982
417 366 429 416 Ι
452 367 483 415 (5
504 364 528 416 ί
1394 360 1728 407 TRACTATUS

401 491 760 560 destinatos.
791 488 907 556 Ast
929 487 1000 554 in
1020 485 1272 555 statutis
1297 482 1430 551 suis
1451 480 1609 548 anni
1641 480 1836 564 1846,
1863 481 2283 568 punctaturas
2310 497 2386 542 ae
2412 474 2685 543 mulctas

403 603 622 666 contra
647 596 939 665 absentes
958 594 1403 673 decreverunt,
1437 589 1710 658 articulo
1738 587 1852 672 26,
1887 585 2165 654 inhunc
2187 583 2463 651 modum
2490 605 2508 649 z
2536 583 2686 650 Dis·

403 701 793 772 tributiones
816 698 1245 792 quotidianae,
1272 694 1666 766 introductae
1691 694 1917 763 animo
1937 690 2210 783 fovendi
2231 688 2682 780 diliqentiam‚

401 831 746 899 nunquam
772 807 1168 876 exstiterunt
1194 805 1262 872 in
1292 802 1553 873 ecclesia
1592 802 1719 872 lzac
1748 799 2121 870 cathedrali
2134 819 2163 884 ,·
2201 819 2406 889 neque
2436 796 2688 865 exstitit

400 917 508 984 vel
531 926 747 984 eoestat
776 936 993 981 massa
1019 911 1382 981 communis
1408 909 1732 978 bonorum
1763 931 1847 977 eoe
1881 906 2143 998 quibus,
2160 905 2368 997 juxta
2400 915 2688 972 mentem

401 1023 665 1091 concilii
690 1020 1076 1102 Tridentini,
1107 1021 1304 1089 tertia
1312 1042 1482 1111 pars
1501 1017 1572 1086 in
1597 1015 1788 1086 dictis
1807 1013 2378 1084 distributionibus
2399 1013 2691 1082 converti

398 1141 618 1221 queat.
651 1129 1153 1226 Conditionibus
1177 1129 1346 1198 bisce
1367 1126 1725 1211 stantibus,
1740 1124 1953 1215 juxta
1970 1120 2387 1216 prcelaudati
2400 1133 2688 1190 mentem

401 1238 666 1306 concilii
702 1236 1165 1323 recurrendum
1194 1249 1291 1307 est
1323 1236 1419 1307 ad
1449 1233 1669 1304 media
1700 1234 1771 1315 in
1796 1233 2029 1324 finem,
2062 1230 2155 1300 ad
2188 1230 2473 1299 mulctas
2511 1229 2690 1301 vide·

398 1345 550 1413 licet
570 1356 633 1413 et
653 1343 747 1412 ad
755 1344 1242 1435 punctationes.
1268 1346 1364 1412 Et
1387 1343 1544 1411 binc
1553 1339 1980 1433 praebendati
2004 1362 2225 1410 omnes
2247 1338 2444 1429 hujus
2468 1337 2690 1409 cathe-

401 1452 616 1521 dralis
656 1452 795 1519 sine
832 1474 1030 1519 causa
1054 1450 1357 1540 leqitima
1377 1472 1419 1517 a
1449 1447 1647 1517 choro
1674 1448 1998 1529 absentes,
2025 1444 2401 1538 punctandi
2425 1455 2490 1511 et
2513 1445 2690 1517 mul-

396 1558 626 1629 ctandi
651 1570 845 1627 erunt
863 1558 956 1626 ad
978 1558 1280 1626 tramites
1289 1556 1473 1647 juris
1504 1554 1824 1641 canonici.
1847 1555 2327 1625 Determinatur
2354 1551 2592 1621 deinde
2616 1551 2687 1620 in

400 1668 626 1759 iisdem
656 1666 903 1735 statutis
940 1666 1264 1757 quomodo
1297 1665 1563 1733 mulctae
1602 1663 1674 1731 in
1704 1665 1833 1733 fine
1869 1663 2028 1732 anni
2070 1661 2391 1731 solvendae
2427 1662 2587 1750 sint,
2628 1665 2693 1730 et

394 1776 504 1843 eui
531 1774 780 1863 objecto
808 1773 1236 1864 applicandae.
1270 1771 1421 1841 Orta
1450 1794 1603 1840 vero
1638 1770 2093 1858 controversia,
2123 1792 2207 1837 an
2230 1769 2492 1837 mulctis
2514 1766 2692 1858 ejusss

397 1882 573 1951 modi
603 1883 1008 1972 subjacerent
1029 1880 1223 1949 etiam
1242 1886 1369 1949 tres
1398 1898 1679 1960 menseS,
1713 1880 1957 1971 quibus
1989 1878 2349 1968 unicuique
2376 1878 2692 1947 canonico

396 1989 672 2078 singulis
705 1987 891 2057 annis
932 1988 1148 2056 abesse
1189 1987 1363 2070 licet,
1412 1986 1691 2055 dubium
1728 1984 2060 2078 proposuit
2100 1985 2472 2076 Ragusinus
2523 1985 2695 2076 Epi-

397 2120 626 2188 scopus
660 2098 784 2165 hoc
821 2095 1016 2164 modo
1053 2119 1069 2164 :
1117 2105 1350 2164 utrum
1401 2095 1603 2163 tertia
1635 2119 1804 2187 pars
1833 2104 2315 2187 proventuum,
2346 2093 2462 2184 qui
2471 2093 2693 2184 juxta

392 2208 436 2297 ἓ
468 2206 555 2273 26
580 2216 988 2274 statutorum
1012 2203 1305 2275 converti
1329 2202 1566 2273 debent
1593 2204 1663 2275 in
1684 2203 1974 2273 mulctas
1995 2202 2369 2271 absentium
2395 2227 2438 2270 a
2459 2201 2688 2281 choro,

394 2312 608 2381 dividi
641 2313 874 2382 debeat
886 2334 1016 2403 per
1044 2311 1178 2380 dies
1218 2334 1454 2379 novem
1497 2311 1848 2392 mensium,
1896 2308 2154 2402 quibus,
2191 2333 2272 2378 eoe
2289 2309 2692 2401 proescripto

394 2419 804 2508 ‚Tridentini,
845 2420 1147 2488 canonici
1173 2431 1476 2487 tenentur
1502 2420 1805 2488 interesse
1837 2419 2030 2487 choro
2060 2429 2123 2486 et
2154 2416 2394 2485 divinis
2415 2417 2690 2508 officiis,

397 2538 519 2594 aut
537 2549 666 2615 per
698 2526 986 2615 inteqros
1006 2525 1350 2594 duodecim
1376 2549 1623 2595 menses
1657 2526 1854 2595 unius
1882 2527 2065 2594 anni.
2102 2564 2191 2579 —
2221 2529 2453 2593 Utrum
2489 2525 2566 2590 in
2596 2548 2697 2592 se-

394 2631 603 2704 cundo
627 2656 783 2701 casu
794 2635 1346 2723 punctationibus
1374 2645 1438 2702 et
1469 2633 1741 2703 mulctis
1768 2635 2110 2726 subjaceat
2141 2632 2435 2701 absentia
2471 2633 2696 2702 trium

400 2740 722 2809 mensium
763 2763 807 2808 a
838 2741 997 2832 jure
1033 2746 1380 2811 concessa?
1419 2742 1687 2811 Assera
1724 2743 2237 2833 Congregatione
2266 2740 2546 2809 Concilii
2575 2764 2696 2809 re-

398 2871 713 2939 sponsum
737 2853 832 2916 est
857 2849 962 2917 die
990 2847 1077 2917 30
1105 2847 1363 2938 augusti
1395 2848 1560 2917 1851
1601 2872 1618 2916 :
1655 2849 1948 2919 Mulctas
1977 2871 2106 2917 esse
2126 2846 2526 2940 partiendas
2557 2871 2698 2939 per

399 2965 615 3022 totum
655 2977 938 3044 annum,
985 2977 1218 3045 easque
1248 2954 1556 3023 amittere
1595 2954 1890 3023 absentes
1920 2966 2208 3045 tempore
2255 2952 2694 3021 vacationum

401 3049 967 3143 trimestrialiumss
990 3061 1206 3152 juxta
1247 3061 1421 3132 alias
1461 3060 1672 3130 editas
1709 3062 2157 3131 resolutiones.
2217 3060 2550 3151 Proposita
2599 3068 2698 3130 est

400 3192 591 3238 eausa
632 3170 771 3238 haec
793 3191 923 3261 per
966 3170 1336 3237 summaria
1359 3192 1660 3260 precum,
1702 3175 1763 3238 et
1805 3170 2039 3238 citatur
2069 3169 2241 3262 apud
2293 3169 2696 3259 Correspon-

399 3274 607 3354 dance
634 3276 713 3345 de
746 3282 972 3361 Rome,
1000 3299 1172 3372 anno
1206 3278 1404 3359 1851,
1431 3301 1582 3369 pag.
1612 3277 1765 3347 372.
1822 3341 1827 3350 .

489 3383 881 3452 Tridentinae
909 3386 1070 3473 legis
1096 3386 1526 3454 observationi
1550 3387 1697 3453 satis
1729 3385 2128 3454 consuluisse
2159 3384 2327 3454 mihi
2357 3383 2696 3453 videretur

387 3489 623 3572 ‚Gauiae
647 3489 1027 3581 Episcopu5‚
1053 3494 1167 3581 qui
1190 3493 1510 3581 eiusmodi
1537 3491 1809 3561 mulctas
1838 3494 2225 3562 decerneret.

1258 3847 1653 3917 SECTIO
1729 3844 1825 3918 lV

482 4020 639 4084 Qun)
686 4020 786 4075 slT
826 4019 1207 4077 οΑΡιτυιυΜ
1250 4019 1480 4083 QUOAD
1514 4020 1742 4077 LEGEM
1780 4021 1990 4078 1PSlUS
2037 3999 2613 4079 co'ADUNATloNEs

1310 4126 1766 4183 REGULANTEM

489 4348 655 4415 Cum
688 4345 1048 4434 capitulum
1070 4344 1381 4412 rationem
1404 4347 1633 4414 habeat
1650 4345 1984 4427 societatis,
2008 4352 2134 4415 tota
2158 4350 2299 4437 ejus
2319 4350 2484 4418 actio
2507 4372 2704 4419 exer-

398 4462 575 4520 cetur
624 4450 936 4519 socia-liter
975 4471 1109 4532 seu,
1148 4455 1217 4515 ut
1253 4451 1379 4518 dici
1418 4455 1598 4539 solet,
1628 4454 2104 4542 capitulariter-3
2146 4477 2218 4522 ac
2253 4456 2526 4544 proinde
2574 4480 2706 4547 per
