2930 4982
333 362 370 418 3
388 367 404 415 t
423 361 458 414 8
1302 356 1646 404 rnAcuws

340 515 378 556 ιι
404 490 564 558 dum
596 485 850 553 videtur
876 487 1197 571 quatenus
1225 484 1573 547 concurrat
1600 477 1909 569 obligatio
1935 499 2009 548 ex
2039 478 2508 548 consuetudine
2535 477 2634 545 vel

343 625 379 663 ιι
403 599 635 664 statuto
689 590 962 659 canendi
1011 590 1187 655 hanc
1236 587 1526 653 missam.
1578 585 1714 656 Nec
1760 587 1968 655 obstat
2008 586 2342 678 dispositio
2385 585 2633 676 capitis,

341 727 376 766 ιι
410 702 631 782 Quum
671 707 1005 775 ereatura,
1053 692 1133 761 de
1173 692 1606 760 celebratione
1646 693 2041 777 missarum,
2086 695 2157 763 in
2208 714 2338 783 quo
2374 697 2636 764 cavetur

342 833 377 872 ιι
405 805 578 896 quod
623 804 866 892 absque
912 801 1046 868 ulla
1097 798 1490 888 negligentia
1545 805 1609 868 et
1649 805 1909 891 torpore
1951 799 2320 869 celebretur
2358 820 2638 867 conven-

341 938 378 979 ιι
403 910 664 980 tualiter
707 908 928 995 missa,
981 907 1059 974 de
1109 912 1418 995 tempore,
1470 906 1549 974 de
1603 906 1786 993 festo,
1839 906 1974 975 sive
2017 907 2097 975 de
2145 906 2331 990 feria,
2382 904 2637 973 etiamsi

340 1042 377 1082 ιι
408 1017 769 1086 celebretur
811 1013 1328 1082 anniversarium
1356 1035 1373 1094 ;
1430 1013 1588 1100 quia
1614 1014 1843 1081 eadem
1861 1011 2193 1104 dispositio
2219 1011 2641 1100 intelligenda

343 1150 380 1188 ιι
409 1123 587 1192 venit
614 1127 931 1212 quatenus
968 1120 1134 1187 adsit
1174 1118 1479 1207 obligatio
1505 1144 1540 1183 »
1581 1118 1780 1209 (tom.
1816 1119 1897 1203 11,
1930 1141 2080 1211 pag.
2112 1118 2227 1206 33,
2258 1118 2452 1188 editio
2497 1117 2641 1185 Lu-

337 1230 570 1310 censis,
609 1225 831 1316 1723).
877 1224 1047 1293 Huic
1092 1223 1473 1291 limitationi
1519 1224 1688 1292 favet
1725 1227 1866 1315 ipse
1912 1225 2292 1316 Pignatelli,
2346 1229 2420 1292 ut
2465 1223 2640 1291 infra

337 1334 555 1402 videre
581 1337 675 1401 est
706 1342 773 1399 n⁰
805 1331 868 1398 8.
905 1331 1250 1421 Ipsammet
1289 1335 1508 1397 tamen
1555 1330 2014 1400 limitationem
2063 1331 2472 1401 limitandam
2505 1351 2641 1421 pu·-

340 1445 496 1512 tavit
525 1443 822 1510 laudatus
849 1439 1366 1524 Scarfantonius;
1400 1439 1581 1508 addit
1609 1442 1790 1508 enim
1818 1441 1961 1509 loco
1988 1441 2220 1509 citato:

440 1576 476 1614 ιι
503 1547 648 1617 Non
678 1553 895 1614 tamen
914 1547 994 1613 de
1015 1546 1190 1613 facili
1220 1546 1624 1613 admittenda
1651 1551 1743 1613 est
1770 1547 1990 1634 vigore
2020 1545 2335 1635 simplicis
2361 1566 2651 1614 consue-

352 1680 386 1719 ιι
414 1653 657 1720 tudinis
701 1653 1023 1741 exemptio
1069 1652 1345 1719 canendi
1395 1653 1659 1720 missam
1710 1652 2236 1734 conventualem,
2271 1650 2536 1740 quando
2569 1652 2656 1719 in

352 1785 385 1825 ιι
413 1759 758 1826 cathedrali
799 1758 900 1824 vel
939 1757 1271 1846 collegiata
1308 1758 1552 1825 adesset
1594 1759 1916 1827 sufficiens
1952 1778 2267 1825 numerus
2302 1757 2656 1825 ministro-

351 1891 385 1930 ιι
416 1887 591 1952 rum,
650 1866 803 1954 quia
844 1864 1208 1931 censendus
1260 1869 1354 1931 est
1405 1865 1620 1954 potius
1671 1865 1936 1944 abusuS,
2000 1869 2073 1931 ut
2124 1862 2403 1931 decrevit
2452 1860 2652 1929 Sacra

347 1994 383 2035 ιι
412 1970 837 2060 Congregatio
887 1970 982 2061 (in
1035 1970 1443 2054 Tusculana,
1503 1971 1584 2039 16
1631 1971 2005 2039 novembris
2066 1967 2309 2059 1652);
2360 1969 2436 2035 in
2486 1986 2645 2055 qua,

354 2101 388 2141 ιι
417 2099 549 2143 non
607 2077 896 2145 obstante
956 2076 1424 2143 consuetudine
1485 2078 1831 2158 contraria,
1901 2076 2318 2145 demandavit
2370 2073 2649 2161 singulis

356 2203 391 2243 ιι
422 2181 649 2249 diebus
678 2179 1038 2248 canendam
1063 2201 1198 2247 esse
1234 2180 1503 2248 missam
1533 2180 2052 2249 conventualem.
2096 2179 2284 2260 Quod
2311 2179 2646 2246 decretum

358 2312 391 2351 α
422 2287 547 2354 fuit
594 2287 1052 2354 confirmatum
1102 2285 1185 2353 ab
1244 2286 1471 2352 eadem
1519 2284 1717 2354 Sacra
1777 2284 2292 2374 Congregatione
2347 2284 2473 2352 sub
2544 2283 2646 2352 die

358 2418 391 2457 «
422 2393 500 2458 21
540 2393 765 2481 aprilis
797 2392 993 2474 1708,
1025 2412 1101 2458 ac
1131 2392 1496 2459 resolutum
1529 2393 1771 2460 iterum
1809 2391 2107 2459 eamdem
2136 2414 2269 2460 esse
2297 2390 2646 2459 celebran-

356 2521 391 2561 ιι
421 2496 574 2563 dam
618 2520 733 2586 per
779 2503 1078 2580 turnum,
1122 2497 1319 2564 etiam
1363 2499 1597 2566 diebus
1630 2499 1897 2579 feriatiS,
1947 2507 2081 2566 tam
2130 2521 2242 2589 per
2270 2498 2640 2581 canonicos,

353 2628 390 2666 ιι
425 2620 623 2690 quam
656 2624 771 2689 per
797 2602 1231 2684 beneficiatOS‚
1267 2626 1419 2669 cum
1452 2610 1672 2671 cantu.
1708 2629 1744 2668 »

412 2700 749 2774 'Praedict'a
785 2705 1209 2774 Scarl'antonii
1238 2709 1536 2776 doctrina
1563 2711 1853 2778 eximens
1884 2711 1968 2779 ab
2004 2712 2392 2800 obligatione
2424 2708 2645 2798 quoti·

350 2815 561 2883 dianae
581 2814 792 2880 missae
818 2814 1287 2892 conventualiS‚
1315 2814 1428 2881 ubi
1453 2837 1666 2904 neque
1685 2818 2154 2886 consuetudine
2172 2839 2381 2906 neque
2408 2815 2644 2885 funda·

352 2921 545 2990 tionis
589 2926 771 3010 pacto
798 2920 1066 2988 inducta
1106 2927 1222 3003 est,
1260 2942 1493 3011 parum
1525 2922 1649 2989 sibi
1681 2929 1966 3010 constat3
2014 2926 2332 3016 cumipse
2372 2924 2645 2991 fateatur

354 3026 758 3091 contrarium
801 3026 1090 3093 decisum
1122 3027 1365 3118 pluries
1395 3029 1589 3097 fuisse
1633 3051 1671 3097 a
1713 3027 1907 3098 Sacra
1936 3029 2447 3120 Congregatione
2482 3049 2643 3096 con-

356 3129 511 3198 cilii.
546 3129 769 3219 Neque
797 3132 993 3198 etiam
1024 3133 1092 3199 in
1123 3155 1191 3198 re
1219 3139 1347 3200 tam
1380 3136 1562 3224 gravi
1592 3137 1744 3204 satis
1772 3142 1910 3204 tuta
1937 3137 2214 3205 videtur.

442 3232 760 3300 Standum
780 3234 981 3321 igitur
999 3238 1333 3302 sententiae
1356 3240 1722 3324 communi,
1748 3262 1893 3329 quae
1916 3247 1988 3308 ut
2007 3246 2247 3310 certam
2272 3240 2466 3308 habet
2483 3238 2645 3307 obli-

356 3336 678 3426 gationem
702 3340 1093 3424 quotidianae
1124 3343 1337 3409 missae
1370 3344 1820 3412 conventualis
1859 3369 2014 3413 cum
2044 3353 2260 3415 cantu.
2301 3345 2645 3414 Cuicom-

355 3439 546 3511 muni
582 3443 908 3507 sententiae
944 3464 1129 3508 suam
1167 3446 1410 3513 addidit
1445 3447 1890 3518 auctoritatem
1924 3450 2308 3522 Benedictus
2343 3449 2504 3520 XIV
2539 3450 2643 3518 his

355 3546 606 3614 verbis:
1208 3575 1211 3579 ’
1602 3576 1605 3577 f

453 3678 489 3718 ιι
516 3651 703 3732 Quod
758 3653 814 3720 si
871 3653 1084 3722 missae
1141 3656 1545 3726 sacrificium
1599 3659 1767 3729 inter
1821 3662 2010 3732 boras
2063 3664 2404 3733 canonicas
2468 3660 2641 3731 haud

365 3781 403 3821 ιι
432 3758 731 3846 refertur,
759 3761 978 3826 tamen
1007 3761 1201 3828 officii
1227 3762 1430 3830 divini
1455 3766 1726 3833 nomine
1747 3768 1898 3835 satis
1922 3768 2338 3858 intelligitur,
2360 3769 2459 3837 uti
2478 3789 2645 3836 con-

368 3884 404 3924 ιι
432 3866 554 3929 stat
581 3862 657 3933 ex
687 3885 932 3932 canone
965 3868 1061 3932 De
1082 3867 1193 3948 iia,
1229 3866 1685 3941 distinctionis
1723 3871 1846 3940 12:
1893 3873 2222 3942 Goeterum
2257 3874 2495 3964 officia
2518 3895 2644 3964 pu·

368 3989 404 4029 «
434 3964 640 4052 blica,
670 3969 745 4036 id
768 3980 864 4036 est
892 3991 1215 4059 vesperas,
1245 3974 1668 4042 matutinum
1692 3976 1824 4044 sive
1866 3978 2167 4066 missam,
2201 3974 2411 4050 aliter
2440 3998 2644 4071 quam

368 4092 405 4132 ιι
433 4067 505 4134 in
517 4073 903 4164 principali
925 4075 1189 4144 ecclesia
1219 4078 1545 4148 celebrare
1565 4104 1698 4149 non
1719 4082 1939 4153 liceat.
1967 4084 2372 4178 Quapropter
2390 4109 2552 4156 cum
2573 4086 2645 4153 in

367 4197 402 4238 ιι
428 4174 712 4244 ecclesiis
758 4183 1288 4272 metropolitaniS‚
1341 4187 1820 4258 cathedralibus
1850 4195 1914 4259 et
1958 4192 2309 4282 collegiatis
2340 4192 2646 4263 divinum

368 4304 404 4346 ιι
430 4281 723 4348 officium
750 4284 1033 4370 quotidie
1056 4288 1405 4375 indicatur,
1439 4293 1636 4364 etiam
1665 4297 1860 4364 missa
1883 4301 2329 4370 conventualis
2351 4294 2644 4390 quotidie

369 4410 404 4450 ιι
432 4387 813 4456 celebranda
832 4392 927 4457 est
950 4411 966 4455 z
1002 4392 1295 4472 Quidam
1320 4397 1391 4465 in
1410 4398 1900 4472 cathedralibus
1920 4396 2160 4498 (inquit
2175 4405 2508 4477 Honorius
2530 4404 2643 4493 111)
