<?xml version="1.0" encoding="UTF-8"?>
<!DOCTYPE html PUBLIC "-//W3C//DTD XHTML 1.0 Transitional//EN"
    "http://www.w3.org/TR/xhtml1/DTD/xhtml1-transitional.dtd">
<html xmlns="http://www.w3.org/1999/xhtml" xml:lang="en" lang="en">
 <head>
  <title>
</title>
<meta http-equiv="Content-Type" content="text/html;charset=utf-8" />
  <meta name='ocr-system' content='tesseract 3.04.00' />
  <meta name='ocr-capabilities' content='ocr_page ocr_carea ocr_par ocr_line ocrx_word'/>
</head>
<body>
  <div class='ocr_page' id='page_1' title='image "./tractatusdecapi00bouigoog_0125.png"; bbox 0 0 2930 4982; ppageno 0'>
   <div class='ocr_carea' id='block_1_1' title="bbox 1180 310 2557 367">
    <p class='ocr_par' dir='ltr' id='par_1_1' title="bbox 1180 310 2557 367">
     <span class='ocr_line' id='line_1_1' title="bbox 1180 310 2557 367; baseline -0.001 -8"><span class='ocrx_word' id='word_1_1' title='bbox 1180 314 1257 359; x_wconf 73' lang='grc' dir='ltr'><strong>ΒΕ</strong></span> <span class='ocrx_word' id='word_1_2' title='bbox 1304 314 1631 360; x_wconf 73' lang='lat' dir='ltr'><strong>cfflwms.</strong></span> <span class='ocrx_word' id='word_1_3' title='bbox 2431 311 2459 367; x_wconf 73' lang='lat'><strong>1</strong></span> <span class='ocrx_word' id='word_1_4' title='bbox 2474 310 2557 367; x_wconf 70' lang='grc'><strong>05</strong></span> 
     </span>
    </p>
   </div>
   <div class='ocr_carea' id='block_1_2' title="bbox 271 433 2582 3068">
    <p class='ocr_par' dir='ltr' id='par_1_2' title="bbox 274 433 2563 736">
     <span class='ocr_line' id='line_1_2' title="bbox 280 433 2560 530; baseline 0.004 -30"><span class='ocrx_word' id='word_1_5' title='bbox 280 460 314 500; x_wconf 69' lang='grc' dir='ltr'><strong>ι(</strong></span> <span class='ocrx_word' id='word_1_6' title='bbox 341 433 692 523; x_wconf 90' lang='lat' dir='ltr'><strong>cogendus,</strong></span> <span class='ocrx_word' id='word_1_7' title='bbox 728 439 801 500; x_wconf 92' lang='lat' dir='ltr'><strong>ut</strong></span> <span class='ocrx_word' id='word_1_8' title='bbox 819 433 993 522; x_wconf 88' lang='lat' dir='ltr'><strong>paris</strong></span> <span class='ocrx_word' id='word_1_9' title='bbox 1015 434 1404 501; x_wconf 87' lang='lat' dir='ltr'><strong>conditionis</strong></span> <span class='ocrx_word' id='word_1_10' title='bbox 1430 433 1741 502; x_wconf 87' lang='lat' dir='ltr'><strong>habeatur</strong></span> <span class='ocrx_word' id='word_1_11' title='bbox 1761 455 1833 502; x_wconf 91' lang='lat' dir='ltr'><strong>ac</strong></span> <span class='ocrx_word' id='word_1_12' title='bbox 1855 436 2065 503; x_wconf 84' lang='lat' dir='ltr'><strong>caeteri</strong></span> <span class='ocrx_word' id='word_1_13' title='bbox 2090 438 2414 523; x_wconf 88' lang='lat' dir='ltr'><strong>canonici,</strong></span> <span class='ocrx_word' id='word_1_14' title='bbox 2447 440 2560 530; x_wconf 91' lang='lat' dir='ltr'><strong>qui</strong></span> 
     </span>
     <span class='ocr_line' id='line_1_3' title="bbox 283 540 2563 631; baseline 0.004 -25"><span class='ocrx_word' id='word_1_15' title='bbox 283 565 317 606; x_wconf 71' lang='grc' dir='ltr'><strong>ι(</strong></span> <span class='ocrx_word' id='word_1_16' title='bbox 339 561 409 608; x_wconf 85' lang='lat' dir='ltr'><strong>ex</strong></span> <span class='ocrx_word' id='word_1_17' title='bbox 433 540 729 628; x_wconf 89' lang='lat' dir='ltr'><strong>legitima</strong></span> <span class='ocrx_word' id='word_1_18' title='bbox 760 561 952 607; x_wconf 91' lang='lat' dir='ltr'><strong>causa</strong></span> <span class='ocrx_word' id='word_1_19' title='bbox 974 561 1012 606; x_wconf 92' lang='lat' dir='ltr'><strong>a</strong></span> <span class='ocrx_word' id='word_1_20' title='bbox 1033 540 1385 608; x_wconf 76' lang='lat' dir='ltr'><strong>residentia</strong></span> <span class='ocrx_word' id='word_1_21' title='bbox 1411 547 1819 610; x_wconf 80' lang='lat' dir='ltr'><strong>excusantur.</strong></span> <span class='ocrx_word' id='word_1_22' title='bbox 1850 567 1884 606; x_wconf 68' lang='grc' dir='ltr'><strong>ι)</strong></span> <span class='ocrx_word' id='word_1_23' title='bbox 1927 540 2138 631; x_wconf 86' lang='lat' dir='ltr'><strong>(Card.</strong></span> <span class='ocrx_word' id='word_1_24' title='bbox 2180 542 2392 628; x_wconf 86' lang='lat' dir='ltr'><strong>Petra,</strong></span> <span class='ocrx_word' id='word_1_25' title='bbox 2422 545 2563 614; x_wconf 90' lang='lat' dir='ltr'><strong>loco</strong></span> 
     </span>
     <span class='ocr_line' id='line_1_4' title="bbox 274 644 974 736; baseline -0.003 -22"><span class='ocrx_word' id='word_1_26' title='bbox 274 667 463 736; x_wconf 86' lang='lat' dir='ltr'><strong>supra</strong></span> <span class='ocrx_word' id='word_1_27' title='bbox 487 646 703 725; x_wconf 70' lang='lat' dir='ltr'><strong>citam,</strong></span> <span class='ocrx_word' id='word_1_28' title='bbox 732 668 799 712; x_wconf 92' lang='lat' dir='ltr'><strong>n.</strong></span> <span class='ocrx_word' id='word_1_29' title='bbox 831 644 974 736; x_wconf 75' lang='lat'><strong>42.)</strong></span> 
     </span>
    </p>

    <p class='ocr_par' dir='ltr' id='par_1_3' title="bbox 276 749 2562 1058">
     <span class='ocr_line' id='line_1_5' title="bbox 355 749 2562 848; baseline 0.002 -28"><span class='ocrx_word' id='word_1_30' title='bbox 355 750 472 820; x_wconf 91' lang='lat' dir='ltr'><strong>VI.</strong></span> <span class='ocrx_word' id='word_1_31' title='bbox 530 749 940 840; x_wconf 88' lang='lat' dir='ltr'><strong>Theologalis</strong></span> <span class='ocrx_word' id='word_1_32' title='bbox 985 752 1338 821; x_wconf 88' lang='lat' dir='ltr'><strong>canonicus</strong></span> <span class='ocrx_word' id='word_1_33' title='bbox 1373 754 1487 842; x_wconf 87' lang='lat' dir='ltr'><strong>jus</strong></span> <span class='ocrx_word' id='word_1_34' title='bbox 1532 752 1727 821; x_wconf 87' lang='lat' dir='ltr'><strong>habet</strong></span> <span class='ocrx_word' id='word_1_35' title='bbox 1766 752 2069 824; x_wconf 89' lang='lat' dir='ltr'><strong>lectiones</strong></span> <span class='ocrx_word' id='word_1_36' title='bbox 2101 777 2249 825; x_wconf 87' lang='lat' dir='ltr'><strong>suas</strong></span> <span class='ocrx_word' id='word_1_37' title='bbox 2293 777 2562 848; x_wconf 84' lang='lat' dir='ltr'><strong>suspen·</strong></span> 
     </span>
     <span class='ocr_line' id='line_1_6' title="bbox 276 858 2556 956; baseline 0.001 -28"><span class='ocrx_word' id='word_1_38' title='bbox 276 858 466 928; x_wconf 88' lang='lat' dir='ltr'><strong>dendi</strong></span> <span class='ocrx_word' id='word_1_39' title='bbox 516 858 854 927; x_wconf 91' lang='lat' dir='ltr'><strong>mensibus</strong></span> <span class='ocrx_word' id='word_1_40' title='bbox 906 860 1161 943; x_wconf 76' lang='lat' dir='ltr'><strong>aestiviS‚</strong></span> <span class='ocrx_word' id='word_1_41' title='bbox 1231 882 1469 951; x_wconf 87' lang='lat' dir='ltr'><strong>nempe</strong></span> <span class='ocrx_word' id='word_1_42' title='bbox 1521 860 1720 949; x_wconf 86' lang='lat' dir='ltr'><strong>julie,</strong></span> <span class='ocrx_word' id='word_1_43' title='bbox 1767 869 2040 951; x_wconf 87' lang='lat' dir='ltr'><strong>augusto</strong></span> <span class='ocrx_word' id='word_1_44' title='bbox 2085 870 2147 929; x_wconf 89' lang='lat' dir='ltr'><strong>et</strong></span> <span class='ocrx_word' id='word_1_45' title='bbox 2183 862 2556 956; x_wconf 78' lang='lat' dir='ltr'><strong>septembri.</strong></span> 
     </span>
     <span class='ocr_line' id='line_1_7' title="bbox 277 964 2195 1058; baseline 0.002 -25"><span class='ocrx_word' id='word_1_46' title='bbox 277 964 461 1056; x_wconf 91' lang='lat' dir='ltr'><strong>(Vide</strong></span> <span class='ocrx_word' id='word_1_47' title='bbox 492 966 839 1056; x_wconf 89' lang='lat' dir='ltr'><strong>probatum</strong></span> <span class='ocrx_word' id='word_1_48' title='bbox 860 968 1031 1056; x_wconf 89' lang='lat' dir='ltr'><strong>apud</strong></span> <span class='ocrx_word' id='word_1_49' title='bbox 1059 965 1248 1034; x_wconf 91' lang='lat' dir='ltr'><strong>Card.</strong></span> <span class='ocrx_word' id='word_1_50' title='bbox 1278 966 1492 1052; x_wconf 87' lang='lat' dir='ltr'><strong>Petra,</strong></span> <span class='ocrx_word' id='word_1_51' title='bbox 1526 967 1671 1036; x_wconf 91' lang='lat' dir='ltr'><strong>loco</strong></span> <span class='ocrx_word' id='word_1_52' title='bbox 1699 968 1920 1055; x_wconf 84' lang='lat' dir='ltr'><strong>citato,</strong></span> <span class='ocrx_word' id='word_1_53' title='bbox 1947 991 2016 1036; x_wconf 89' lang='lat' dir='ltr'><strong>n.</strong></span> <span class='ocrx_word' id='word_1_54' title='bbox 2056 968 2195 1058; x_wconf 83' lang='lat'><strong>58.)</strong></span> 
     </span>
    </p>

    <p class='ocr_par' dir='ltr' id='par_1_4' title="bbox 275 1071 2571 1377">
     <span class='ocr_line' id='line_1_8' title="bbox 358 1071 2571 1168; baseline 0.002 -29"><span class='ocrx_word' id='word_1_55' title='bbox 358 1071 730 1140; x_wconf 92' lang='lat' dir='ltr'><strong>Canonicus</strong></span> <span class='ocrx_word' id='word_1_56' title='bbox 748 1074 1089 1163; x_wconf 90' lang='lat' dir='ltr'><strong>theologus</strong></span> <span class='ocrx_word' id='word_1_57' title='bbox 1113 1095 1246 1141; x_wconf 92' lang='lat' dir='ltr'><strong>non</strong></span> <span class='ocrx_word' id='word_1_58' title='bbox 1268 1073 1456 1141; x_wconf 91' lang='lat' dir='ltr'><strong>debet</strong></span> <span class='ocrx_word' id='word_1_59' title='bbox 1479 1075 1798 1165; x_wconf 86' lang='lat' dir='ltr'><strong>explicare</strong></span> <span class='ocrx_word' id='word_1_60' title='bbox 1816 1076 2058 1165; x_wconf 83' lang='lat' dir='ltr'><strong>populo</strong></span> <span class='ocrx_word' id='word_1_61' title='bbox 2083 1096 2331 1143; x_wconf 88' lang='lat' dir='ltr'><strong>sacram</strong></span> <span class='ocrx_word' id='word_1_62' title='bbox 2357 1074 2571 1168; x_wconf 84' lang='lat' dir='ltr'><strong>Scrip-</strong></span> 
     </span>
     <span class='ocr_line' id='line_1_9' title="bbox 275 1177 2562 1270; baseline 0.001 -25"><span class='ocrx_word' id='word_1_63' title='bbox 275 1184 492 1246; x_wconf 88' lang='lat' dir='ltr'><strong>turam</strong></span> <span class='ocrx_word' id='word_1_64' title='bbox 538 1181 710 1244; x_wconf 89' lang='lat' dir='ltr'><strong>inter</strong></span> <span class='ocrx_word' id='word_1_65' title='bbox 760 1177 1107 1245; x_wconf 89' lang='lat' dir='ltr'><strong>missarum</strong></span> <span class='ocrx_word' id='word_1_66' title='bbox 1146 1178 1487 1265; x_wconf 91' lang='lat' dir='ltr'><strong>solemnia,</strong></span> <span class='ocrx_word' id='word_1_67' title='bbox 1540 1200 1610 1246; x_wconf 89' lang='lat' dir='ltr'><strong>ac</strong></span> <span class='ocrx_word' id='word_1_68' title='bbox 1640 1179 1906 1269; x_wconf 84' lang='lat' dir='ltr'><strong>praecise</strong></span> <span class='ocrx_word' id='word_1_69' title='bbox 1943 1186 2085 1270; x_wconf 89' lang='lat' dir='ltr'><strong>post</strong></span> <span class='ocrx_word' id='word_1_70' title='bbox 2124 1179 2562 1270; x_wconf 85' lang='lat' dir='ltr'><strong>evangelium.</strong></span> 
     </span>
     <span class='ocr_line' id='line_1_10' title="bbox 276 1283 2265 1377; baseline 0.001 -25"><span class='ocrx_word' id='word_1_71' title='bbox 276 1284 386 1377; x_wconf 90' lang='lat' dir='ltr'><strong>(lta</strong></span> <span class='ocrx_word' id='word_1_72' title='bbox 410 1283 481 1352; x_wconf 90' lang='lat' dir='ltr'><strong>S.</strong></span> <span class='ocrx_word' id='word_1_73' title='bbox 515 1283 946 1373; x_wconf 90' lang='lat' dir='ltr'><strong>Congregatio</strong></span> <span class='ocrx_word' id='word_1_74' title='bbox 976 1284 1273 1368; x_wconf 86' lang='lat' dir='ltr'><strong>Rituum‚</strong></span> <span class='ocrx_word' id='word_1_75' title='bbox 1312 1284 1487 1376; x_wconf 90' lang='lat' dir='ltr'><strong>apud</strong></span> <span class='ocrx_word' id='word_1_76' title='bbox 1511 1284 1895 1369; x_wconf 89' lang='lat' dir='ltr'><strong>Gardellini,</strong></span> <span class='ocrx_word' id='word_1_77' title='bbox 1929 1307 1999 1353; x_wconf 90' lang='lat' dir='ltr'><strong>n.</strong></span> <span class='ocrx_word' id='word_1_78' title='bbox 2034 1284 2265 1375; x_wconf 81' lang='grc'><strong>4318.)</strong></span> 
     </span>
    </p>

    <p class='ocr_par' dir='ltr' id='par_1_5' title="bbox 271 1389 2575 2227">
     <span class='ocr_line' id='line_1_11' title="bbox 363 1389 2568 1482; baseline -0.001 -21"><span class='ocrx_word' id='word_1_79' title='bbox 363 1391 507 1461; x_wconf 87' lang='lat' dir='ltr'><strong>Vll.</strong></span> <span class='ocrx_word' id='word_1_80' title='bbox 538 1389 903 1460; x_wconf 89' lang='lat' dir='ltr'><strong>Canonicus</strong></span> <span class='ocrx_word' id='word_1_81' title='bbox 935 1393 1315 1482; x_wconf 90' lang='lat' dir='ltr'><strong>theologalis</strong></span> <span class='ocrx_word' id='word_1_82' title='bbox 1340 1415 1415 1461; x_wconf 92' lang='lat' dir='ltr'><strong>eo</strong></span> <span class='ocrx_word' id='word_1_83' title='bbox 1444 1394 1549 1459; x_wconf 88' lang='lat' dir='ltr'><strong>die</strong></span> <span class='ocrx_word' id='word_1_84' title='bbox 1576 1415 1707 1481; x_wconf 91' lang='lat' dir='ltr'><strong>quo</strong></span> <span class='ocrx_word' id='word_1_85' title='bbox 1729 1394 2077 1460; x_wconf 89' lang='lat' dir='ltr'><strong>lectionem</strong></span> <span class='ocrx_word' id='word_1_86' title='bbox 2097 1392 2336 1460; x_wconf 90' lang='lat' dir='ltr'><strong>habere</strong></span> <span class='ocrx_word' id='word_1_87' title='bbox 2359 1392 2568 1476; x_wconf 89' lang='lat' dir='ltr'><strong>debet,</strong></span> 
     </span>
     <span class='ocr_line' id='line_1_12' title="bbox 279 1492 2568 1590; baseline -0.002 -21"><span class='ocrx_word' id='word_1_88' title='bbox 279 1501 585 1569; x_wconf 85' lang='lat' dir='ltr'><strong>eximitur</strong></span> <span class='ocrx_word' id='word_1_89' title='bbox 612 1502 694 1567; x_wconf 91' lang='lat' dir='ltr'><strong>ab</strong></span> <span class='ocrx_word' id='word_1_90' title='bbox 722 1500 1115 1590; x_wconf 76' lang='lat' dir='ltr'><strong>obligatione</strong></span> <span class='ocrx_word' id='word_1_91' title='bbox 1152 1492 1490 1567; x_wconf 86' lang='lat' dir='ltr'><strong>assistendi</strong></span> <span class='ocrx_word' id='word_1_92' title='bbox 1521 1500 1718 1568; x_wconf 89' lang='lat' dir='ltr'><strong>choro</strong></span> <span class='ocrx_word' id='word_1_93' title='bbox 1755 1520 1872 1590; x_wconf 90' lang='lat' dir='ltr'><strong>per</strong></span> <span class='ocrx_word' id='word_1_94' title='bbox 1898 1505 2105 1567; x_wconf 90' lang='lat' dir='ltr'><strong>totum</strong></span> <span class='ocrx_word' id='word_1_95' title='bbox 2137 1499 2311 1566; x_wconf 90' lang='lat' dir='ltr'><strong>diem</strong></span> <span class='ocrx_word' id='word_1_96' title='bbox 2350 1498 2568 1566; x_wconf 90' lang='lat' dir='ltr'><strong>illum.</strong></span> 
     </span>
     <span class='ocr_line' id='line_1_13' title="bbox 277 1605 2571 1698; baseline -0 -25"><span class='ocrx_word' id='word_1_97' title='bbox 277 1605 465 1686; x_wconf 83' lang='lat' dir='ltr'><strong>Quod</strong></span> <span class='ocrx_word' id='word_1_98' title='bbox 514 1605 665 1673; x_wconf 91' lang='lat' dir='ltr'><strong>licet</strong></span> <span class='ocrx_word' id='word_1_99' title='bbox 708 1609 866 1674; x_wconf 90' lang='lat' dir='ltr'><strong>olim</strong></span> <span class='ocrx_word' id='word_1_100' title='bbox 915 1609 986 1675; x_wconf 92' lang='lat' dir='ltr'><strong>in</strong></span> <span class='ocrx_word' id='word_1_101' title='bbox 1023 1607 1458 1675; x_wconf 75' lang='lat' dir='ltr'><strong>controversia</strong></span> <span class='ocrx_word' id='word_1_102' title='bbox 1491 1607 1776 1698; x_wconf 89' lang='lat' dir='ltr'><strong>positum</strong></span> <span class='ocrx_word' id='word_1_103' title='bbox 1825 1606 2047 1692; x_wconf 85' lang='lat' dir='ltr'><strong>fuerit,</strong></span> <span class='ocrx_word' id='word_1_104' title='bbox 2087 1626 2266 1673; x_wconf 90' lang='lat' dir='ltr'><strong>nunc</strong></span> <span class='ocrx_word' id='word_1_105' title='bbox 2294 1605 2571 1672; x_wconf 88' lang='lat' dir='ltr'><strong>omnino</strong></span> 
     </span>
     <span class='ocr_line' id='line_1_14' title="bbox 276 1711 2569 1803; baseline -0.001 -22"><span class='ocrx_word' id='word_1_106' title='bbox 276 1718 525 1781; x_wconf 88' lang='lat' dir='ltr'><strong>certum</strong></span> <span class='ocrx_word' id='word_1_107' title='bbox 549 1719 644 1780; x_wconf 86' lang='lat' dir='ltr'><strong>est</strong></span> <span class='ocrx_word' id='word_1_108' title='bbox 670 1714 754 1781; x_wconf 93' lang='lat' dir='ltr'><strong>ob</strong></span> <span class='ocrx_word' id='word_1_109' title='bbox 785 1714 1269 1782; x_wconf 85' lang='lat' dir='ltr'><strong>concessionem</strong></span> <span class='ocrx_word' id='word_1_110' title='bbox 1296 1712 1595 1803; x_wconf 86' lang='lat' dir='ltr'><strong>Gregorii</strong></span> <span class='ocrx_word' id='word_1_111' title='bbox 1615 1711 1786 1781; x_wconf 89' lang='lat' dir='ltr'><strong>Xlll.</strong></span> <span class='ocrx_word' id='word_1_112' title='bbox 1816 1711 1898 1780; x_wconf 89' lang='lat' dir='ltr'><strong>Et</strong></span> <span class='ocrx_word' id='word_1_113' title='bbox 1927 1718 2180 1780; x_wconf 89' lang='lat' dir='ltr'><strong>certum</strong></span> <span class='ocrx_word' id='word_1_114' title='bbox 2204 1716 2297 1779; x_wconf 91' lang='lat' dir='ltr'><strong>est</strong></span> <span class='ocrx_word' id='word_1_115' title='bbox 2325 1711 2569 1800; x_wconf 86' lang='lat' dir='ltr'><strong>pariter</strong></span> 
     </span>
     <span class='ocr_line' id='line_1_15' title="bbox 281 1815 2570 1909; baseline -0 -24"><span class='ocrx_word' id='word_1_116' title='bbox 281 1820 498 1908; x_wconf 91' lang='lat' dir='ltr'><strong>ipsum</strong></span> <span class='ocrx_word' id='word_1_117' title='bbox 521 1821 635 1888; x_wconf 87' lang='lat' dir='ltr'><strong>illo</strong></span> <span class='ocrx_word' id='word_1_118' title='bbox 654 1820 764 1893; x_wconf 83' lang='lat' dir='ltr'><strong>die</strong></span> <span class='ocrx_word' id='word_1_119' title='bbox 787 1820 1030 1888; x_wconf 88' lang='lat' dir='ltr'><strong>lucrari</strong></span> <span class='ocrx_word' id='word_1_120' title='bbox 1055 1843 1187 1888; x_wconf 92' lang='lat' dir='ltr'><strong>non</strong></span> <span class='ocrx_word' id='word_1_121' title='bbox 1233 1826 1491 1889; x_wconf 88' lang='lat' dir='ltr'><strong>tantum</strong></span> <span class='ocrx_word' id='word_1_122' title='bbox 1540 1821 1790 1888; x_wconf 81' lang='lat' dir='ltr'><strong>fructus</strong></span> <span class='ocrx_word' id='word_1_123' title='bbox 1815 1819 2200 1909; x_wconf 81' lang='lat' dir='ltr'><strong>praebendae,</strong></span> <span class='ocrx_word' id='word_1_124' title='bbox 2233 1819 2342 1886; x_wconf 88' lang='lat' dir='ltr'><strong>sed</strong></span> <span class='ocrx_word' id='word_1_125' title='bbox 2371 1815 2570 1885; x_wconf 83' lang='lat' dir='ltr'><strong>etiam</strong></span> 
     </span>
     <span class='ocr_line' id='line_1_16' title="bbox 278 1925 2575 2017; baseline -0.001 -25"><span class='ocrx_word' id='word_1_126' title='bbox 278 1925 775 1995; x_wconf 83' lang='lat' dir='ltr'><strong>distributiones</strong></span> <span class='ocrx_word' id='word_1_127' title='bbox 800 1927 1210 2017; x_wconf 89' lang='lat' dir='ltr'><strong>quotidianas</strong></span> <span class='ocrx_word' id='word_1_128' title='bbox 1230 1933 1292 1993; x_wconf 90' lang='lat' dir='ltr'><strong>et</strong></span> <span class='ocrx_word' id='word_1_129' title='bbox 1315 1927 1439 1993; x_wconf 90' lang='lat' dir='ltr'><strong>alia</strong></span> <span class='ocrx_word' id='word_1_130' title='bbox 1468 1927 1905 1994; x_wconf 90' lang='lat' dir='ltr'><strong>emolumenta</strong></span> <span class='ocrx_word' id='word_1_131' title='bbox 1924 1944 2068 2016; x_wconf 80' lang='lat' dir='ltr'><strong>quae</strong></span> <span class='ocrx_word' id='word_1_132' title='bbox 2092 1926 2217 2016; x_wconf 86' lang='lat' dir='ltr'><strong>ipsi</strong></span> <span class='ocrx_word' id='word_1_133' title='bbox 2240 1925 2575 1992; x_wconf 77' lang='lat' dir='ltr'><strong>evenirent</strong></span> 
     </span>
     <span class='ocr_line' id='line_1_17' title="bbox 274 2029 2575 2123; baseline -0.001 -23"><span class='ocrx_word' id='word_1_134' title='bbox 274 2032 326 2100; x_wconf 91' lang='lat' dir='ltr'><strong>si</strong></span> <span class='ocrx_word' id='word_1_135' title='bbox 356 2055 643 2121; x_wconf 78' lang='lat' dir='ltr'><strong>praesens</strong></span> <span class='ocrx_word' id='word_1_136' title='bbox 689 2039 872 2102; x_wconf 89' lang='lat' dir='ltr'><strong>esset.</strong></span> <span class='ocrx_word' id='word_1_137' title='bbox 913 2032 1104 2123; x_wconf 88' lang='lat' dir='ltr'><strong>(Vide</strong></span> <span class='ocrx_word' id='word_1_138' title='bbox 1142 2032 1312 2099; x_wconf 90' lang='lat' dir='ltr'><strong>inter</strong></span> <span class='ocrx_word' id='word_1_139' title='bbox 1351 2032 1478 2099; x_wconf 87' lang='lat' dir='ltr'><strong>alia</strong></span> <span class='ocrx_word' id='word_1_140' title='bbox 1519 2033 1909 2100; x_wconf 86' lang='lat' dir='ltr'><strong>decisionem</strong></span> <span class='ocrx_word' id='word_1_141' title='bbox 1937 2031 2003 2100; x_wconf 89' lang='lat' dir='ltr'><strong>S.</strong></span> <span class='ocrx_word' id='word_1_142' title='bbox 2043 2029 2575 2120; x_wconf 88' lang='lat' dir='ltr'><strong>Congregationis</strong></span> 
     </span>
     <span class='ocr_line' id='line_1_18' title="bbox 271 2134 1557 2227; baseline 0 -23"><span class='ocrx_word' id='word_1_143' title='bbox 271 2134 581 2220; x_wconf 89' lang='lat' dir='ltr'><strong>Rituum,</strong></span> <span class='ocrx_word' id='word_1_144' title='bbox 615 2139 790 2227; x_wconf 89' lang='lat' dir='ltr'><strong>apud</strong></span> <span class='ocrx_word' id='word_1_145' title='bbox 809 2137 1195 2220; x_wconf 87' lang='lat' dir='ltr'><strong>Gardellini‚</strong></span> <span class='ocrx_word' id='word_1_146' title='bbox 1223 2148 1295 2204; x_wconf 88' lang='lat' dir='ltr'><strong>n⁰</strong></span> <span class='ocrx_word' id='word_1_147' title='bbox 1324 2137 1557 2227; x_wconf 76' lang='lat'><strong>3448.)</strong></span> 
     </span>
    </p>

    <p class='ocr_par' dir='ltr' id='par_1_6' title="bbox 271 2240 2581 2754">
     <span class='ocr_line' id='line_1_19' title="bbox 368 2240 2579 2328; baseline -0.002 -20"><span class='ocrx_word' id='word_1_148' title='bbox 368 2241 554 2309; x_wconf 81' lang='lat' dir='ltr'><strong>Vm.</strong></span> <span class='ocrx_word' id='word_1_149' title='bbox 617 2243 836 2308; x_wconf 89' lang='lat' dir='ltr'><strong>Etiam</strong></span> <span class='ocrx_word' id='word_1_150' title='bbox 889 2243 1119 2308; x_wconf 86' lang='lat' dir='ltr'><strong>diebus</strong></span> <span class='ocrx_word' id='word_1_151' title='bbox 1161 2243 1405 2308; x_wconf 73' lang='lat' dir='ltr'><strong>festivis</strong></span> <span class='ocrx_word' id='word_1_152' title='bbox 1465 2241 1713 2328; x_wconf 89' lang='lat' dir='ltr'><strong>quibus</strong></span> <span class='ocrx_word' id='word_1_153' title='bbox 1767 2261 1902 2306; x_wconf 89' lang='lat' dir='ltr'><strong>non</strong></span> <span class='ocrx_word' id='word_1_154' title='bbox 1954 2242 2153 2307; x_wconf 89' lang='lat' dir='ltr'><strong>habet</strong></span> <span class='ocrx_word' id='word_1_155' title='bbox 2207 2240 2579 2325; x_wconf 84' lang='lat' dir='ltr'><strong>lectionem,</strong></span> 
     </span>
     <span class='ocr_line' id='line_1_20' title="bbox 271 2343 2581 2436; baseline 0.001 -26"><span class='ocrx_word' id='word_1_156' title='bbox 271 2365 599 2411; x_wconf 83' lang='lat' dir='ltr'><strong>excusare</strong></span> <span class='ocrx_word' id='word_1_157' title='bbox 651 2367 719 2412; x_wconf 90' lang='lat' dir='ltr'><strong>se</strong></span> <span class='ocrx_word' id='word_1_158' title='bbox 758 2350 964 2436; x_wconf 89' lang='lat' dir='ltr'><strong>potest</strong></span> <span class='ocrx_word' id='word_1_159' title='bbox 1007 2368 1044 2412; x_wconf 97' lang='lat' dir='ltr'><strong>a</strong></span> <span class='ocrx_word' id='word_1_160' title='bbox 1085 2346 1341 2413; x_wconf 83' lang='lat' dir='ltr'><strong>servitio</strong></span> <span class='ocrx_word' id='word_1_161' title='bbox 1391 2352 1452 2412; x_wconf 90' lang='lat' dir='ltr'><strong>et</strong></span> <span class='ocrx_word' id='word_1_162' title='bbox 1500 2343 1853 2412; x_wconf 81' lang='lat' dir='ltr'><strong>assistentia</strong></span> <span class='ocrx_word' id='word_1_163' title='bbox 1906 2347 1976 2413; x_wconf 91' lang='lat' dir='ltr'><strong>in</strong></span> <span class='ocrx_word' id='word_1_164' title='bbox 2019 2346 2241 2429; x_wconf 88' lang='lat' dir='ltr'><strong>chor0,</strong></span> <span class='ocrx_word' id='word_1_165' title='bbox 2279 2367 2350 2412; x_wconf 87' lang='lat' dir='ltr'><strong>ex</strong></span> <span class='ocrx_word' id='word_1_166' title='bbox 2388 2364 2581 2412; x_wconf 85' lang='lat' dir='ltr'><strong>causa</strong></span> 
     </span>
     <span class='ocr_line' id='line_1_21' title="bbox 271 2449 2576 2543; baseline 0 -25"><span class='ocrx_word' id='word_1_167' title='bbox 271 2449 512 2518; x_wconf 87' lang='lat' dir='ltr'><strong>studii.</strong></span> <span class='ocrx_word' id='word_1_168' title='bbox 554 2449 637 2517; x_wconf 89' lang='lat' dir='ltr'><strong>Et</strong></span> <span class='ocrx_word' id='word_1_169' title='bbox 683 2455 840 2518; x_wconf 88' lang='lat' dir='ltr'><strong>tunc</strong></span> <span class='ocrx_word' id='word_1_170' title='bbox 869 2451 1135 2541; x_wconf 85' lang='lat' dir='ltr'><strong>quidem</strong></span> <span class='ocrx_word' id='word_1_171' title='bbox 1191 2451 1480 2519; x_wconf 87' lang='lat' dir='ltr'><strong>lucratur</strong></span> <span class='ocrx_word' id='word_1_172' title='bbox 1522 2452 1770 2519; x_wconf 82' lang='lat' dir='ltr'><strong>fructus</strong></span> <span class='ocrx_word' id='word_1_173' title='bbox 1817 2452 2203 2543; x_wconf 84' lang='lat' dir='ltr'><strong>praebendae‚</strong></span> <span class='ocrx_word' id='word_1_174' title='bbox 2251 2474 2387 2521; x_wconf 91' lang='lat' dir='ltr'><strong>non</strong></span> <span class='ocrx_word' id='word_1_175' title='bbox 2427 2470 2576 2518; x_wconf 91' lang='lat' dir='ltr'><strong>vero</strong></span> 
     </span>
     <span class='ocr_line' id='line_1_22' title="bbox 274 2555 2569 2651; baseline -0 -27"><span class='ocrx_word' id='word_1_176' title='bbox 274 2555 772 2624; x_wconf 87' lang='lat' dir='ltr'><strong>distributiones</strong></span> <span class='ocrx_word' id='word_1_177' title='bbox 825 2557 1232 2646; x_wconf 89' lang='lat' dir='ltr'><strong>quotidianas</strong></span> <span class='ocrx_word' id='word_1_178' title='bbox 1293 2556 1485 2648; x_wconf 88' lang='lat' dir='ltr'><strong>(quod</strong></span> <span class='ocrx_word' id='word_1_179' title='bbox 1536 2557 1683 2625; x_wconf 88' lang='lat' dir='ltr'><strong>vide</strong></span> <span class='ocrx_word' id='word_1_180' title='bbox 1737 2560 2095 2649; x_wconf 90' lang='lat' dir='ltr'><strong>expositum</strong></span> <span class='ocrx_word' id='word_1_181' title='bbox 2147 2560 2322 2651; x_wconf 90' lang='lat' dir='ltr'><strong>apud</strong></span> <span class='ocrx_word' id='word_1_182' title='bbox 2378 2556 2569 2625; x_wconf 89' lang='lat' dir='ltr'><strong>Card.</strong></span> 
     </span>
     <span class='ocr_line' id='line_1_23' title="bbox 277 2660 1181 2754; baseline 0.004 -26"><span class='ocrx_word' id='word_1_183' title='bbox 277 2660 496 2747; x_wconf 88' lang='lat' dir='ltr'><strong>Petra,</strong></span> <span class='ocrx_word' id='word_1_184' title='bbox 525 2662 667 2730; x_wconf 92' lang='lat' dir='ltr'><strong>loco</strong></span> <span class='ocrx_word' id='word_1_185' title='bbox 690 2664 904 2749; x_wconf 86' lang='lat' dir='ltr'><strong>citat0,</strong></span> <span class='ocrx_word' id='word_1_186' title='bbox 939 2685 1008 2731; x_wconf 90' lang='lat' dir='ltr'><strong>n.</strong></span> <span class='ocrx_word' id='word_1_187' title='bbox 1046 2664 1181 2754; x_wconf 83' lang='lat'><strong>57).</strong></span> 
     </span>
    </p>

    <p class='ocr_par' dir='ltr' id='par_1_7' title="bbox 285 2765 2582 3068">
     <span class='ocr_line' id='line_1_24' title="bbox 375 2765 2577 2861; baseline 0.001 -28"><span class='ocrx_word' id='word_1_188' title='bbox 375 2765 486 2833; x_wconf 90' lang='lat' dir='ltr'><strong>lX.</strong></span> <span class='ocrx_word' id='word_1_189' title='bbox 524 2765 752 2836; x_wconf 90' lang='lat' dir='ltr'><strong>Videri</strong></span> <span class='ocrx_word' id='word_1_190' title='bbox 790 2770 984 2837; x_wconf 88' lang='lat' dir='ltr'><strong>etiam</strong></span> <span class='ocrx_word' id='word_1_191' title='bbox 1032 2775 1238 2860; x_wconf 90' lang='lat' dir='ltr'><strong>potest</strong></span> <span class='ocrx_word' id='word_1_192' title='bbox 1262 2771 1657 2861; x_wconf 89' lang='lat' dir='ltr'><strong>descriptum</strong></span> <span class='ocrx_word' id='word_1_193' title='bbox 1688 2770 2068 2858; x_wconf 88' lang='lat' dir='ltr'><strong>theologalis</strong></span> <span class='ocrx_word' id='word_1_194' title='bbox 2102 2771 2402 2837; x_wconf 90' lang='lat' dir='ltr'><strong>canonici</strong></span> <span class='ocrx_word' id='word_1_195' title='bbox 2432 2790 2577 2836; x_wconf 90' lang='lat' dir='ltr'><strong>mu·</strong></span> 
     </span>
     <span class='ocr_line' id='line_1_25' title="bbox 285 2870 2582 2944; baseline 0.001 -7"><span class='ocrx_word' id='word_1_196' title='bbox 285 2891 410 2937; x_wconf 90' lang='lat' dir='ltr'><strong>nus</strong></span> <span class='ocrx_word' id='word_1_197' title='bbox 458 2893 494 2938; x_wconf 91' lang='lat' dir='ltr'><strong>a</strong></span> <span class='ocrx_word' id='word_1_198' title='bbox 538 2870 883 2941; x_wconf 90' lang='lat' dir='ltr'><strong>Benedicto</strong></span> <span class='ocrx_word' id='word_1_199' title='bbox 909 2874 1065 2944; x_wconf 93' lang='lat' dir='ltr'><strong>XlV</strong></span> <span class='ocrx_word' id='word_1_200' title='bbox 1103 2876 1172 2942; x_wconf 91' lang='lat' dir='ltr'><strong>in</strong></span> <span class='ocrx_word' id='word_1_201' title='bbox 1215 2897 1332 2943; x_wconf 90' lang='lat' dir='ltr'><strong>suo</strong></span> <span class='ocrx_word' id='word_1_202' title='bbox 1371 2876 1543 2943; x_wconf 91' lang='lat' dir='ltr'><strong>libro</strong></span> <span class='ocrx_word' id='word_1_203' title='bbox 1572 2875 2086 2941; x_wconf 81' lang='lat' dir='ltr'><strong>Institutionum</strong></span> <span class='ocrx_word' id='word_1_204' title='bbox 2117 2872 2582 2940; x_wconf 82' lang='lat' dir='ltr'><strong>ecclesiastica-</strong></span> 
     </span>
     <span class='ocr_line' id='line_1_26' title="bbox 288 2978 1028 3068; baseline 0.005 -27"><span class='ocrx_word' id='word_1_205' title='bbox 288 2998 438 3042; x_wconf 81' lang='lat' dir='ltr'><strong>rum</strong></span> <span class='ocrx_word' id='word_1_206' title='bbox 469 2978 644 3066; x_wconf 88' lang='lat' dir='ltr'><strong>(inst.</strong></span> <span class='ocrx_word' id='word_1_207' title='bbox 675 2978 791 3058; x_wconf 78' lang='lat'><strong>57;</strong></span> <span class='ocrx_word' id='word_1_208' title='bbox 833 3002 901 3047; x_wconf 89' lang='lat' dir='ltr'><strong>n.</strong></span> <span class='ocrx_word' id='word_1_209' title='bbox 935 2979 1028 3068; x_wconf 86' lang='lat'><strong>7).</strong></span> 
     </span>
    </p>
   </div>
   <div class='ocr_carea' id='block_1_3' title="bbox 1373 3154 1489 3233">
    <p class='ocr_par' dir='ltr' id='par_1_8' title="bbox 1373 3154 1489 3233">
     <span class='ocr_line' id='line_1_27' title="bbox 1373 3154 1489 3233; baseline 0 -20"><span class='ocrx_word' id='word_1_210' title='bbox 1373 3154 1489 3233; x_wconf 78' lang='lat'><strong>§8</strong></span> 
     </span>
    </p>
   </div>
   <div class='ocr_carea' id='block_1_4' title="bbox 296 3341 2579 3480">
    <p class='ocr_par' dir='ltr' id='par_1_9' title="bbox 296 3341 2579 3480">
     <span class='ocr_line' id='line_1_28' title="bbox 296 3341 2579 3392; baseline -0.003 -7"><span class='ocrx_word' id='word_1_211' title='bbox 296 3345 365 3386; x_wconf 77' lang='lat' dir='ltr'><strong>AN</strong></span> <span class='ocrx_word' id='word_1_212' title='bbox 386 3346 643 3386; x_wconf 80' lang='lat' dir='ltr'>CANONICI</span> <span class='ocrx_word' id='word_1_213' title='bbox 669 3345 889 3392; x_wconf 86' lang='lat' dir='ltr'><strong>ALIIQUE</strong></span> <span class='ocrx_word' id='word_1_214' title='bbox 913 3344 1119 3383; x_wconf 83' lang='lat' dir='ltr'>CLERICI</span> <span class='ocrx_word' id='word_1_215' title='bbox 1139 3345 1209 3383; x_wconf 87' lang='lat' dir='ltr'><strong>AB</strong></span> <span class='ocrx_word' id='word_1_216' title='bbox 1236 3343 1481 3382; x_wconf 86' lang='lat' dir='ltr'>EPISCOPO</span> <span class='ocrx_word' id='word_1_217' title='bbox 1506 3343 1627 3384; x_wconf 90' lang='lat' dir='ltr'>COGI</span> <span class='ocrx_word' id='word_1_218' title='bbox 1652 3343 1866 3382; x_wconf 85' lang='lat' dir='ltr'>POSSINT</span> <span class='ocrx_word' id='word_1_219' title='bbox 1891 3343 1957 3382; x_wconf 73' lang='grc' dir='ltr'><strong>ῙΣΤ</strong></span> <span class='ocrx_word' id='word_1_220' title='bbox 1980 3342 2224 3382; x_wconf 89' lang='lat' dir='ltr'><strong>LECTIONI</strong></span> <span class='ocrx_word' id='word_1_221' title='bbox 2247 3341 2579 3382; x_wconf 77' lang='lat' dir='ltr'><strong>THEOLOGALI</strong></span> 
     </span>
     <span class='ocr_line' id='line_1_29' title="bbox 1301 3442 1584 3480; baseline -0.004 0"><span class='ocrx_word' id='word_1_222' title='bbox 1301 3442 1584 3480; x_wconf 83' lang='lat' dir='ltr'>INTERSINT</span> 
     </span>
    </p>
   </div>
   <div class='ocr_carea' id='block_1_5' title="bbox 301 3618 2586 4467">
    <p class='ocr_par' dir='ltr' id='par_1_10' title="bbox 301 3618 2584 4364">
     <span class='ocr_line' id='line_1_30' title="bbox 377 3618 2582 3715; baseline -0.008 -15"><span class='ocrx_word' id='word_1_223' title='bbox 377 3631 583 3701; x_wconf 86' lang='lat' dir='ltr'><strong>Valde</strong></span> <span class='ocrx_word' id='word_1_224' title='bbox 610 3630 980 3697; x_wconf 86' lang='lat' dir='ltr'><strong>intricatam</strong></span> <span class='ocrx_word' id='word_1_225' title='bbox 1011 3629 1434 3715; x_wconf 81' lang='lat' dir='ltr'><strong>qu&#39;aestionem</strong></span> <span class='ocrx_word' id='word_1_226' title='bbox 1467 3628 1650 3694; x_wconf 86' lang='lat' dir='ltr'><strong>illam</strong></span> <span class='ocrx_word' id='word_1_227' title='bbox 1683 3626 2065 3693; x_wconf 83' lang='lat' dir='ltr'><strong>dilucidavit</strong></span> <span class='ocrx_word' id='word_1_228' title='bbox 2102 3629 2294 3707; x_wconf 89' lang='lat' dir='ltr'><strong>atque</strong></span> <span class='ocrx_word' id='word_1_229' title='bbox 2322 3618 2582 3705; x_wconf 87' lang='lat' dir='ltr'><strong>penitus</strong></span> 
     </span>
     <span class='ocr_line' id='line_1_31' title="bbox 301 3721 2582 3806; baseline -0.007 0"><span class='ocrx_word' id='word_1_230' title='bbox 301 3738 593 3806; x_wconf 81' lang='lat' dir='ltr'><strong>enodavit</strong></span> <span class='ocrx_word' id='word_1_231' title='bbox 637 3734 1040 3804; x_wconf 89' lang='lat' dir='ltr'><strong>clarissimus</strong></span> <span class='ocrx_word' id='word_1_232' title='bbox 1097 3732 1442 3798; x_wconf 89' lang='lat' dir='ltr'><strong>cardinalis</strong></span> <span class='ocrx_word' id='word_1_233' title='bbox 1485 3731 1673 3796; x_wconf 88' lang='lat' dir='ltr'><strong>Petra</strong></span> <span class='ocrx_word' id='word_1_234' title='bbox 1708 3729 1779 3793; x_wconf 89' lang='lat' dir='ltr'><strong>in</strong></span> <span class='ocrx_word' id='word_1_235' title='bbox 1832 3750 1950 3793; x_wconf 91' lang='lat' dir='ltr'><strong>suo</strong></span> <span class='ocrx_word' id='word_1_236' title='bbox 1998 3723 2468 3793; x_wconf 89' lang='lat' dir='ltr'><strong>commentario</strong></span> <span class='ocrx_word' id='word_1_237' title='bbox 2512 3721 2582 3789; x_wconf 92' lang='lat' dir='ltr'><strong>in</strong></span> 
     </span>
     <span class='ocr_line' id='line_1_32' title="bbox 303 3827 2584 3926; baseline -0.006 -16"><span class='ocrx_word' id='word_1_238' title='bbox 303 3841 546 3912; x_wconf 87' lang='lat' dir='ltr'><strong>bullam</strong></span> <span class='ocrx_word' id='word_1_239' title='bbox 592 3840 954 3910; x_wconf 90' lang='lat' dir='ltr'><strong>Innocentii</strong></span> <span class='ocrx_word' id='word_1_240' title='bbox 983 3837 1074 3908; x_wconf 94' lang='lat' dir='ltr'><strong>Vl</strong></span> <span class='ocrx_word' id='word_1_241' title='bbox 1115 3858 1261 3926; x_wconf 85' lang='lat' dir='ltr'><strong>quae</strong></span> <span class='ocrx_word' id='word_1_242' title='bbox 1313 3835 1545 3924; x_wconf 87' lang='lat' dir='ltr'><strong>incipit</strong></span> <span class='ocrx_word' id='word_1_243' title='bbox 1596 3831 1809 3916; x_wconf 83' lang='lat' dir='ltr'><strong>Quasi</strong></span> <span class='ocrx_word' id='word_1_244' title='bbox 1855 3830 1948 3921; x_wconf 81' lang='lat' dir='ltr'><strong>(n⁰</strong></span> <span class='ocrx_word' id='word_1_245' title='bbox 1976 3830 2088 3915; x_wconf 77' lang='lat'><strong>62,</strong></span> <span class='ocrx_word' id='word_1_246' title='bbox 2136 3836 2309 3898; x_wconf 91' lang='lat' dir='ltr'><strong>tomo</strong></span> <span class='ocrx_word' id='word_1_247' title='bbox 2334 3828 2471 3921; x_wconf 89' lang='lat' dir='ltr'><strong>IV).</strong></span> <span class='ocrx_word' id='word_1_248' title='bbox 2500 3827 2584 3897; x_wconf 90' lang='lat' dir='ltr'><strong>Et</strong></span> 
     </span>
     <span class='ocr_line' id='line_1_33' title="bbox 306 3933 2582 4038; baseline -0.005 -22"><span class='ocrx_word' id='word_1_249' title='bbox 306 3970 448 4018; x_wconf 89' lang='lat' dir='ltr'><strong>cum</strong></span> <span class='ocrx_word' id='word_1_250' title='bbox 474 3950 636 4017; x_wconf 90' lang='lat' dir='ltr'><strong>huic</strong></span> <span class='ocrx_word' id='word_1_251' title='bbox 661 3946 999 4038; x_wconf 84' lang='lat' dir='ltr'><strong>quaestioni</strong></span> <span class='ocrx_word' id='word_1_252' title='bbox 1018 3946 1231 4013; x_wconf 86' lang='lat' dir='ltr'><strong>affinis</strong></span> <span class='ocrx_word' id='word_1_253' title='bbox 1258 3944 1531 4013; x_wconf 90' lang='lat' dir='ltr'><strong>omnino</strong></span> <span class='ocrx_word' id='word_1_254' title='bbox 1559 3933 1641 4010; x_wconf 85' lang='lat' dir='ltr'><strong>sit</strong></span> <span class='ocrx_word' id='word_1_255' title='bbox 1664 3941 1816 4020; x_wconf 90' lang='lat' dir='ltr'><strong>alia,</strong></span> <span class='ocrx_word' id='word_1_256' title='bbox 1846 3961 1930 4007; x_wconf 91' lang='lat' dir='ltr'><strong>an</strong></span> <span class='ocrx_word' id='word_1_257' title='bbox 1968 3961 2198 4030; x_wconf 90' lang='lat' dir='ltr'><strong>nempe</strong></span> <span class='ocrx_word' id='word_1_258' title='bbox 2226 3937 2582 4029; x_wconf 87' lang='lat' dir='ltr'><strong>Episcopus</strong></span> 
     </span>
     <span class='ocr_line' id='line_1_34' title="bbox 313 4046 2580 4143; baseline -0.005 -19"><span class='ocrx_word' id='word_1_259' title='bbox 313 4057 502 4143; x_wconf 88' lang='lat' dir='ltr'><strong>possit</strong></span> <span class='ocrx_word' id='word_1_260' title='bbox 527 4077 755 4123; x_wconf 90' lang='lat' dir='ltr'><strong>omnes</strong></span> <span class='ocrx_word' id='word_1_261' title='bbox 781 4053 1134 4122; x_wconf 86' lang='lat' dir='ltr'><strong>sacerdotes</strong></span> <span class='ocrx_word' id='word_1_262' title='bbox 1172 4074 1397 4142; x_wconf 91' lang='lat' dir='ltr'><strong>cogere</strong></span> <span class='ocrx_word' id='word_1_263' title='bbox 1428 4057 1503 4117; x_wconf 89' lang='lat' dir='ltr'><strong>ut</strong></span> <span class='ocrx_word' id='word_1_264' title='bbox 1543 4046 1844 4117; x_wconf 88' lang='lat' dir='ltr'><strong>intersint</strong></span> <span class='ocrx_word' id='word_1_265' title='bbox 1870 4046 2276 4114; x_wconf 81' lang='lat' dir='ltr'><strong>conferentiae</strong></span> <span class='ocrx_word' id='word_1_266' title='bbox 2306 4065 2580 4113; x_wconf 90' lang='lat' dir='ltr'><strong>casuum</strong></span> 
     </span>
     <span class='ocr_line' id='line_1_35' title="bbox 308 4149 2583 4249; baseline -0.006 -20"><span class='ocrx_word' id='word_1_267' title='bbox 308 4162 737 4242; x_wconf 88' lang='lat' dir='ltr'><strong>conscientiae,</strong></span> <span class='ocrx_word' id='word_1_268' title='bbox 790 4166 1131 4249; x_wconf 88' lang='lat' dir='ltr'><strong>utramque</strong></span> <span class='ocrx_word' id='word_1_269' title='bbox 1183 4158 1382 4227; x_wconf 91' lang='lat' dir='ltr'><strong>simul</strong></span> <span class='ocrx_word' id='word_1_270' title='bbox 1432 4155 1699 4224; x_wconf 88' lang='lat' dir='ltr'><strong>discutit</strong></span> <span class='ocrx_word' id='word_1_271' title='bbox 1750 4154 2043 4223; x_wconf 88' lang='lat' dir='ltr'><strong>laudatus</strong></span> <span class='ocrx_word' id='word_1_272' title='bbox 2093 4149 2342 4239; x_wconf 85' lang='lat' dir='ltr'><strong>auctor,</strong></span> <span class='ocrx_word' id='word_1_273' title='bbox 2395 4152 2583 4237; x_wconf 86' lang='lat' dir='ltr'><strong>cujus</strong></span> 
     </span>
     <span class='ocr_line' id='line_1_36' title="bbox 308 4262 2580 4364; baseline -0.002 -30"><span class='ocrx_word' id='word_1_274' title='bbox 308 4266 665 4337; x_wconf 87' lang='lat' dir='ltr'><strong>doctrinam</strong></span> <span class='ocrx_word' id='word_1_275' title='bbox 688 4267 1072 4336; x_wconf 88' lang='lat' dir='ltr'><strong>summatim</strong></span> <span class='ocrx_word' id='word_1_276' title='bbox 1108 4266 1219 4333; x_wconf 88' lang='lat' dir='ltr'><strong>hic</strong></span> <span class='ocrx_word' id='word_1_277' title='bbox 1242 4263 1686 4354; x_wconf 87' lang='lat' dir='ltr'><strong>exponendam</strong></span> <span class='ocrx_word' id='word_1_278' title='bbox 1718 4262 2046 4331; x_wconf 76' lang='lat' dir='ltr'><strong>duximus,</strong></span> <span class='ocrx_word' id='word_1_279' title='bbox 2451 4351 2465 4364; x_wconf 94' lang='lat'><strong>.</strong></span> <span class='ocrx_word' id='word_1_280' title='bbox 2565 4347 2580 4361; x_wconf 91' lang='lat'><strong>.</strong></span> 
     </span>
    </p>

    <p class='ocr_par' dir='ltr' id='par_1_11' title="bbox 399 4357 2586 4467">
     <span class='ocr_line' id='line_1_37' title="bbox 399 4357 2586 4467; baseline -0.011 -24"><span class='ocrx_word' id='word_1_281' title='bbox 399 4377 462 4443; x_wconf 79' lang='lat'><strong>1⁰</strong></span> <span class='ocrx_word' id='word_1_282' title='bbox 487 4375 646 4466; x_wconf 84' lang='lat' dir='ltr'><strong>Cogi</strong></span> <span class='ocrx_word' id='word_1_283' title='bbox 671 4396 854 4467; x_wconf 90' lang='lat' dir='ltr'><strong>posse</strong></span> <span class='ocrx_word' id='word_1_284' title='bbox 876 4374 959 4441; x_wconf 90' lang='lat' dir='ltr'><strong>ab</strong></span> <span class='ocrx_word' id='word_1_285' title='bbox 972 4371 1289 4464; x_wconf 88' lang='lat' dir='ltr'><strong>Episcopo</strong></span> <span class='ocrx_word' id='word_1_286' title='bbox 1313 4369 1653 4439; x_wconf 91' lang='lat' dir='ltr'><strong>canonicos</strong></span> <span class='ocrx_word' id='word_1_287' title='bbox 1671 4375 1734 4438; x_wconf 91' lang='lat' dir='ltr'><strong>et</strong></span> <span class='ocrx_word' id='word_1_288' title='bbox 1750 4370 1908 4438; x_wconf 92' lang='lat' dir='ltr'><strong>alios</strong></span> <span class='ocrx_word' id='word_1_289' title='bbox 1929 4370 2010 4437; x_wconf 90' lang='lat' dir='ltr'><strong>de</strong></span> <span class='ocrx_word' id='word_1_290' title='bbox 2034 4368 2205 4435; x_wconf 88' lang='lat' dir='ltr'><strong>clero</strong></span> <span class='ocrx_word' id='word_1_291' title='bbox 2234 4368 2311 4429; x_wconf 87' lang='lat' dir='ltr'><strong>ut</strong></span> <span class='ocrx_word' id='word_1_292' title='bbox 2325 4357 2586 4425; x_wconf 77' lang='lat' dir='ltr'><strong>lecuom</strong></span> 
     </span>
    </p>
   </div>
  </div>
 </body>
</html>
