2930 4982
1188 353 1266 399 nn
1314 353 1636 400 nnn-nus.
2440 347 2563 405 319

283 501 315 539 a
344 475 449 542 vel
476 474 1035 542 conventualibus
1063 475 1367 563 ecclesiis,
1384 487 1728 566 praeteaetu
1757 476 1973 544 missoe
1992 478 2193 544 semel
2214 475 2286 543 in
2317 475 2430 544 die
2439 497 2575 567 pro

284 606 316 645 α
345 580 804 649 anniversario
856 580 1291 667 celebranda»,
1342 605 1536 649 sacra
1595 579 1945 650 missarum
2003 582 2334 650 solemnia
2349 634 2368 666 ‚
2424 605 2576 673 quoe

286 713 321 751 α
351 688 605 755 ratione
655 686 788 755 diei
834 687 941 755 vel
986 687 1155 777 festi
1196 688 1410 755 solent
1446 687 1814 756 solemnius
1865 688 2195 769 celebrari,
2243 687 2577 782 culpabili

282 818 317 858 a
344 794 755 884 neqliqentia
773 794 1331 886 praetermittunt.
1373 796 1547 862 Cum
1580 816 1735 884 erqo
1765 793 2033 863 ecclesia
2058 794 2421 883 qallicana‚
2451 819 2574 888 per

282 923 315 964 α
342 899 468 967 Dei
492 900 794 989 qratiam
835 910 1158 990 tanquam
1184 899 1456 967 lucerna
1484 920 1683 989 super
1712 897 2192 968 candelabrum
2211 903 2430 993 posita
2469 903 2577 970 lu·

283 1030 315 1069 α
344 1017 489 1073 ceat
540 1004 701 1072 aliis
739 1028 867 1095 per
918 1006 1408 1096 eoeemplum,...
1451 1016 1783 1094 quatenus
1828 1005 2152 1086 universi,
2213 1017 2277 1073 et
2323 1005 2581 1097 sinquli

280 1136 315 1175 ι(
334 1109 627 1201 provide
658 1109 1068 1179 attendentes
1090 1109 1271 1201 quod
1291 1111 1537 1178 servire
1562 1115 1695 1179 Deo
1721 1133 2001 1201 reynare
2032 1121 2155 1199 est,
2190 1112 2465 1181 nullum
2507 1112 2581 1181 in

281 1243 317 1283 a
347 1238 465 1284 vos
506 1229 831 1306 torporem
858 1215 1273 1306 neqliqentioe
1301 1216 1604 1306 obrepere
1631 1216 2081 1307 permittatis,
2117 1217 2474 1307 quominus
2515 1229 2582 1286 et

283 1344 478 1414 «pro
502 1323 969 1391 anniversariis
1003 1324 1496 1413 defunctorum,
1530 1334 1594 1390 et
1614 1345 1744 1412 pro
1781 1325 1952 1413 festo
1983 1323 2090 1390 vel
2128 1323 2313 1413 feria
2337 1345 2579 1393 secun-

287 1455 323 1494 ι(
350 1426 515 1498 dum
538 1438 913 1517 temporum
933 1428 1476 1517 conqruentiam‚
1496 1428 1849 1495 missarum
1877 1427 2203 1495 solemnia
2222 1439 2286 1494 et
2307 1451 2582 1497 conven-

289 1561 323 1600 ι(
357 1533 632 1602 tualiter
658 1534 988 1602 celebretis·
1029 1546 1096 1601 et
1138 1533 1416 1623 faciatis
1457 1532 1984 1601 conventualiter
2025 1532 2341 1601 celebrari
2381 1533 2495 1624 (1).
2539 1558 2577 1600 ιι

287 1639 772 1731 (Institutiones
802 1640 1280 1725 ecclesiastiae,
1313 1641 1464 1706 inst.
1503 1639 1658 1719 107,
1686 1640 1726 1729 ξ
1752 1639 1848 1730 2.)
1888 1638 2268 1729 «Equidem
2300 1638 2581 1711 Ecclesia

290 1770 325 1810 a
352 1766 580 1813 curam
606 1748 1129 1835 perpetuumque
1152 1745 1442 1811 studium
1471 1744 1744 1811 ostendit
1768 1744 1846 1812 de
1876 1742 2241 1834 praestando
2269 1743 2578 1835 suffragio

292 1875 327 1917 a
358 1850 835 1934 fundatoribu5‚
862 1871 936 1918 ac
952 1849 1502 1936 benefactoribus,
1527 1849 1824 1938 quamvis
1841 1850 2239 1918 diuturnum
2268 1853 2579 1942 temporis

291 1962 631 2051 «spatium
654 1962 796 2050 jam
820 1956 1281 2041 intercesserit,
1307 1979 1428 2024 nec
1446 1957 1573 2046 ipsi
1594 1957 1663 2022 in
1687 1957 2008 2046 supremis
2039 1956 2282 2024 tabulis
2308 1959 2375 2024 id
2402 1959 2581 2047 cogi·

291 2089 326 2130 «
347 2065 645 2132 taverint.
680 2062 852 2130 Hinc
882 2060 1366 2129 cathedralibus
1389 2081 1461 2127 ac
1492 2059 1845 2146 collegiatis
1867 2060 2289 2128 conventuale
2318 2082 2580 2131 sacrum

290 2194 325 2232 «
353 2155 640 2257 quotidie
664 2169 975 2260 praecipit,
1018 2189 1092 2235 ea
1121 2168 1264 2256 lege
1290 2172 1353 2234 et
1382 2167 1757 2235 conditione
1787 2171 1860 2232 ut
1888 2167 2105 2256 ipsum
2137 2188 2252 2255 pro
2275 2167 2584 2236 benefac-
2631 2151 2640 2160 ⁸

288 2298 328 2339 «
359 2274 613 2341 toribus
634 2275 985 2361 generatim
1008 2275 1415 2342 conficiatur.
1433 2298 1469 2338 »
1489 2273 1907 2361 (Benedictus
1929 2269 2315 2354 XIV,ibid.‚
2343 2293 2411 2338 n.
2448 2271 2586 2364 15.)

374 2379 474 2447 Ex
523 2378 739 2446 relatis
794 2378 1173 2448 testimoniis
1219 2382 1308 2449 ita
1360 2378 1890 2449 concludendum
1952 2377 2244 2445 videtur:
2302 2377 2397 2446 De
2435 2384 2588 2467 jure

288 2486 634 2558 communi
670 2484 951 2577 capitula
982 2488 1361 2576 regulariter
1391 2494 1694 2556 tenentur
1721 2486 1801 2554 ad
1839 2484 2283 2574 quotidianam
2322 2485 2585 2556 missam

288 2593 783 2663 conventualem
804 2598 963 2663 'cum
980 2600 1197 2662 cantu.
1220 2594 1514 2663 Dicimus
1540 2592 1944 2684 requlariter
1963 2593 2047 2661 ob
2075 2594 2479 2684 exceptiones
2508 2616 2584 2661 ex

293 2706 662 2791 paupertate
708 2707 821 2770 aut
860 2701 1056 2770 nimis
1097 2724 1294 2792 parvo
1344 2723 1622 2770 numero
1665 2700 2135 2768 canonicorum
2187 2701 2358 2767 infra
2395 2722 2587 2789 expo-

295 2807 571 2874 nendas.

392 2905 475 2973 ll.
523 2907 634 2973 An
677 2908 1028 2996 aliquoties
1067 2921 1421 2977 teneantur
1457 2912 1767 2978 canonici
1809 2909 1904 2977 ad
1935 2910 2169 2999 plures
2214 2907 2442 2976 eadem
2482 2908 2591 2977 die

300 3010 732 3082 celebrandas
758 3012 994 3079 missas
1019 3016 1526 3081 conventuales?
1553 3055 1642 3065 —
1667 3014 1774 3082 Sic
1802 3017 1997 3083 habet
2025 3015 2408 3082 Benedictus
2437 3014 2590 3085 XIV

302 3118 798 3212 (Institutiones
820 3118 1041 3188 eccles.
1058 3169 1076 3205 ‚
1106 3119 1257 3187 inst.
1289 3120 1409 3187 107
1423 3174 1440 3207 ,
1471 3120 1600 3209 §m
1633 3142 1651 3186 ι
1690 3146 1724 3185 α
1747 3120 1982 3188 Praeter
2005 3122 2273 3188 missam
2298 3142 2590 3189 conven-

313 3249 347 3289 ι(
371 3225 612 3292 tualem
650 3222 942 3314 quotidie
971 3223 1448 3309 celebrandam,
1492 3223 1787 3291 Rubricae
1832 3226 2181 3293 secundam
2223 3249 2299 3294 ac
2336 3225 2586 3294 tertiam

319 3329 609 3418 «pariter
653 3327 920 3396 missam
969 3330 1467 3397 conventualem
1522 3329 1938 3420 praecipiunt,
1997 3351 2140 3418 quae
2188 3332 2379 3400 certis
2429 3333 2590 3401 anni

319 3455 352 3496 α
377 3433 601 3503 diebus
630 3436 1041 3525 contingunt.
1085 3434 1155 3504 Si
1191 3436 1488 3506 officium
1520 3458 1754 3505 novem
1792 3434 2151 3505 lectionum
2180 3438 2288 3506 fiat
2320 3439 2387 3505 in
2419 3436 2594 3518 Qua-

325 3561 356 3600 «
381 3537 790 3629 dragesimae,
832 3540 1303 3628 Rogationum‚
1341 3541 1631 3622 Quatuor
1669 3549 2047 3633 temporum
2088 3565 2164 3611 ac
2191 3541 2592 3632 Vigiliarum

323 3666 354 3708 α
380 3643 574 3730 feriIS,
630 3652 786 3713 tunc
830 3645 960 3713 duo
994 3666 1174 3713 sacra
1216 3648 1664 3714 conventualia
1703 3649 2044 3736 jubentur,
2096 3669 2310 3715 unum
2358 3667 2596 3735 nempe

326 3774 356 3813 «
381 3773 499 3841 pro
517 3751 884 3820 celebritate
904 3752 1033 3819 diei
1057 3757 1199 3841 post
1221 3751 1503 3831 tertiam,
1535 3751 1811 3819 alterum
1838 3775 1955 3843 pro
1978 3754 2136 3822 feria
2159 3755 2302 3843 post
2323 3772 2589 3821 nonam.

326 3882 359 3923 α
384 3856 451 3926 Si
481 3859 653 3926 inter
693 3858 1001 3927 Octavam
1028 3857 1329 3950 Corporis
1357 3857 1599 3927 Christi
1637 3858 2058 3950 pervigilium
2093 3858 2361 3945 accidat,
2400 3858 2596 3931 etiam

328 3990 362 4030 α
385 3964 514 4033 duo
540 3987 718 4034 sacra
747 3966 1081 4035 statuenda
1110 3970 1287 4047 sunt,
1318 3966 1609 4058 primum
1651 3990 1888 4058 nempe
1917 3969 1998 4036 de
2034 3972 2279 4051 octava,
2316 3968 2595 4038 alterum

331 4095 365 4135 κ
388 4072 465 4140 de
499 4072 859 4164 pervigilio.
894 4073 1081 4154 Quod
1117 4073 1171 4143 si
1199 4095 1432 4144 novem
1462 4075 1822 4143 lectionum
1855 4072 2150 4140 officium
2179 4074 2501 4146 indicatur
2523 4075 2596 4144 in

376 4261 437 4323 (ι)
467 4261 643 4326 Capite
668 4260 795 4314 Cum
814 4264 1068 4326 creatura,
1095 4262 1160 4313 de
1184 4261 1521 4313 celebratione
1552 4260 1719 4321 miss„
1749 4258 1786 4311 1.
1818 4260 1904 4323 111,
1939 4259 2296 4324 Decretanum,
2319 4267 2400 4316 tit.
2424 4266 2500 4313 ⁴1.
2531 4281 2597 4296 -

320 4336 466 4391 Paulo
487 4341 636 4392 aliter
653 4353 713 4392 ac
735 4340 952 4393 habetur
982 4344 1036 4393 in
1061 4342 1279 4406 Corpore
1302 4343 1431 4404 juris
1461 4344 1659 4393 textum
1683 4342 1854 4392 citav1t
1879 4341 2175 4393 Benedictus
2200 4344 2311 4393 XIV
2331 4354 2394 4392 ex
2417 4335 2601 4388 collec-

329 4421 457 4473 tione
477 4422 682 4474 Ciconii.
2444 4432 2447 4437 ·
