2930 4982
1146 356 1225 400 nn
1267 354 1596 403 cunnus.
2437 348 2517 406 33

264 502 291 542 «
315 497 523 544 arcam
567 474 876 541 habuere.
916 471 1233 553 Quinimo
1270 474 1441 564 ipsos
1472 475 1755 543 ecclesiae
1781 474 2040 555 fundos,
2071 474 2188 565 qui
2217 496 2525 545 commu-

267 610 296 648 «
321 605 461 649 nem
494 582 742 649 victum
773 580 1101 649 canonicis
1133 602 1208 648 eo
1242 602 1450 670 usque
1474 587 1949 671 suggesserant,
1979 581 2151 650 inter
2172 603 2238 651 se
2265 584 2522 674 partiri,

268 687 686 776 «singulique
729 708 878 754 suos
919 708 1108 776 agros
1151 688 1478 777 possidere
1525 687 1710 777 (quos
1756 686 2132 777 praebendas
2168 688 2521 781 dixerunt),

267 796 520 882 «iisque
565 815 682 860 suo
726 793 1036 860 arbitratu
1079 792 1208 859 frui
1256 793 1633 860 voluerunt.
1677 791 1848 861 Hinc
1891 796 2262 878 avaritia,...
2306 796 2529 865 ambi-

267 926 295 964 «
319 901 425 982 tio,
440 952 453 966 .
469 951 483 965 .
498 951 514 966 .
540 904 669 967 tota
681 900 992 966 vitiorum
1013 898 1243 966 cohors
1264 899 1333 965 in
1354 901 1823 967 canonicorum
1840 900 2137 967 ordinem
2158 903 2525 970 exundavit.

267 1005 487 1073 «Huic
561 1006 723 1095 pesti
780 1010 916 1072 tam
972 1005 1212 1073 exitiali
1266 1005 1516 1073 mederi
1560 1008 1744 1074 omni
1791 1026 1911 1097 ope
1958 1006 2271 1095 omnique
2324 1009 2534 1077 studio

269 1138 297 1173 «
320 1112 532 1178 annisi
558 1116 710 1178 sunt
726 1112 848 1178 viri
872 1112 1102 1201 pietate
1124 1117 1186 1178 et
1201 1112 1498 1179 doctrina
1515 1106 1756 1178 eximii.
1780 1111 1915 1179 Nec
1936 1112 2151 1179 ullum
2172 1114 2534 1182 remedium

268 1245 297 1281 «
323 1219 533 1307 potius
571 1237 647 1283 ac
693 1217 1072 1307 praesentius
1119 1217 1333 1285 visum
1375 1218 1521 1301 fuit,
1551 1240 1748 1307 quam
1776 1217 1830 1286 si
1853 1223 1966 1286 aut
1988 1220 2294 1287 monachi
2328 1221 2394 1287 in
2436 1242 2541 1288 ca-

269 1349 300 1388 «
328 1323 712 1391 nonicorum
751 1322 974 1392 locum
1015 1324 1547 1414 subrogarentur,
1593 1331 1703 1392 aut
1739 1326 2037 1394 canonici
2065 1327 2539 1396 monachorum

270 1454 301 1495 «
329 1429 748 1520 compedibus
768 1431 1389 1519 constringerentur.
1421 1431 1588 1497 Rem
1607 1436 1803 1498 totam
1832 1436 2052 1499 narrat
2075 1430 2348 1519 Dubois,
2374 1434 2537 1503 Hist.

269 1561 298 1598 «
325 1537 477 1602 eccl.
518 1534 890 1621 Paris.,lib.
921 1534 1032 1619 XI,
1072 1557 1219 1626 pag.
1259 1535 1410 1603 788.
1446 1560 1481 1599 »
1521 1536 1715 1626 (Loco
1743 1538 1959 1622 citato,
1993 1558 2140 1627 pag.
2178 1538 2359 1629 108.)

341 1645 588 1708 Sextus
658 1652 720 1707 et
784 1641 1061 1708 ultimus
1113 1642 1588 1733 canonicorum
1636 1654 1875 1709 status.
1929 1640 2067 1710 Sub
2125 1644 2236 1710 illa
2286 1645 2549 1713 rubrica

264 1749 485 1815 citatus
535 1753 760 1814 auctor
813 1749 1237 1816 mutationem
1285 1749 1469 1815 illam
1519 1749 1847 1832 describit,
1894 1770 2023 1839 qua
2063 1751 2425 1840 capitulum
2468 1753 2550 1820 ab

264 1851 580 1947 Episcopo
641 1855 711 1921 in
759 1855 1050 1922 dioecesis
1102 1857 1424 1944 regimine
1468 1855 1763 1922 adhiberi
1812 1855 2017 1922 desiit.
2082 1881 2117 1921 ι(
2163 1856 2334 1924 Hinc
2382 1859 2552 1926 inter

272 1985 301 2023 «
330 1966 526 2050 caput
561 1983 635 2027 ac
678 1960 979 2028 membra
1006 1960 1252 2027 factum
1281 1961 1659 2029 divortium.
1696 1959 2054 2050 Episcopus
2096 1982 2231 2028 non
2273 1963 2555 2052 amplius

270 2089 301 2128 «
328 2067 570 2132 nativis
607 2065 740 2132 suis
783 2065 1099 2132 membris
1132 2067 1253 2153 uti,
1308 2067 1414 2133 sed
1453 2066 1820 2150 adscititiis3
1874 2065 2032 2133 alios
2062 2065 2361 2152 vicariOS,
2399 2070 2557 2139 alios

268 2177 660 2265 «adjutores
689 2227 706 2259 ,
754 2177 911 2243 alios
960 2177 1280 2262 notarioS,
1328 2176 1487 2242 alios
1531 2174 1948 2241 administros
1991 2173 2117 2240 sibi
2168 2175 2556 2266 adjungere3

264 2307 299 2346 «
334 2282 644 2348 canonici
699 2303 837 2345 non
897 2281 1182 2366 amplius
1247 2279 1544 2344 naturale
1584 2283 1800 2365 caput,
1850 2277 1961 2344 sed
2000 2277 2377 2359 insitivum;
2431 2302 2561 2350 non

269 2412 307 2451 «
345 2383 634 2473 amplius
675 2383 1097 2473 Episcopum,
1146 2383 1256 2450 sed
1297 2382 1715 2472 praepositum
1758 2386 1871 2448 aut
1913 2382 2233 2450 decanum
2283 2386 2382 2453 sui
2427 2406 2563 2455 cor·

270 2518 303 2557 «
336 2489 521 2581 poris
546 2496 738 2580 caput
764 2489 1030 2569 habere;
1058 2489 1144 2556 ita
1169 2494 1241 2555 ut
1262 2487 1618 2580 Episcopus
1646 2493 1707 2555 et
1733 2487 2094 2579 capitulum
2121 2512 2253 2559 non
2279 2494 2560 2586 amplius

271 2624 305 2663 «
333 2618 556 2665 unum
597 2618 853 2687 corpuS,
902 2596 1011 2663 sed
1048 2596 1176 2663 duo
1210 2617 1482 2686 corpora
1505 2597 1651 2685 jam
1686 2616 1820 2663 esse
1849 2597 2214 2666 videantur.
2249 2598 2560 2680 Quinimo

274 2730 306 2767 «
336 2704 511 2770 inter
546 2701 941 2792 Episcopum
977 2707 1038 2767 et
1081 2702 1445 2791 capitulum
1489 2707 1744 2768 tantum
1779 2700 2022 2770 factum
2058 2709 2152 2771 est
2185 2705 2559 2793 dissidium,

279 2816 643 2899 «tantaque
684 2809 833 2875 inde
872 2807 1343 2874 discordiarum
1385 2828 1563 2895 seges
1595 2813 1757 2889 orta,
1789 2813 1863 2873 ut
1898 2828 2154 2875 necesse
2174 2808 2368 2875 fuerit
2393 2811 2566 2898 capi·

282 2920 480 2986 «tulo
523 2915 970 2984 immunitates
1009 2916 1173 2993 dari,
1221 2935 1367 3003 quae
1406 2920 1722 3000 tanquam
1751 2933 1985 2978 murus
2008 2919 2217 2979 essent
2241 2915 2566 3004 tranquil-

280 3026 562 3093 «litatis,
606 3049 640 3087 »
692 3022 886 3112 (Loco
915 3022 1058 3102 cit„
1094 3041 1243 3109 pag.
1286 3016 1473 3106 123.)

357 3131 602 3199 Caetera
655 3151 799 3218 quae
848 3125 1194 3215 subjungit
1259 3124 1490 3190 citatus
1537 3128 1793 3206 auctor,
1841 3124 1921 3193 de
1965 3124 2437 3216 Episcoporum
2494 3131 2560 3198 in

282 3238 558 3328 capitula
601 3235 966 3324 tyrannide,
1014 3236 1236 3322 utpote
1277 3231 1630 3298 declamata
1662 3232 1869 3321 magis
1902 3252 2099 3320 quam
2165 3235 2562 3306 considerate

281 3344 473 3430 dicta,
504 3365 638 3411 non
666 3342 1032 3409 referimus.
1067 3338 1458 3405 Praesentem
1487 3342 1656 3405 certe
1677 3338 2125 3429 capitulorum
2155 3346 2394 3408 statum
2417 3342 2564 3432 plus

286 3470 465 3538 aequo
532 3450 923 3516 lamentatur
986 3452 1177 3534 atque
1240 3443 1634 3533 lugubribus
1689 3444 1986 3534 depingit
2040 3445 2389 3512 coloribuS.
2451 3444 2563 3515 llla

286 3558 463 3621 enim
513 3577 658 3645 quae
715 3575 895 3621 nunc
947 3552 1120 3639 viget
1161 3550 1238 3616 de
1288 3550 1588 3639 capitulis
1644 3548 2011 3638 disciplina,
2073 3570 2111 3616 a
2166 3548 2567 3616 Tridentinis

284 3658 583 3728 Patribus
641 3658 908 3751 probata
978 3656 1099 3722 fuit
1155 3662 1346 3743 atque
1398 3656 1666 3722 sancita.
1724 3652 2111 3720 Temeritate
2159 3659 2378 3717 autem
2434 3673 2566 3722 non

290 3773 480 3851 caret,
535 3766 708 3856 quod
755 3761 1031 3832 concilio
1082 3760 1486 3826 oecumenico
1530 3765 1592 3822 et
1643 3757 1932 3845 Spiritui
1971 3766 2197 3822 sancto
2241 3756 2454 3825 visum
2481 3761 2566 3828 sit

289 3873 642 3941 universali
663 3876 813 3962 jure
849 3870 1216 3949 decernere,
1252 3864 1322 3931 in
1351 3862 1775 3952 quaestionem
1799 3860 1880 3927 de
1907 3861 2217 3951 sapientia
2243 3869 2305 3929 et
2335 3886 2567 3955 oppor-

293 3980 561 4060 tunitate
600 3998 850 4045 vocare.
893 3973 1008 4041 Jus
1045 3978 1258 4040 autem
1299 3989 1654 4037 commune
1679 3967 1757 4034 de
1785 3966 2083 4056 capitulis
2105 3988 2143 4035 a
2185 3967 2568 4039 Tridentina

298 4086 534 4169 synodo
558 4083 984 4152 deliberatum
1004 4088 1193 4167 atque
1219 4078 1581 4158 firmatum,
1611 4074 1815 4142 sicubi
1845 4074 1926 4141 ab
1944 4073 2272 4165 Episcopis
2294 4077 2567 4146 illaesum

295 4212 418 4257 non
455 4197 769 4270 servetur,
822 4190 890 4256 id
932 4186 1224 4277 quidem,
1264 4205 1393 4251 non
1436 4170 1582 4247 vero
1608 4181 1813 4271 ipsam
1839 4181 1920 4248 ab
1944 4182 2227 4250 Ecclesia
2265 4190 2568 4252 statutam

299 4295 733 4388 disciplinam,
777 4293 1103 4363 canonista
1147 4289 1514 4375 redarguat.
1576 4284 1754 4367 Quin
1785 4287 1917 4354 imo
1941 4310 2205 4375 aequum
2230 4290 2420 4355 etiam
2447 4291 2566 4365 est,

302 4401 452 4470 dum
502 4404 745 4470 abusus
795 4423 869 4468 ex
894 4405 1069 4491 parte
1111 4397 1579 4486 Episcoporum
1622 4390 1696 4481 (si
1732 4394 1845 4480 qui
1872 4392 2021 4482 sint)
2050 4407 2569 4460 commemoran-

2257 4511 2285 4555 ο
