2930 4982
385 365 511 423 334
1364 366 1712 414 ‘suenrus

1338 653 1625 715 CAPUT
1688 651 1738 709 V

851 828 1166 877 OBLIGATIO
1205 829 1539 876 EMITTENDI
1579 823 2016 874 PROFESSIONEM
2057 825 2217 870 FIDEI

1476 1076 1592 1155 §1

1171 1243 1480 1283 Ext‘QNrrUR
1514 1243 1606 1282 JCS
1641 1242 1905 1282 connum:

480 1425 959 1516 Obligationem
985 1425 1168 1493 illam
1201 1425 1558 1493 concilium
1592 1422 2056 1491 Tridentinum
2087 1422 2366 1490 decrevit
2408 1421 2519 1490 his
2568 1428 2676 1491 ter-

397 1533 596 1601 minis
630 1555 647 1599 2
718 1558 751 1598 «
779 1532 1045 1600 Provisi
1094 1532 1301 1601 etiam
1349 1530 1428 1599 de
1481 1530 1806 1620 beneficiis
1862 1530 2393 1620 quibuscumque,
2452 1552 2678 1597 curam

313 1676 318 1682 ·
394 1638 777 1706 animarum
806 1637 1224 1715 habentibus,
1258 1648 1606 1704 teneantur
1642 1658 1685 1702 a
1716 1632 1819 1702 die
1843 1634 2102 1726 adeptce
2123 1634 2567 1725 possessionis,
2600 1657 2681 1703 ao

276 1807 283 1813 .
394 1744 614 1809 minus
644 1742 825 1810 intra
876 1742 1038 1809 duos
1083 1764 1357 1822 menses,
1404 1741 1478 1808 in
1515 1741 1825 1809 manibus
1865 1741 2072 1832 insius
2103 1740 2417 1832 Episcopi
2441 1741 2587 1821 vel,
2618 1763 2683 1809 eo

394 1846 738 1936 impedito,
773 1870 998 1915 coram
1030 1846 1332 1937 qenerali
1356 1846 1498 1937 ejus
1527 1846 1779 1915 vicario
1811 1869 1924 1915 seu
1960 1845 2263 1938 officiali,
2302 1844 2681 1913 orthodooeoe

393 1977 529 2022 suoe
552 1954 713 2043 fidei
725 1954 1069 2046 publicam
1088 1957 1308 2045 facere
1316 1954 1822 2045 professionem,
1847 1965 1910 2021 et
1934 1953 2005 2021 in
2023 1956 2344 2022 Romanae
2370 1954 2677 2020 Ecclesiae

394 2059 765 2129 obedientia
789 2084 854 2134 se
876 2082 1347 2151 permansuros
1370 2059 1742 2150 spondeant
1772 2082 1850 2127 ac
1872 2060 2133 2150 jurent.
2171 2058 2440 2127 Provisi
2463 2070 2678 2126 autem

395 2165 475 2234 de
503 2167 1001 2235 canonicatibus
1024 2177 1088 2234 et
1113 2165 1552 2256 diqnitatibus
1588 2167 1660 2234 in
1687 2165 1975 2239 ecclesiis,
1995 2163 2517 2248 cathedralibus,
2555 2187 2675 2232 non

396 2273 617 2340 solum
651 2296 873 2341 coram
897 2274 1229 2364 Episcopo
1262 2294 1376 2339 seu
1411 2272 1554 2363 ejus
1585 2271 1886 2363 officiali,
1910 2270 2026 2340 sed
2048 2271 2253 2339 etiam
2290 2270 2361 2338 in
2391 2271 2676 2362 capitulo

397 2376 570 2450 idem
598 2381 820 2468 facere
850 2390 1201 2447 teneantur
1225 2400 1247 2446 .·
1289 2378 1589 2467 alioquin
1608 2377 1929 2468 proedicti
1953 2400 2176 2447 omnes
2188 2377 2454 2468 provisi
2505 2380 2677 2468 fruc·

399 2497 532 2565 tus
538 2508 672 2553 non
708 2486 975 2575 faciant
999 2508 1176 2566 sum,
1207 2507 1324 2555 nec
1358 2484 1499 2552 illis
1528 2485 1842 2576 possessio
1868 2485 2299 2639 suffraqetur.
2342 2484 2539 2578 (Sess,
2569 2484 2675 2565 24,

397 2591 632 2679 012.)

490 2696 552 2771 1
599 2694 896 2796 Quanam
966 2695 1252 2767 formula
1297 2697 1645 2765 emittenda
1697 2698 1778 2766 sit
1802 2697 2107 2789 professio
2150 2697 2297 2767 fidei
2323 2700 2356 2764 Y
2386 2732 2476 2744 —
2516 2695 2677 2765 Nu}

397 2804 528 2887 lam
547 2803 904 2873 formulam
928 2803 1343 2872 concinnavit
1370 2811 1484 2872 aut
1512 2805 1825 2873 indicavit
1858 2804 2240 2877 Tridentino
2267 2804 2563 2894 synodus.
2601 2803 2680 2871 Et

396 2909 542 2979 ideo
568 2909 879 2979 Summus
924 2908 1214 2978 Pontifex
1248 2908 1402 2978 Pius
1452 2910 1589 2980 lV
1572 2932 1642 2977 1n
1672 2933 1790 2979 sua
1826 2909 2008 2978 bulla
2055 2910 2444 3001 Injunctum
2494 2908 2676 2978 nobis

396 3018 866 3095 observandam
889 3018 971 3086 ab
1013 3019 1321 3086 omnibus
1366 3018 1435 3085 in
1465 3024 1795 3109 posterum
1844 3018 2195 3087 formulam
2239 3017 2464 3099 edidit,
2496 3022 2675 3105 atque

396 3122 678 3191 districte
702 3125 986 3214 injunxit
1013 3125 1117 3216 his
1142 3125 1356 3192 verbis
1390 3148 1405 3190 :
1443 3127 1610 3192 Cum
1613 3124 1825 3213 juxta
1855 3123 2122 3191 concilii
2151 3123 2530 3191 Tridentini
2555 3120 2678 3190 dis-

385 3230 815 3318 positionem,
847 3252 1069 3297 omnes
1096 3252 1264 3319 quos
1278 3230 1577 3320 deinceps
1599 3229 2087 3303 cathedralibus
2105 3229 2381 3298 ecclesiis
2391 3228 2674 3321 proefici‚

398 3334 506 3400 vel
538 3336 777 3423 quibus
803 3334 884 3401 de
906 3336 1183 3409 illarum
1211 3335 1674 3426 diqnitatibus,
1710 3337 2229 3425 canonicatibus,
2255 3348 2319 3405 et
2351 3336 2507 3404 aliis
2534 3335 2676 3425 qui-

403 3438 797 3529 buscumque
825 3440 1147 3532 beneficiis
1163 3442 1620 3513 xecclesiasticis
1640 3464 1872 3511 curam
1892 3443 2275 3512 animarum
2291 3441 2678 3511 habentibus

387 3544 731 3637 provideri
767 3547 1130 3636 continqet,
1167 3546 1516 3638 publicam
1564 3547 1951 3616 orthodoxae
1999 3547 2164 3640 fidei
2198 3550 2678 3640 professionem

396 3655 643 3742 facere,
707 3675 896 3743 seque
950 3653 1022 3720 in
1070 3657 1393 3722 Romame
1443 3653 1761 3725 Ecclesiae
1778 3653 2168 3723 ‘obedientia
2205 3675 2678 3746 permansuros

395 3757 717 3849 spondere
737 3770 814 3826 :et
817 3760 1058 3849 jurare
1083 3769 1434 3827 teneantur
1456 3779 1487 3845 ,⁶
1537 3782 1656 3827 nos
1689 3760 1979 3831 volentes
1997 3784 2124 3851 per
2160 3782 2673 3851 quoscumque...

397 3862 571 3930 idem
596 3863 873 3949 servari,
896 3874 961 3930 et
992 3863 1086 3931 ad
1100 3863 1221 3932 hoc
1248 3876 1323 3932 ut
1343 3864 1543 3932 unius
1570 3864 1859 3955 ejusdem·
1885 3863 2050 3956 fidei
2060 3867 2389 3957 professio
2417 3866 2681 3955 unifor-

398 3970 596 4035 miter
624 3970 709 4036 ab
757 3969 1059 4039 omnibus
1085 3970 1502 4052 exhibeatur,
1532 3971 1857 4061 unicoque
1897 3984 1966 4063 et
1999 3985 2180 4040 certa
2216 3972 2407 4041 illius
2452 3974 2681 4062 forma

398 4074 646 4140 cunctis
685 4075 1104 4142 innotescat..
1120 4126 1169 4156 .,
1219 4077 1518 4164 formam
1558 4075 1773 4167 ipsam
1796 4076 2240 4166 proesentibus
2284 4089 2679 4144 annotatam

384 4177 754 4269 publicari,
788 4191 852 4244 et
873 4180 1113 4271 ubique
1140 4182 1443 4273 qentium
1454 4205 1583 4274 per
1611 4205 1738 4268 eos,
1767 4182 1862 4251 ad
1893 4205 2051 4273 quos
2081 4205 2162 4250 ex
2184 4181 2454 4250 decretis
2472 4182 2681 4273 ipsius

395 4283 653 4355 concilii
687 4296 751 4351 et
783 4283 958 4352 alios
989 4289 1342 4376 praedictos
1382 4300 1660 4379 spectat,
1711 4290 1925 4380 accipi
1958 4301 2022 4355 et
2059 4289 2414 4369 observari,
2448 4310 2525 4356 ac
2553 4285 2678 4354 sub

392 4391 606 4480 poenis
618 4413 742 4481 per
772 4390 1118 4458 concilium
1139 4393 1360 4480 ipsum
1382 4394 1451 4460 in
1483 4394 2033 4463 contravenientes
2059 4394 2245 4477 latis,
2258 4396 2469 4485 juxta
2500 4392 2683 4459 hanc
