2930 4982
1173 345 1250 391 DE
1287 345 1615 395 enimus.
2416 346 2452 403 3
2462 347 2495 402 ’7
2505 348 2541 404 3

269 461 440 530 nensi
481 461 557 531 13
589 464 806 531 martii
842 463 1041 549 1684,
1072 464 1269 533 relata
1294 487 1330 532 a
1362 464 1805 537 Scarfantonio
1833 470 1899 537 in
1934 472 2345 543 Collectione
2371 473 2546 543 deci-

265 566 544 646 sionum,
569 575 748 637 tomo
777 569 858 657 ΙΙ,
890 572 1157 661 adjecta,
1187 593 1333 662 pag.
1370 572 1525 655 140,
1562 595 1628 641 n.
1667 575 1801 666 11.)

351 675 685 765 Quidquid
705 676 794 744 sit
833 701 924 745 an
961 679 1338 768 capitulum
1380 680 1523 747 sine
1556 680 2027 770 jurisdictione
2062 700 2275 777 posset
2323 690 2544 778 facere

261 790 507 848 statuta
551 783 972 872 poenalia...‚
1020 795 1227 851 cessat
1283 784 1564 874 quoestio
1622 808 1774 854 cum
1815 788 2196 879 jurisdictio
2243 794 2541 884 capitulo

261 887 563 976 competit
597 910 678 955 eoe
727 888 1213 959 consuetudine.
1275 890 1565 959 Planum
1626 904 1724 961 est
1779 894 1959 961 enim
2007 918 2193 985 posse
2229 897 2540 988 jurisdic-

260 991 493 1061 tionem
528 995 786 1083 acquiri
807 996 914 1063 vel
941 996 1367 1080 concessione,
1404 999 1511 1065 vel
1531 1000 2073 1091 praescriptione,
2121 1003 2229 1068 vel
2269 1025 2542 1072 consue-

256 1098 500 1166 tudine.
515 1152 530 1167 .
547 1150 560 1164 .
584 1102 865 1192 Sufficit
881 1100 1231 1170 'consensus
1244 1104 1564 1195 Episcopi
1577 1128 1700 1195 per
1723 1106 2005 1196 lonqam
2029 1107 2484 1179 tolerantiam.
2496 1161 2514 1178 .
2527 1161 2541 1176 .

252 1227 456 1295 eaque
483 1206 880 1275 consuetudo
903 1230 1195 1298 expresse
1219 1208 1714 1299 comprobatur.
1730 1261 1744 1278 .
1760 1261 1776 1280 .
1794 1232 1823 1293 ‚·
1852 1235 1969 1280 nec
1994 1211 2274 1281 titulum
2304 1214 2541 1303 exiqit,

248 1310 364 1378 sed
382 1313 536 1380 sola
568 1314 758 1404 lonqi
779 1315 1092 1405 temporis
1103 1316 1512 1405 possessione
1541 1316 1941 1385 inducitur..
1957 1370 1971 1385 .

339 1419 518 1501 Quin
532 1419 691 1507 imo,
710 1421 1017 1489 submota
1043 1422 1515 1490 consuetudine
1519 1423 2056 1513 jurisdictionem
2078 1424 2404 1493 tribuente
2423 1427 2536 1516 (1),

252 1525 615 1615 capitulum
656 1527 877 1595 adhuc
902 1527 1175 1596 liaberet
1184 1529 1369 1618 juris
1404 1528 1861 1597 assistentiam
1875 1553 2009 1622 pro
2037 1530 2366 1622 ejusmodi
2391 1532 2547 1599 ani-

251 1631 702 1702 madversione
747 1636 820 1702 in
870 1637 1217 1703 canonicos
1268 1637 1700 1726 refractarios
1727 1658 1751 1703 .·
1790 1648 2023 1727 potest
2078 1639 2316 1706 etenim
2364 1636 2538 1728 capi·

251 1738 497 1825 tulum,
534 1741 661 1808 etsi
687 1741 954 1810 nullam
988 1736 1231 1809 habeat
1241 1741 1777 1831 jurisdictionem
1805 1744 1921 1834 (2),
1930 1744 2396 1835 particularia
2414 1742 2542 1811 sibi
2636 1794 2649 1803 .

247 1846 520 1914 condere
573 1858 837 1914 statuta
873 1869 1008 1938 pro
1053 1847 1162 1915 sui
1202 1848 1550 1938 reqimine‚
1601 1848 1966 1917 dummodo
2020 1873 2226 1941 neque
2280 1862 2537 1918 statum

246 1952 527 2020 eeclesioe
554 1953 931 2042 qeneralem
981 1964 1297 2042 tanqant,
1328 1974 1445 2020 nec
1498 1954 1820 2044 Episcopi
1840 1955 2036 2044 jura,
2068 1965 2146 2021 ut
2175 1977 2397 2022 omnes
2434 1959 2540 2045 sa-

249 2069 555 2125 tentur...
620 2057 995 2148 Itidemque
1042 2069 1272 2149 potest
1338 2059 1854 2144 inobservantes‚
1921 2059 2417 2149 perturbatores
2477 2072 2539 2129 et

246 2175 661 2231 contumaces
690 2187 1085 2255 compescere
1118 2188 1248 2255 per
1290 2164 1810 2232 subtractionem
1836 2168 2184 2254 fructuum
2210 2178 2272 2232 et
2303 2165 2541 2233 distri-

250 2267 629 2347 butionum,
659 2291 773 2336 seu
802 2271 978 2337 vocis
1001 2271 1072 2337 in
1097 2270 1403 2360 capitulo
1433 2269 1527 2337 ad
1551 2283 1812 2358 tempus
1823 2293 1850 2351 ;
1882 2292 2016 2337 non
2037 2292 2160 2359 per
2187 2271 2366 2337 viam
2394 2294 2545 2337 con·

250 2374 554 2441 tentiosoe
579 2374 1071 2464 jurisdictionis
1123 2386 1188 2442 et
1230 2376 1301 2442 in
1352 2379 1583 2466 forma
1628 2375 1898 2466 judicii,
1947 2374 2062 2443 sed
2101 2399 2225 2466 per
2272 2373 2539 2442 modum

246 2477 620 2549 domestica>
666 2480 1039 2573 disciplina>
1068 2504 1092 2548 .·
1138 2479 1698 2572 quemadmodum
1743 2481 1885 2551 sine
1939 2506 2064 2551 usu
2111 2495 2179 2551 et
2227 2481 2536 2580 caercitio

233 2586 750 2675 jurisdictionis
770 2599 978 2678 pater
1049 2587 1337 2678 castiqat
1397 2587 1655 2677 filium,
1719 2590 2040 2678 maqister
2100 2586 2531 2678 discipulum,

247 2691 458 2758 senior
476 2694 959 2784 propinquum.
976 2711 1048 2760 ..·

351 2798 557 2863 Omne
605 2800 962 2887 colleqium
1009 2799 1232 2878 habet,
1286 2800 1348 2866 si
1394 2823 1533 2866 non
1573 2800 1936 2890 propriam
1974 2797 2538 2889 jurisdictionem,

251 2900 702 2991 impropriam
750 2905 992 2969 saltem
1041 2916 1104 2971 et
1147 2905 1620 2971 oeconomicam
1665 2927 1792 2993 pro
1836 2903 2107 2992 colleqii
2145 2901 2503 2968 directione
2514 2922 2544 2982 ;

249 3002 521 3094 qualem
556 3006 629 3071 in
660 3029 815 3073 casu
844 3007 1164 3096 praesenti
1196 3008 1579 3097 capitulum
1617 3007 1931 3089 exercuit,
1963 3005 2372 3096 procedendo
2406 3007 2544 3074 sine

249 3111 531 3202 strepitu
559 3123 625 3178 et
648 3113 882 3202 fiqura
906 3111 1180 3203 judicii,
1220 3136 1345 3203 per
1381 3112 1653 3181 modum
1687 3112 2058 3181 domesticae
2100 3114 2536 3194 correctioniS,

253 3240 457 3307 quam
484 3218 834 3309 unicuique
855 3217 1160 3309 capitulo
1183 3229 1546 3309 competere
1564 3217 1740 3285 dixit
1766 3218 1971 3286 etiam
1995 3222 2194 3299 Rota,
2200 3231 2406 3309 parte
2432 3222 2533 3307 19,

252 3337 491 3393 recent.
543 3325 859 3393 decisione
903 3324 1062 3408 254,
1100 3347 1170 3391 n.
1213 3325 1339 3407 12;
1384 3327 1548 3393 etin
1575 3324 1919 3408 Ilerdensi,
1960 3326 2043 3394 16
2067 3327 2301 3394 martii
2326 3329 2526 3407 1705,

253 3431 454 3521 §Non
473 3439 733 3511 attenta,
753 3455 975 3500 coram
1003 3436 1215 3501 Muto,
1247 3432 1452 3523 (Rota,
1480 3434 1719 3502 decisio
1746 3433 1857 3513 2⁶2,
1888 3456 2105 3502 coram
2130 3431 2180 3501 F
2183 3437 2529 3515 alconerio,

256 3536 336 3606 10
359 3539 646 3627 januarii
684 3538 883 3622 1721,
912 3540 983 3605 in
1021 3560 1211 3605 causa
1238 3537 1763 3629 Barcinonensi.)

335 3645 717 3733 Proefatum
763 3655 1180 3711 statutum...
1228 3667 1362 3712 non
1407 3645 1625 3711 solum
1674 3667 1756 3711 ex
1810 3644 2001 3713 dictis
2048 3645 2415 3712 rationibus
2462 3640 2541 3707 de

253 3747 666 3838 illeqalitate
693 3748 1014 3839 redarqui
1039 3772 1173 3816 non
1198 3772 1387 3840 posse
1426 3750 1865 3817 videbatur...
1890 3770 1918 3833 ;
1945 3749 2062 3818 se'd
2085 3772 2200 3818 nec
2224 3748 2427 3832 ¹etiam
2460 3769 2540 3812 ex

254 3850 509 3943 defectu
553 3856 917 3945 facultatis
960 3854 1247 3945 capituli
1292 3856 1675 3939 statuentis,
1711 3854 1892 3945 quod
1932 3880 2013 3924 ex
2029 3855 2212 3946 juris
2258 3851 2537 3943 disposi-

260 3960 434 4027 tione
480 3984 615 4029 non
651 3960 1071 4053 praepeditur
1117 3973 1381 4029 statuta
1430 3961 1726 4043 condere,
1773 3963 1978 4031 etiam
2025 3961 2267 4049 absque
2312 3969 2542 4026 aucto-

323 4164 386 4232 (ἰ)
422 4170 613 4234 Nempe
645 4172 709 4221 ad
744 4172 1004 4221 condenda
1035 4174 1225 4221 statuta
1251 4170 1507 4234 poenalia,
1533 4170 1595 4219 de
1617 4181 1719 4229 qua
1737 4167 2082 4228 jurisdictione
2110 4167 2275 4227 agitur
2307 4166 2360 4212 in
2391 4173 2542 4215 casu3

260 4260 375 4299 ”³¹1¹
393 4252 797 4314 iurisdictionem
812 4252 876 4301 ad
900 4251 1164 4301 condenda
1182 4252 1280 4300 alia
1300 4254 1494 4300 statuta
1519 4246 1738 4311 capitulo
1759 4254 1929 4310 aperte
1950 4245 2124 4295 tribuit
2144 4245 2363 4304 Rota‚ut
2376 4240 2545 4290 videre

262 4333 336 4379 est
358 4334 409 4380 in
432 4345 585 4394 supra
608 4332 764 4381 relata
782 4332 1032 4381 decisione
1052 4332 1173 4380 anni
1200 4332 1338 4379 1635.
2338 4337 2339 4340 ’

328 4412 391 4473 (2)
423 4412 651 4475 intellige
674 4413 871 4475 semper
892 4410 1061 4473 quoad
1085 4412 1278 4459 statuta
1296 4406 1545 4472 poenalia.
