2930 4982
400 300 436 356 4
450 298 529 354 56
1400 303 1747 349 'rnAc‘rATus

403 425 617 513 hodie,
660 423 828 492 sicut
854 421 1042 490 initio
1062 420 1328 510 quando
1374 421 1457 489 ab
1480 420 1764 490 Ecclesia
1790 420 2091 489 Romana
2109 420 2187 487 in·
2209 420 2366 488 alias
2390 421 2654 490 dimana-

403 539 579 621 runt,
613 530 946 600 indultum
969 527 1232 597 Summi
1253 528 1613 597 Pontificis.

1485 803 1602 884 §a

742 976 811 1016 nss
848 975 1226 1017 canomconuu
1265 975 1553 1016 Puelpms
1585 976 1894 1015 msmnuws
1936 975 2123 1014 Bnssvls
2160 974 2323 1013 Nono

492 1158 781 1238 Quatuor
809 1158 1274 1224 canonicorum
1307 1158 1376 1223 in
1406 1157 1635 1224 habitu
1675 1156 1960 1244 insignia
1981 1174 2462 1244 quorum-usus
2486 1173 2637 1222 com·

407 1262 674 1332 munior
691 1266 810 1339 est,
836 1269 989 1329 sunt
1016 1262 1428 1347 Rochettum,
1463 1261 1707 1353 Cappa,
1733 1262 2021 1346 Mozetta‚
2056 1265 2119 1327 et
2141 1260 2451 1328 Almutia.

492 1368 539 1436 1.
572 1366 666 1436 De
695 1367 966 1436 rochetti
992 1368 1242 1456 origine
1268 1374 1333 1435 et
1357 1368 1536 1435 vocis
1556 1368 1941 1456 etymologia
1961 1369 2100 1455 jam
2129 1364 2375 1454 aliquid
2400 1364 2464 1431 in
2487 1383 2639 1452 supe-

404 1473 560 1543 riori
590 1475 993 1564 paragrapho
1019 1481 1111 1542 est
1137 1474 1387 1543 dictum
1417 1496 1495 1543 ex
1521 1473 1747 1543 Nardi.
1783 1473 1937 1541 Haec
1966 1473 2230 1562 insuper
2257 1471 2501 1539 adnotat
2524 1490 2637 1536 eru·

408 1581 579 1649 ditus
599 1581 710 1647 ille
733 1586 958 1647 auctor
984 1604 1001 1647 ε

501 1708 537 1751 α
564 1685 736 1753 Hinc
754 1691 846 1755 est
868 1687 1230 1754 rochettum
1258 1708 1390 1754 non
1415 1686 1807 1755 considerari
1834 1707 2043 1775 neque
2076 1690 2388 1774 tanquam
2412 1704 2640 1770 sacram,

414 1821 458 1861 a.
498 1811 708 1881 neque
741 1797 1050 1883 tanquam
1097 1793 1468 1884 profanam,
1499 1795 1608 1862 sed
1635 1798 1885 1861 tantum
1921 1798 2232 1883 tanquam
2268 1789 2648 1860 distinctionis

418 1924 452 1962 (ι
495 1904 768 1979 vestem3
803 1903 865 1965 et
893 1898 1227 1988 proescribi
1254 1900 1333 1968 iis
1359 1899 1477 1990 qui
1496 1921 1693 1968 usum
1711 1899 1952 1968 habent
1975 1898 2276 1979 rochetti,
2297 1897 2510 1987 quales
2533 1888 2653 1963 sunt

423 2032 457 2069 α
502 2003 779 2087 Praelati,
815 2005 977 2072 utin
1007 2005 1389 2074 celebranda
1426 2007 1643 2090 missa,
1679 2026 1874 2096 supra
1902 2003 2269 2072 rochettum
2301 2004 2594 2070 amictum
2609 2004 2656 2066 et

423 2137 457 2175 α
501 2110 657 2178 alias
686 2119 885 2185 vestes
921 2131 1130 2180 sacras
1168 2110 1464 2196 induant,
1501 2135 1537 2179 a
1572 2133 1701 2201 quo
1746 2110 2175 2201 prohibentur
2215 2109 2430 2178 caeteri
2457 2106 2659 2198 quibus

422 2244 457 2283 a
498 2216 577 2284 de
589 2218 747 2309 jure
764 2218 897 2284 nim
920 2218 1236 2307 competit
1254 2219 1640 2286 rochettum.
1666 2218 1778 2286 Est
1796 2224 2014 2284 autem
2033 2217 2403 2284 rochettum
2427 2216 2658 2304 signum

421 2349 456 2388 α
499 2324 992 2410 jurisdictionis,
1023 2324 1300 2413 demptis
1328 2325 1553 2414 paucis
1580 2323 1831 2391 casibus
1864 2323 2104 2411 quibus
2130 2323 2202 2389 in
2235 2344 2492 2390 merum
2510 2341 2669 2389 orna·

424 2456 457 2495 «
503 2436 799 2498 mentum
824 2428 1222 2500 conceditur.
1255 2429 1508 2499 Praelati
1533 2437 1598 2500 et
1624 2431 1901 2521 capitula
1924 2430 2089 2499 illud
2112 2435 2364 2519 gestant
2384 2435 2676 2520 quatenus

421 2561 455 2600 ι(
493 2536 1020 2622 jurisdictionem
1072 2536 1378 2605 habentes
1410 2536 1525 2627 (1).
1564 2536 1990 2605 protonotarii
2016 2538 2344 2629 apostolici
2390 2558 2514 2603 non
2542 2556 2680 2623 par·

422 2665 457 2704 ι(
502 2639 838 2727 ticipantes
908 2646 970 2706 et
1055 2641 1262 2728 aliqui
1319 2645 1742 2710 mansionarii
1800 2645 1960 2711 illud
2023 2646 2307 2712 obtinent
2369 2645 2674 2729 quatenus

422 2774 456 2814 «
512 2767 766 2814 merum
798 2752 1281 2814 ornamentum.
1312 2746 1649 2836 Tanquam
1669 2748 1933 2836 signum
1951 2750 2411 2840 jurisdictionis
2436 2746 2681 2814 rochet-

423 2881 462 2922 υ.
503 2861 644 2921 tum
679 2876 934 2944 semper
974 2853 1273 2922 deferunt
1307 2852 1609 2944 Episcopi
1641 2855 1836 2922 etiam
1881 2864 2054 2924 extra
2089 2859 2361 2944 domum
2392 2859 2454 2921 et
2495 2852 2680 2921 eccle-

423 2985 455 3023 «
502 2961 662 3027 siam
683 2986 701 3045 3
730 2965 793 3025 et
810 2959 1070 3046 quando
1089 2959 1338 3027 adstant
1360 2980 1579 3026 coram
1601 2958 1770 3049 Papa
1785 2967 1897 3028 aut
1919 2962 2126 3050 legato
2140 2960 2506 3051 Apostolico
2535 2955 2674 3025 illud

421 3093 455 3133 ι(
497 3065 714 3154 pallio,
749 3066 1151 3154 cooperiunt,
1202 3066 1356 3153 quia
1400 3071 1558 3134 tunc
1598 3073 1935 3136 mozettam
1963 3066 2669 3157 servareprohibentur.

419 3200 452 3236 «
497 3170 567 3238 ln
612 3172 877 3260 signu-m
907 3172 1058 3238 item
1082 3171 1554 3260 jurisdictionis
1588 3171 1758 3262 Papa
1795 3195 2051 3263 semper
2088 3174 2265 3240 intus
2303 3179 2368 3240 et
2391 3173 2551 3239 foras
2577 3188 2671 3235 ro-

417 3299 451 3336 «
498 3275 786 3343 chettum
821 3298 973 3344 cum
1005 3277 1163 3344 stola
1200 3283 1440 3365 gestat;
1482 3283 1545 3344 et
1583 3278 1748 3346 illud
1780 3280 1971 3356 novis⁴
2004 3279 2221 3345 electis
2244 3276 2576 3367 Episcopis
2614 3273 2673 3339 in

414 3405 468 3443 «ff=
492 3380 755 3466 signum
793 3384 1115 3469 potestatis
1157 3379 1451 3472 imponit.
1485 3384 1557 3450 ln
1599 3383 1807 3451 Gallia
1849 3385 2216 3456 minoribus
2258 3382 2673 3451 sacristiarum

415 3512 448 3551 «
496 3485 747 3554 clericis
799 3486 1195 3575 permittitur
1243 3489 1634 3556 rochettum.
1693 3488 1921 3557 Nescio
1977 3512 2060 3557 an
2105 3489 2415 3578 antiquus
2456 3486 2536 3554 sit
2582 3482 2673 3551 ille

411 3619 446 3660 «
492 3593 841 3683 singularis
881 3614 1077 3671 usus;
1126 3594 1236 3661 sed
1266 3594 1601 3672 fatendum
1644 3596 1956 3684 quosdam
2006 3598 2076 3664 in
2113 3618 2189 3672 ea
2214 3595 2483 3684 regione
2536 3590 2675 3659 abu·

409 3727 444 3766 α
488 3722 598 3769 sus
638 3707 808 3776 assat
850 3699 1046 3789 longo
1083 3706 1370 3789 tempore
1412 3702 1783 3787 invaluisse,
1830 3724 1984 3770 cum
2024 3702 2096 3771 in
2137 3702 2418 3771 concilio
2452 3698 2677 3769 Narbo·

411 3833 444 3873 «
483 3809 692 3891 nensi‚
728 3807 885 3876 anni
920 3805 1119 3888 1551,
1152 3828 1300 3874 can.
1331 3808 1444 3890 41,
1479 3830 1643 3898 opus
1673 3809 1869 3877 fueri-t
1892 3809 2328 3878 sacerdotibus
2353 3803 2678 3876 ordinariis

408 3940 441 3976 <x
484 3917 845 3986 rochettum
890 3914 1275 4004 prohibere3
1320 3919 1383 3979 et
1424 3914 1492 3979 in
1523 3916 1840 4004 Aquensi,
1889 3918 2047 3992 anni
2099 3916 2294 4001 1585,
2338 3918 2411 4004 in
2446 3914 2676 3982 memo·

405 4045 440 4082 «
473 4019 647 4104 riam
679 4028 1011 4091 revocetur
1046 4020 1413 4091 rochettum
1442 4028 1576 4090 esse
1606 4029 1847 4091 vestem
1888 4023 2362 4115 Episcoporum
2410 4027 2474 4091 et
2500 4013 2675 4089 cano·

460 4179 523 4269 (1)
556 4205 647 4255 Illa
669 4207 951 4266 iurisdictio
975 4211 1311 4273 capitulorum
1334 4211 1395 4262 de
1420 4225 1523 4276 qua
1548 4177 1615 4263 ibi
1640 4217 1746 4278 agit
1768 4216 1922 4266 Nardi
1950 4214 2280 4279 intelligenda
2312 4216 2388 4263 est
2419 4214 2472 4262 in
2506 4205 2671 4259 habitu

391 4292 596 4419 tantun:l
624 4285 742 4335 sede
770 4286 939 4347 plena.
967 4288 1096 4339 Nam
1125 4292 1177 4339 in
1198 4292 1441 4342 exercitio
1482 4293 1676 4344 nullam
1705 4295 1896 4348 habent
1921 4299 1974 4346 in
2003 4296 2256 4347 dioeceslm
2286 4293 2667 4356 jurisdictionem

385 4369 479 4419 nisi
510 4382 563 4420 se
600 4380 628 4418 e
659 4371 888 4417 vacante.
2166 4398 2170 4402 -
