2930 4982
440 354 569 413 436
1195 368 1211 385 ·
1415 352 1757 401 ‘rmcuws

442 483 575 554 veri
604 479 801 574 possit
825 478 1128 570 quilibet,
1161 474 1589 566 quantumvis
1634 475 2006 564 perpetuus,
2044 465 2436 555 Exemplum
2487 462 2710 554 hujus·

438 590 615 661 modi
643 586 1023 657 remotionis
1071 582 1437 674 reperimus
1467 582 1536 648 in
1567 577 1993 648 declaratione
2020 574 2234 644 Sacrae
2269 570 2712 660 Congregatio-

435 696 536 768 nis
563 693 826 764 concilii
850 692 948 784 (in
973 688 1432 773 Tricaricensi,
1456 686 1544 753 24
1580 684 1801 753 martii
1830 681 2050 772 1736).
2079 678 2248 748 Cum
2275 677 2526 745 scilicet
2555 697 2711 745 unus

433 826 510 875 ex
529 800 848 894 deputatis
868 820 988 891 pro
1026 794 1580 865 administratione
1627 790 1967 881 temporali
2003 784 2370 870 seminarii,
2422 783 2712 853 Filliucci

433 908 730 991 nomine,
772 904 978 974 varios
1006 903 1312 994 patrasset
1340 918 1661 985 excessus,
1692 897 1863 963 inter
1912 893 2041 961 alia
2069 891 2271 960 dubia
2322 890 2712 980 propositum

435 1020 574 1085 est:
620 1014 748 1081 III.
786 1011 896 1080 An
943 1009 1030 1076 sit
1077 1006 1260 1073 locus
1288 1002 1646 1072 remotioni
1702 999 2003 1069 canonici
2055 995 2375 1065 Filliucci
2418 994 2711 1085 deputati

437 1117 830 1190 seminarii?
856 1113 1039 1182 —Et
1062 1111 1128 1181 S.
1151 1109 1582 1202 Congregatio
1603 1108 1928 1198 rescripsit
1949 1142 2039 1157 —
2054 1101 2148 1172 ad
2155 1104 2263 1169 III
2278 1100 2702 1191 affirmative.

433 1225 786 1297 esttamen
817 1220 982 1289 illud
1011 1219 1367 1287 discrimen
1416 1214 1633 1306 quoad
1687 1211 2296 1280 inamovibilitatem
2337 1207 2509 1275 inter
2535 1208 2708 1299 depu-

429 1334 589 1430 tatos
633 1325 969 1397 seminarii
997 1331 1059 1394 et
1112 1344 1220 1392 eos
1249 1322 1367 1412 qui
1419 1320 1753 1412 possident
1797 1317 2115 1387 beneficia
2166 1319 2505 1406 perpetua,
2553 1313 2706 1403 quod

289 1458 298 1469 ·
428 1435 675 1527 priores
714 1437 976 1524 propter
1036 1433 1435 1498 senectutem
1488 1424 2022 1493 infirmitatemve
2081 1421 2323 1512 quihus
2370 1419 2706 1487 redduntur

433 1541 648 1611 officio
677 1541 980 1628 impares,
1014 1535 1335 1604 removeri
1363 1538 1636 1624 possunt
1666 1555 1682 1598 ε
1737 1531 1848 1597 alii
1888 1552 2039 1598 vero
2071 1532 2337 1620 propter
2367 1525 2520 1592 tales
2569 1546 2705 1592 cau-

431 1668 530 1717 sas
557 1643 803 1735 privari
849 1648 1184 1732 nequeunt
1210 1638 1528 1707 beneficio
1582 1641 1928 1728 perpetuo;
1967 1637 2075 1704 sed
2131 1635 2184 1702 si
2223 1630 2605 1700 beneficium
2633 1630 2705 1697 sit

432 1773 588 1821 cum
624 1771 780 1818 cura
805 1748 1207 1833 animarum,
1238 1743 1425 1813 aliter
1458 1743 1859 1834 providetur,
1898 1748 1973 1810 ut
2012 1741 2296 1810 dicimus
2334 1738 2406 1804 in
2455 1739 2703 1803 tractatu

437 1853 516 1925 de
542 1852 866 1924 Paroclw.

521 1961 630 2031 ΙΙΙ.
664 1963 772 2028 Ita
804 1970 1065 2027 tenetur
1087 1956 1458 2049 Episcopus
1480 1955 1805 2046 requirere
1829 1955 2176 2022 consilium
2205 1955 2328 2047 huj
2332 1981 2408 2025 us
2432 1956 2695 2025 commis·

434 2069 664 2157 sionis,
701 2081 778 2136 ut
806 2077 964 2135 acta
984 2065 1230 2157 absque
1254 2065 1374 2132 hoc
1426 2062 1702 2132 consilio
1722 2062 1859 2130 sint
1882 2062 2102 2129 irrita.
2128 2100 2219 2114 —-
2241 2061 2473 2142 Quoad
2489 2062 2695 2131 henefi-

436 2175 540 2244 cia
586 2173 938 2242 seminario
993 2173 1280 2240 unienda
1340 2171 1463 2238 hoc
1523 2175 1777 2237 certum
1848 2190 1982 2236 esse
2029 2169 2121 2236 sic
2174 2170 2374 2236 tradit
2420 2169 2694 2236 Benedic-
2770 2204 2777 2213 ·

435 2290 540 2349 tus
559 2280 714 2350 XIV
743 2304 760 2349 ε
789 2306 824 2345 «
852 2279 1151 2361 Quorum
1193 2277 1459 2367 quidem
1505 2277 1808 2368 (quatuor
1861 2274 2193 2343 seminarii
2245 2269 2694 2366 deputatorum)

444 2412 501 2451 a.
523 2387 874 2454 consilium
911 2408 950 2453 a
989 2384 1374 2453 Tridentina
1399 2384 1647 2471 synodo
1675 2383 1745 2448 in
1771 2381 2128 2449 unionibus
2157 2381 2559 2472 hujusmodi,
2593 2403 2697 2472 pro

439 2516 475 2558 «
520 2493 776 2581 forma,
800 2496 875 2560 ut
896 2489 1023 2557 dici
1057 2489 1239 2573 solet,
1261 2489 1649 2578 requiritur,
1685 2494 1755 2556 ut
1776 2488 2068 2556 observat
2083 2487 2376 2556 Lotterus
2398 2489 2510 2576 (De
2524 2512 2593 2556 re
2615 2488 2702 2556 be-

440 2620 476 2662 «
520 2596 688 2684 nesi,
718 2595 766 2661 l.
797 2596 859 2677 1,
884 2616 949 2683 q.
980 2593 1091 2676 27,
1124 2616 1193 2661 n.
1228 2594 1366 2684 60),
1400 2600 1462 2661 et
1498 2598 1574 2661 ut
1606 2594 1962 2662 resolutum
1991 2595 2175 2663 suita
2215 2593 2702 2681 Congregatione

444 2728 480 2771 α
524 2701 816 2791 ejusdem
848 2698 1110 2767 concilii
1141 2699 1490 2788 interprete
1526 2696 1621 2788 (in
1652 2720 1846 2766 causa
1870 2698 2247 2786 Giennensi,
2283 2699 2361 2766 14
2401 2698 2700 2768 februarii

450 2834 483 2875 «
534 2808 732 2891 1544,
761 2802 1539 2882 —l.v111Decretorum,
1582 2825 1733 2894 pag.
1787 2803 1942 2895 14):
2000 2808 2218 2873 Sacra
2284 2803 2700 2894 Conqreqatio

449 2942 485 2980 «
531 2914 781 2982 censuit
798 2911 1068 2981 uniones
1091 2911 1311 3000 factas
1343 2910 1705 2993 seminario
1734 2911 1974 3001 absque
1998 2911 2264 2979 consilio
2297 2933 2520 2979 eorum
2560 2930 2697 2999 qua-

452 3045 487 3084 «
531 3028 681 3085 tuor
697 3040 857 3109 quos
863 3015 1062 3105 jubet
1089 3015 1439 3083 concilium
1472 3014 1793 3103 adbiberi,
1820 3016 2092 3083 minime
2117 3017 2370 3084 valere.
2407 3016 2487 3084 Et
2511 3015 2575 3082 in
2592 3014 2693 3080 alia

451 3151 486 3193 «
528 3122 970 3215 (Ferrariensi‚
1009 3122 1047 3191 3
1095 3122 1628 3212 martiiejusdem
1649 3123 1831 3206 anni,
1863 3161 1952 3176 --
1992 3123 2109 3190 lib.
2141 3145 2252 3190 vm
2281 3122 2686 3202 Decretorum,

452 3256 487 3296 α
534 3254 602 3319 p.
638 3229 776 3297 16a
798 3230 999 3318 tergo)
1036 3252 1053 3296 ε
1111 3232 1326 3296 Sacra
1370 3227 1809 3317 Conqreqatio
1848 3230 2096 3297 censuit
2124 3230 2199 3298 in
2227 3228 2571 3297 unionibus
2603 3225 2690 3292 be-

454 3360 490 3400 «
524 3335 911 3423 neficiorum
957 3331 1289 3425 faciendis
1331 3332 1718 3414 seminaria,
1762 3336 1938 3402 satis
1960 3357 2090 3404 esse
2133 3357 2395 3403 servare
2427 3337 2686 3426 formam

454 3466 488 3507 α
527 3438 854 3507 traditam
883 3462 925 3506 a
973 3437 1250 3520 coneilio
1282 3436 1365 3527 (c.
1425 3437 1532 3521 18,
1570 3459 1688 3504 ses.
1739 3437 1874 3529 23),
1909 3462 2025 3508 nee
2075 3441 2327 3532 requiri
2382 3438 2686 3509 consilium

450 3572 486 3613 «
529 3544 899 3636 capituli.»
946 3541 1062 3633 (De
1080 3563 1222 3632 syn.
1248 3541 1631 3626 dioecesana,
1658 3543 1702 3610 1.
1740 3567 1830 3628 lx,
1868 3568 1927 3614 c.
1978 3546 2044 3629 7,
2090 3568 2158 3614 n.
2203 3546 2301 3637 2.)

532 3652 757 3735 Quoad
777 3657 988 3718 taxam
1017 3648 1479 3739 imponendam
1516 3655 1576 3715 et
1606 3656 1960 3739 generatim
1982 3652 2193 3742 quoad
2221 3653 2349 3720 alia
2377 3648 2587 3720 omnia
2615 3643 2686 3712 sic

446 3757 777 3828 concludit
817 3752 1197 3825 Monacelli:
1239 3751 1470 3820 «Taxa
1491 3765 1609 3845 pro
1660 3758 2005 3825 seminario
2044 3758 2346 3826 constitui
2400 3757 2599 3835 debet,
2634 3752 2688 3815 ut

450 3890 486 3932 κ
527 3863 884 3932 concilium
916 3860 1205 3942 mandat,
1245 3882 1393 3927 cum
1449 3861 1718 3929 consilio
1774 3864 2264 3954 deputatorum
2314 3864 2503 3932 aliter
2547 3858 2689 3929 solus

452 3990 485 4029 «
532 3967 894 4063 Episcopus
914 3963 1235 4032 inutiliter
1261 3969 1496 4032 taxaret
1522 3989 1537 4032 z
1571 3988 1724 4062 narn
1752 3968 2070 4059 obligatus
2094 3969 2173 4037 ad
2196 3969 2548 4060 petendum
2567 3982 2692 4032 con·

447 4094 500 4138 «γ
530 4072 751 4138 silium
789 4072 1071 4160 alicujus
1094 4070 1267 4162 (licet
1289 4071 1474 4160 sequi
1499 4094 1630 4140 non
1671 4075 2014 4168 teneatur),
2043 4077 2116 4143 ·si
2167 4075 2332 4143 illud
2364 4097 2496 4143 non
2521 4073 2686 4161 petat,

448 4203 483 4260 a
528 4175 794 4242 nulliter
816 4178 950 4263 agit
970 4203 987 4262 ;
1009 4199 1088 4244 ex
1107 4178 1426 4267 congestis
1456 4200 1494 4245 a
1520 4176 1865 4268 Pignatelli
1920 4181 2122 4272 (cons.
2159 4181 2315 4267 180,
2348 4203 2416 4248 n.
2458 4172 2687 4264 7,t.1);

444 4309 480 4350 «
526 4286 589 4349 et
616 4278 683 4360 in
714 4279 1011 4348 terminis
1039 4281 1377 4352 declaravit
1405 4281 1596 4351 Sacra
1625 4283 2047 4375 Congregatio
2073 4286 2358 4356 concilii.
2396 4311 2431 4350 >³
2466 4283 2558 4375 (ln
2598 4279 2692 4345 Sa·

435 4387 776 4472 lernitana,
808 4406 1005 4472 quam
1035 4386 1229 4451 refert
1247 4386 1612 4477 Crispinus,
1634 4394 1732 4459 De
1761 4394 1970 4479 visit„
2003 4399 2168 4484 part.
2206 4415 2269 4476 n,
2307 4392 2348 4482 ἓ
2378 4392 2485 4477 31,
2522 4411 2581 4454 n.
2607 4380 2688 4464 6.)
