2930 4982
416 356 543 413 606
1387 350 1729 401 ‘ruffinus

1484 560 1643 620 VIII

440 707 646 759 collatio
668 702 994 756 canonicatus
1026 702 1081 748 et
1110 692 1391 761 praebendae
1420 689 1642 741 eeclesias
1671 686 1962 749 collegiatae.
1996 682 2163 747 (Apud
2189 679 2480 741 Monacella’,
2507 681 2594 729 tit.
2618 681 2663 740 ²,

1441 780 1591 830 form.
1626 779 1722 834 15.)

1266 949 1348 1018 N.
1386 947 1747 1040 Episcopus
1774 941 1857 1011 N.

596 1048 868 1129 Dilecto,
899 1049 1017 1113 etc.

506 1176 696 1254 Cum,
721 1175 890 1241 sicut
913 1169 1305 1260 accepimuS‚
1341 1163 1764 1232 canonicatus
1796 1166 1859 1227 et
1881 1156 2227 1250 praebenda
2253 1155 2324 1221 in
2354 1152 2701 1240 Collegiata

417 1283 682 1354 ecclesia
703 1279 759 1348 N
770 1332 784 1346 .
814 1280 943 1347 loci
962 1277 1042 1345 N.
1069 1277 1267 1364 hujus
1290 1277 1523 1340 nostrae
1539 1268 1858 1355 dioecesis,
1881 1288 2043 1356 quos
2064 1263 2220 1332 Rev.
2244 1260 2604 1329 canonicus
2624 1255 2698 1323 N.

419 1390 680 1458 illorum
730 1387 1006 1454 ultimus
1052 1402 1375 1473 possessor
1423 1376 1779 1458 obtinebat,
1828 1395 1943 1464 per
1984 1372 2236 1439 obitum
2288 1366 2588 1457 ejusdem
2634 1365 2705 1431 de

422 1517 642 1565 mense
669 1493 752 1563 N.
789 1491 1157 1560 vacaverint
1184 1493 1246 1555 et
1280 1490 1508 1555 vacent
1543 1485 1623 1551 ad
1649 1502 1956 1572 praesenS‚
1989 1501 2073 1546 ne
2103 1477 2362 1544 divinus
2396 1473 2612 1541 cultus
2640 1469 2703 1535 in

422 1603 591 1671 dicta
619 1600 949 1689 collegiata
976 1594 1246 1665 ecclesia
1275 1592 1746 1660 detrimentum
1784 1587 2091 1675 patiatur,
2130 1582 2342 1649 eidem
2376 1580 2456 1646 de
2489 1579 2702 1645 idoneo

425 1708 736 1776 canonico
772 1704 1112 1796 providere
1140 1700 1450 1783 volentes,
1481 1694 1630 1762 Tibi
1660 1696 1851 1782 cujus
1872 1692 2005 1758 vita
2029 1696 2093 1757 et
2122 1710 2389 1757 morum
2430 1684 2702 1776 probitas

423 1837 497 1882 ac
528 1812 841 1880 virtutum
881 1809 1139 1893 merita,
1183 1826 1329 1894 quae
1358 1802 1560 1871 Nobis
1592 1801 1746 1890 ipsis
1787 1804 1938 1865 nota
1967 1802 2143 1881 sunt,
2184 1800 2246 1862 et
2279 1795 2563 1861 aliorum
2594 1790 2705 1859 fide

422 1917 775 2007 dignorum
801 1914 1344 1984 commendantur
1377 1908 1771 1990 testimonio,
1809 1905 2143 1996 praedictos
2174 1900 2633 1970 canonicatum
2654 1902 2709 1964 et

425 2021 870 2113 praebendam,
915 2019 1277 2110 praemisso,
1338 2016 1472 2083 sive
1502 2014 1627 2081 alio
1671 2012 1898 2101 quovis
1939 2010 2133 2077 modo
2177 2010 2503 2086 vacantes,
2563 2024 2706 2071 cum

422 2127 553 2195 illis
581 2127 792 2195 forsan
821 2125 1112 2207 annexis,
1146 2129 1209 2190 et
1235 2120 1543 2188 omnibus
1566 2117 1855 2208 juribus,
1883 2114 2267 2199 honoribu5‚
2298 2111 2630 2191 oneribus,
2654 2114 2712 2175 et

425 2234 828 2324 pertinentiis
852 2232 988 2299 suis
1019 2228 1365 2308 universiS,
1398 2229 1774 2295 auctoritate
1800 2227 2013 2290 nostra
2039 2203 2393 2301 ordinaria,
2433 2225 2518 2284 ‘ac
2540 2214 2707 2284 omni

427 2339 552 2406 alio
581 2338 834 2405 meliori
867 2337 1083 2418 modo,
1111 2337 1257 2425 jure
1285 2338 1348 2401 et
1383 2333 1594 2401 forma
1624 2331 1862 2422 quibus
1890 2329 2125 2396 melius
2164 2346 2534 2417 possumus,
2570 2343 2711 2389 con-

428 2445 700 2513 ferimus
726 2449 789 2513 et
825 2444 1260 2531 assignamuS‚
1292 2441 1371 2509 de
1403 2440 1662 2529 illisque
1692 2458 1908 2506 coram
1934 2434 2160 2522 Nobis,
2186 2433 2383 2502 'flexis
2414 2429 2708 2520 genibuS‚

429 2550 771 2616 humiliter
796 2551 1230 2616 constitutum
1273 2553 1335 2615 et
1368 2551 1838 2636 acceptantem‚
1871 2566 1985 2635 per
2018 2542 2209 2611 bireti
2238 2547 2348 2609 tuo
2377 2537 2568 2629 capiti
2596 2538 2716 2604 im-

430 2656 845 2747 positionem,
878 2676 1034 2720 cum
1064 2654 1236 2743 juris
1268 2651 1999 2741 canonici‘plenitudine
2024 2649 2425 2724 investimus,
2455 2648 2709 2732 recepto

431 2764 612 2854 prius
643 2785 680 2830 a
699 2760 815 2845 Te,
849 2766 970 2829 etc.
995 2760 1140 2840 Quo
1169 2760 1363 2842 circa,
1387 2764 1511 2825 etc.
1540 2762 1627 2842 (et
1649 2779 1912 2847 sequere
1941 2757 2109 2825 utin
2128 2750 2443 2847 formulis
2465 2770 2710 2840 praece-

428 2869 769 2953 dentibus,
825 2866 1278 2960 praetermissa
1339 2862 1744 2954 obliqatz'one'
1816 2862 2168 2932 emittendi
2224 2856 2714 2952 professionem

432 2976 604 3057 fidei,
643 2973 737 3042 ad
772 2998 975 3065 quam
999 2997 1130 3041 non
1156 2984 1416 3041 tenetur
1443 2969 1801 3038 canonieus
1826 2956 2245 3059 eolleqialoe).
2282 2965 2550 3047 Datum,
2593 2967 2708 3029 etc.

1688 3099 1770 3167 N.
1803 3099 2160 3190 Episcopus
2183 3096 2264 3164 N.

1194 3209 1366 3277 Loco
1390 3213 1439 3295 †
1468 3209 1687 3298 sigilli.
1724 3206 1806 3274 N.
1840 3203 2277 3275 Cancellarius
2311 3196 2709 3291 episcopalis

518 3375 672 3443 Haec
691 3377 973 3443 formula
991 3376 1251 3466 respicit
1280 3399 1430 3443 casu
1443 3399 1506 3442 m
1531 3399 1663 3464 quo
1683 3398 1757 3442 ex
1775 3372 2036 3464 speciali
2047 3372 2197 3460 jure
2217 3369 2298 3436 ad
2324 3367 2712 3458 Episcopum

431 3480 771 3574 pertineret
802 3480 1055 3547 collatio
1076 3482 1587 3548 canonicatuum
1616 3479 1991 3568 collegiatae.
2027 3476 2335 3545 Vidimus
2362 3474 2548 3543 enim
2586 3470 2714 3540 col-

429 3590 735 3657 lationem
757 3585 938 3654 illam
957 3587 1037 3654 ad
1054 3585 1414 3676 capitulum
1432 3585 1818 3675 regulariter
1837 3584 2179 3675 pertinere.

1531 3799 1621 3858 IX

586 3931 794 3981 Collatio
828 3929 1053 3980 beneficii
1078 3928 1143 3980 ad
1169 3926 1447 3990 capitulum
1465 3924 1751 3975 cathedrale
1769 3925 2057 3988 spectantis.
2086 3920 2253 3985 (Apud
2272 3918 2573 3978 Monacelli,

1341 4017 1419 4064 tit.
1447 4027 1504 4074 11,
1528 4012 1674 4063 form.
1705 4013 1814 4075 16.)

430 4150 788 4234 UniversiS,
817 4159 939 4222 etc.
977 4153 1108 4223 Nos
1132 4152 1212 4221 N.
1261 4151 1342 4219 N.
1377 4156 1437 4218 et
1461 4149 1541 4219 N.
1578 4149 1659 4217 N.
1696 4148 2081 4238 Dignitates,
2119 4144 2418 4216 canonici
2449 4150 2513 4212 et
2542 4141 2715 4232 capi-

522 4256 736 4326 tulum
766 4258 1149 4328 cathedralis
1178 4258 1260 4326 N.
1293 4296 1385 4310 —-
1414 4256 1701 4326 Salutem
1731 4256 1803 4322 in
1840 4278 1915 4323 eo
1954 4256 2069 4345 qui
2098 4252 2256 4321 vivit
2285 4257 2348 4319 et
2375 4256 2629 4339 regnat.

520 4391 687 4460 Cum
758 4389 975 4478 itaque
1030 4389 1418 4467 beneficium
1471 4413 1584 4459 seu
1638 4388 1992 4480 capellania
2037 4390 2346 4479 perpetua
2394 4381 2477 4450 ad
2529 4380 2713 4448 altare
