2930 4982
1140 375 1220 421 m:
1258 373 1581 422 cunnus.
2384 370 2502 427 56¹

224 497 369 566 sede
391 502 682 583 vacante,
709 496 764 563 si
800 495 1176 563 instituatur
1206 499 1463 561 tantum
1489 492 1800 561 discussio
1828 494 1907 562 de
1934 495 2289 584 quaestione
2314 519 2514 586 gene-

225 604 343 673 rali
385 626 475 670 an
511 601 896 693 jurisdictio
926 600 1251 693 Episcopi
1280 610 1579 667 transeat
1604 597 1698 666 ad
1722 601 2085 690 capitulum
2101 623 2130 686 ;
2166 610 2277 670 aut
2317 607 2509 674 etiam

226 712 303 780 de
344 710 808 801 quaestionibus
848 711 1072 776 minus
1117 707 1555 796 generalibu8‚
1590 705 1657 772 in
1702 706 1943 794 quibus
1983 731 2084 776 res
2128 711 2517 803 expenditur

228 816 435 906 quoad
475 813 833 903 quamlibet
849 811 1324 903 jurisdictionis
1348 812 1657 902 speciem.
1700 810 2190 882 Deveniendum
2242 841 2396 909 ergo
2420 830 2515 888 est

231 923 308 991 ad
334 943 517 989 casus
549 920 997 1010 particulares,
1023 919 1090 986 id
1118 925 1211 985 est
1254 919 1335 986 ad
1360 918 1544 990 ,varia
1569 918 1816 1008 objecta
1860 919 2032 987 circa
2062 942 2208 1009 quae
2269 923 2517 1015 inquiri

228 1029 386 1100 solet
426 1033 650 1094 utrum
698 1025 976 1093 vicarius
1026 1023 1404 1113 capitularis
1447 1025 1584 1091 sive
1633 1023 1992 1114 capitulum
2041 1024 2275 1094 babeat
2321 1050 2520 1099 necno

227 1134 771 1225 jurisdictionem.

1168 1327 1592 1412 §APUTIV

236 1519 591 1568 JURISmc‘rIO
645 1516 942 1576 CAPITULI,
1000 1513 1148 1559 SEDE
1206 1513 1510 1577 VAGANTE,·
1570 1515 1951 1562 EXPENDITUR
2011 1518 2074 1561 IN
2129 1518 2526 1567 PARTIGULARI

1028 1620 1203 1668 (unca
1246 1622 1435 1665 VARIA
1481 1621 1735 1667 OBJECTA

324 1834 493 1902 Cum
519 1831 818 1922 superius
843 1835 1158 1919 tanquam
1185 1829 1415 1918 regula
1442 1830 1763 1917 generalis
1791 1835 2099 1899 statutum
2129 1834 2212 1901 sit
2226 1835 2536 1923 jurisdic-

240 1944 484 2010 tionem
512 1939 814 2030 Episcopi
846 1938 924 2005 ad
972 1936 1361 2025 capitulum,
1399 1937 1546 2003 sede
1575 1942 1869 2022 vacante,
1895 1940 2195 2023 transire,
2228 1945 2291 2008 et
2339 1964 2536 2032 appo-

238 2050 356 2116 sita
380 2048 575 2115 suerit
609 2048 748 2111 haec
793 2043 1149 2110 restrictiva
1179 2042 1499 2124 clausula,
1551 2042 1837 2132 eoeceptis
1873 2065 2025 2131 quoe
2080 2067 2122 2110 a
2164 2045 2324 2134 jure
2373 2049 2541 2132 ezoi-

238 2155 542 2241 piuntur,
577 2152 688 2218 hic
712 2150 881 2216 inter
915 2150 1043 2217 alia
1085 2149 1481 2237 exponendae
1515 2149 1788 2216 veniunt
1817 2152 2226 2239 exceptiones
2251 2152 2409 2221 illae:
2450 2156 2536 2222 ita

243 2264 316 2326 ut
339 2261 656 2345 quantum
688 2255 829 2322 fieri
853 2255 1053 2344 possit
1079 2254 1506 2322 determinata
1542 2258 1874 2321 remaneat
1921 2253 2034 2320 illa
2062 2260 2202 2322 tum
2231 2258 2525 2347 capituli,

245 2366 384 2429 tum
425 2362 647 2429 vicarii
696 2361 1097 2451 capitulariS,
1141 2360 1288 2426 sede
1311 2364 1603 2440 vacante,
1629 2364 1929 2448 potestas.
1953 2357 2287 2428 Materiam
2315 2369 2536 2432 autem

242 2489 503 2536 omnem
524 2468 595 2537 in
618 2468 827 2536 varias
851 2465 1295 2558 paragraphos
1320 2466 1790 2535 distribuamus
1819 2488 1835 2532 t
1865 2465 2035 2554 quod
2057 2473 2278 2536 tamen
2301 2476 2543 2560 spectat

240 2573 321 2640 ad
349 2574 683 2641 materiam
728 2571 1240 2648 beneficiariam,
1279 2594 1396 2661 pro
1424 2571 1520 2638 rei
1563 2572 1899 2660 grav-itate,
1932 2570 2013 2638 ad
2046 2592 2323 2661 sequens
2350 2582 2542 2666 caput

243 2700 637 2771 reponemus,

1344 2858 1459 2936 ξι

237 3061 312 3101 An
350 3061 649 3101 caprruwn
689 3061 800 3101 NON
830 3032 1147 3100 TRANSEUNT
1192 3059 1313 3106 QUAE
1351 3059 1666 3100 couPE‘rUN'r
1693 3060 1939 3100 EPISCOPO
1968 3060 2201 3102 RAT10NE:
2237 3065 2539 3106 DIGNITATIS

1222 3156 1555 3195 EPISCOPALIS

2345 3261 2368 3289 b

334 3345 402 3413 ld
431 3345 865 3414 communiter
890 3349 1111 3412 tenent
1142 3345 1462 3412 doctores,
1505 3369 1541 3408 «
1572 3342 1976 3434 Capitulum,
2014 3346 2104 3412 ait
2143 3345 2418 3438 Pirhing
2444 3351 2534 3440 (in

256 3452 578 3520 «titulum
615 3452 725 3536 33,
750 3453 909 3519 libri
947 3474 968 3518 ι
1008 3451 1299 3537 Decret.,
1325 3473 1394 3518 n.
1429 3450 1568 3541 49),
1609 3472 1740 3518 non
1766 3451 2054 3520 succedit
2100 3452 2171 3520 in
2236 3462 2537 3544 potestate

251 3586 290 3625 «
314 3558 649 3650 Episcopis
682 3580 977 3626 concessa
1017 3559 1272 3624 ratione
1301 3557 1635 3646 dignitatis
1666 3579 1741 3625 ac
1769 3559 2272 3646 praeeminentiae
2296 3562 2539 3649 episco-

252 3691 287 3729 «
314 3666 503 3756 palis,
539 3687 684 3753 quae
727 3664 870 3731 aliis
916 3664 1029 3752 qui
1068 3662 1370 3751 Episcopi
1416 3683 1546 3727 non
1580 3669 1760 3746 sunt,
1794 3664 1942 3729 licet
1974 3663 2402 3753 episcopalem
2433 3668 2535 3733 vel

256 3772 496 3862 «quasi
526 3769 952 3861 episcopalem
995 3767 1522 3857 jurisdictionem
1575 3773 1908 3835 exerceant
1948 3789 2080 3835 non
2124 3770 2531 3857 conceditur;

254 3905 285 3942 α
319 3879 532 3967 qualis
555 3884 648 3945 est
668 3877 934 3944 facultas
963 3874 1334 3942 celebrandi
1361 3874 1628 3941 missam
1659 3873 1726 3940 in
1756 3873 1985 3941 itinere
2005 3879 2178 3942 extra
2197 3877 2535 3950 ecclesiam

254 4010 288 4049 «
319 3985 389 4051 in
419 3985 559 4053 loco
581 3984 834 4052 decenti
868 4004 1065 4073 super
1103 3982 1292 4048 altari
1323 3980 1635 4071 portatili‚
1668 3979 1999 4069 Episcopis
2018 4001 2318 4051 concessa
2340 3985 2409 4052 in
2438 4010 2539 4056 ca-

254 4118 291 4156 «
319 4092 451 4180 pite
477 4090 710 4158 ultimo
734 4094 831 4159 De
841 4088 1225 4180 privileqiis
1252 4089 1316 4154 in
1351 4088 1394 4154 6
1422 4112 1447 4166 ;.
1469 4093 1530 4154 et
1553 4087 1679 4154 alia
1707 4087 2084 4175 hujusmodi
2109 4090 2471 4183 privilegia.
2498 4122 2532 4161 >³

254 4223 291 4263 t(
319 4197 479 4277 Quae
521 4196 582 4263 ei
620 4199 866 4264 ratione
892 4197 1226 4286 dignitatis
1251 4215 1385 4260 suae
1418 4193 1678 4283 speciali
1708 4194 1860 4278 jure
1889 4192 2030 4260 data
2051 4195 2153 4261 vel
2192 4199 2540 4267 commissa

259 4309 492 4386 «sunt,
553 4324 684 4370 non
707 4307 1047 4369 transeunt
1096 4300 1177 4368 ad
1223 4299 1609 4389 capitulum.
1645 4322 1681 4362 »
1746 4297 2153 4386 (LeureniuS‚
2193 4305 2539 4371 Tractatus

259 4436 293 4474 «
321 4408 401 4477 de
425 4409 751 4500 capitulO,
792 4407 940 4478 sede
969 4430 1151 4495 vac.²
1186 4412 1415 4497 quaest.
1450 4404 1635 4495 462.)
