2930 4982
370 363 496 419 336
1337 364 1683 411 TnAcrA‘rus

455 490 521 558 9.
550 489 878 557 Tenentur
903 492 1122 554 autem
1151 485 1232 552 ad
1257 484 1501 552 dictam
1547 483 2015 575 professionem
2044 481 2196 550 fidei
2227 480 2570 571 dignitates
2593 490 2656 552 et

367 594 660 666 canonici
679 592 1151 661 cathedralium
1170 591 1367 659 etiam
1381 590 1655 680 exempti
1674 617 1692 677 ;
1716 595 1779 657 et
1795 588 2055 679 quando
2072 609 2320 656 novum
2335 587 2658 678 recipiunt

363 699 819 770 canonicatum
846 703 956 767 aut
984 698 1394 787 dignitatem,
1425 697 1611 764 illam
1636 694 2101 787 professionem
2136 693 2377 763 debent
2398 695 2652 763 iterare.

367 808 839 898 (CeccoperiuS,
863 807 1006 873 loco
1035 804 1250 887 citat0,
1279 825 1346 871 n.
1374 802 1474 891 6.)

460 914 569 983 10.
597 911 870 993 Quando
899 912 1093 1002 elapsi
1133 914 1287 979 sunt
1314 910 1447 978 duo
1474 929 1724 977 menses
1752 908 1916 998 quin
1946 906 2413 998 professionem
2438 907 2662 976 emise-

365 1021 527 1106 rint,
553 1020 765 1087 adbuc
785 1023 1141 1109 perseverat
1158 1025 1222 1086 et
1240 1020 1430 1105 urget
1446 1015 1755 1105 obligatio
1779 1013 2149 1105 profitendi.
2185 1012 2663 1105 (Ceccoperius‚

367 1126 561 1209 ibid.,
590 1148 661 1194 n.
687 1127 726 1193 7
737 1123 783 1214 .)

464 1233 568 1299 11.
611 1258 644 1298 «
669 1231 1059 1321 Hujusmodi
1093 1229 1400 1321 professio
1429 1229 1580 1297 fidei
1613 1233 1818 1319 potest
1843 1227 1985 1295 fieri
2031 1247 2146 1317 per
2176 1232 2665 1318 procuratorem

378 1365 412 1404 «
454 1339 799 1407 habentem
842 1339 922 1405 ad
949 1338 1017 1406 id
1045 1337 1319 1428 speciale
1342 1336 1750 1417 mandatum,
1778 1333 2099 1424 quidquid
2123 1333 2232 1404 alii
2264 1335 2578 1404 scribant.
2627 1358 2660 1399 »

373 1445 488 1536 (lta
515 1444 962 1535 CeccoperiuS,
988 1443 1034 1511 l.
1071 1442 1185 1530 lv,
1218 1442 1318 1510 tit.
1359 1442 1468 1529 10,
1494 1464 1564 1509 n.
1600 1440 1694 1532 9.)
1928 1437 1935 1444 ’

466 1551 574 1618 12.
602 1550 1009 1641 Praeceptum
1031 1550 1493 1618 Tridentinum
1518 1570 1650 1616 non
1676 1548 1936 1637 attingit
1960 1546 2357 1636 coadjutores
2395 1551 2674 1617 canoni-

372 1677 632 1734 corum,
652 1658 768 1745 qui
799 1665 954 1725 tunc
978 1661 1232 1724 tantum
1253 1656 1540 1746 profiteri
1561 1661 1866 1723 tenentur
1898 1654 2158 1743 quando
2179 1655 2447 1722 mortuis
2470 1657 2677 1724 coad-

363 1763 525 1853 jutis
545 1764 614 1829 in
638 1785 866 1831 eorum
894 1765 1112 1830 locum
1136 1764 1441 1831 subeunt.
1476 1762 1636 1830 ltem
1665 1783 1799 1830 non
1829 1761 2083 1850 attingit
2110 1760 2521 1830 beneficiatos
2547 1784 2674 1832 nec

372 1872 721 1938 canonicos
754 1870 1157 1938 honorario&
1211 1931 1218 1936 .

1464 2037 1581 2115 §2

447 2213 522 2252 AN
553 2213 610 2251 IN
640 2212 803 2250 STATU
832 2210 1100 2250 PRAESENTI
1129 2210 1492 2250 ECCLESIARUM
1527 2210 1736 2248 GALLIAE
1774 2210 1985 2249 URGEAT
2013 2207 2280 2248 PRAEDICTA
2318 2209 2606 2249 OBLIGATIO

464 2387 589 2454 Per
614 2387 863 2454 bullam
894 2386 1261 2453 concordati
1284 2385 1444 2453 anni
1473 2384 1637 2453 1801
1690 2383 1980 2454 extinctae
2005 2390 2159 2453 sunt
2182 2390 2424 2453 veteres
2448 2406 2674 2455 omnes

376 2493 666 2561 ecclesiae
681 2490 906 2561 Galliae
929 2520 947 2579 3
978 2515 1054 2560 ac
1080 2491 1350 2583 proinde
1379 2491 1504 2560 hoc
1527 2493 1667 2583 ipso
1687 2493 2038 2562 extinctum
2066 2499 2158 2561 est
2194 2493 2530 2582 quodlibet
2560 2496 2676 2584 jus

374 2598 761 2688 particulare
785 2598 941 2688 ipsis
961 2598 1285 2666 inhaerens
1307 2625 1324 2684 3
1350 2599 1438 2665 ita
1464 2605 1536 2666 ut
1554 2621 1737 2667 novae
1775 2622 1921 2690 quae
1944 2622 2125 2668 nunc
2155 2606 2362 2668 extant
2382 2600 2676 2668 ecclesiae

376 2705 498 2774 sub
511 2706 659 2794 jure
680 2705 1020 2772 communi
1041 2726 1153 2771 seu
1173 2703 1558 2773 Tridentino
1572 2713 1726 2773 ortae
1745 2706 1894 2773 sint.
1912 2705 2242 2797 Undejam
2262 2726 2510 2772 necesse
2531 2727 2676 2774 non

376 2817 472 2881 est
496 2811 769 2902 probare
795 2811 957 2879 olim
983 2810 1230 2900 ubique
1258 2809 1327 2876 in
1363 2808 1574 2878 Gallia
1603 2813 1882 2899 viguisse
1903 2800 2274 2903 praedictam
2300 2812 2676 2885 emittendae

374 2917 790 3008 professionis
841 2918 993 2985 fidei
1048 2917 1548 3004 obligationem3
1603 2924 1856 2985 certum
1907 2925 1999 2987 est
2042 2922 2225 2989 enim
2277 2926 2677 3010 praeceptum

375 3024 568 3107 illud,
625 3025 843 3091 statim
894 3029 1035 3114 post
1083 3023 1334 3091 bullam
1396 3023 1529 3106 Qui
1584 3024 1832 3092 Christi
1874 3026 2170 3112 Domini,
2213 3026 2677 3116 obligatorium

277 3130 283 3136 ’
376 3132 601 3199 fuisse.
625 3129 1037 3199 Consuetudo
1080 3136 1297 3198 autem
1331 3131 1586 3199 nullam
1607 3133 2069 3221 professionem
2100 3135 2248 3202 fidei
2272 3135 2579 3222 exigendi
2609 3134 2678 3201 in

374 3237 767 3323 recipiendis
801 3235 1272 3303 cathedralium
1295 3237 1723 3326 dignitatibus
1748 3245 1812 3306 et
1838 3240 2184 3324 canoniciS‚
2220 3240 2274 3308 si
2303 3262 2434 3328 qua
2460 3240 2678 3308 forsan

373 3339 621 3408 alicubi
643 3341 727 3407 ab
752 3363 925 3409 anno
955 3341 1117 3410 1801
1164 3342 1516 3434 irrepserit,
1550 3343 1619 3410 in
1644 3344 2032 3414 dioecesibus
2056 3345 2303 3434 Galliae,
2331 3368 2465 3433 non
2498 3347 2682 3414 vide·

372 3452 482 3512 tur
507 3444 740 3525 valere,
774 3454 917 3512 tum
942 3448 1094 3535 quia
1113 3453 1316 3537 potest
1331 3447 1471 3514 dici
1491 3448 1971 3535 irrationabilis,
2007 3458 2150 3519 tum
2173 3454 2329 3542 quia
2350 3452 2679 3522 Romano·

374 3573 528 3621 rum
557 3550 992 3619 tribunalium
1024 3553 1237 3642 praxis
1266 3559 1631 3620 constanter
1659 3562 1850 3645 urget
1886 3556 2423 3627 Tridentinorum
2455 3560 2678 3628 decre·

372 3665 595 3727 torum
636 3657 1137 3740 observantiam,
1174 3662 1239 3723 et
1281 3657 1375 3727 sic
1425 3659 1706 3750 impedit
1743 3682 1826 3729 ne
1873 3664 2106 3731 merito
2144 3666 2423 3755 supponi
2471 3664 2680 3733 valeat

374 3763 565 3857 Papae
590 3783 939 3832 consensus
964 3763 1035 3830 in
1059 3762 1254 3832 talem
1280 3767 1844 3835 consuetudinem.

464 3871 752 3938 Aliunde
802 3874 1019 3937 autem
1068 3869 1412 3939 subventio
1463 3894 1708 3958 annua,
1769 3896 1966 3963 quam
2025 3898 2062 3943 a
2115 3875 2448 3945 Gubernio
2501 3881 2682 3948 reci-

373 3975 565 4064 piunt
611 3974 933 4058 canonici,
988 3976 1306 4042 rationem
1361 3978 1725 4067 praebendae
1775 3982 2172 4051 canonicalis
2227 3985 2469 4053 habere
2518 3985 2685 4055 alibi

372 4078 816 4169 probavimus.
847 4080 1098 4161 Quibus
1129 4082 1379 4171 positis,
1419 4083 1509 4151 ita
1529 4086 2058 4156 concludendum
2082 4091 2329 4159 videtur
2364 4093 2680 4178 :Primo,

372 4190 563 4272 urget
608 4183 964 4254 hodiedum
1014 4189 1085 4255 in
1140 4186 1347 4257 Gallia
1397 4188 1860 4261 Tridentinum
1911 4203 2303 4286 praeceptum
2350 4197 2432 4264 de
2484 4200 2692 4267 emit-

373 4291 566 4359 tenda
595 4311 631 4356 a
659 4293 993 4359 canonicis
1023 4301 1087 4359 et
1111 4294 1539 4382 dignitatibus
1561 4299 2035 4369 cathedralibus
2061 4304 2462 4395 professione
2495 4304 2689 4373 fidei.

378 4393 704 4480 Secundo,
762 4395 878 4483 qui
908 4396 1372 4485 professionem
1405 4403 1555 4469 fidei
1595 4403 1982 4491 omiserunt,
2014 4429 2164 4478 suos
2202 4431 2337 4478 non
2379 4409 2696 4478 fecerunt
