2930 4982
1184 316 1264 361 ns
1308 314 1636 363 cunnus,
2421 307 2542 363 327

270 432 543 510 vembris
580 432 744 504 1591
784 434 878 526 (n.
932 435 1015 504 18
1051 434 1425 527 appendicis
1450 434 1706 525 septimi
1740 434 1903 504 tomi
1939 434 2338 505 collectionis
2378 435 2552 507 Gar·-

268 537 604 632 dellianae).

359 644 553 714 «Etsi
586 669 793 736 usque
828 645 909 714 ab
938 669 1112 715 anno
1150 646 1325 715 1629
1353 646 1566 737 pridie
1599 646 1904 715 kalendas
1929 647 2151 736 aprilis
2183 646 2381 717 Sacra
2410 649 2552 722 baec

274 751 577 819 «rituum
598 750 1021 841 Congregatio
1056 751 1330 820 sancivit
1360 753 1711 820 canonicos
1731 751 2111 820 cathedralis
2139 751 2552 825 Cotronensis

273 856 609 925 «ecclesiae
650 857 855 926 teneri
893 859 974 925 ad
1015 858 1508 927 inserviendum
1547 879 1667 948 pro
1703 857 1978 926 diacono
2021 864 2085 925 et
2125 859 2552 944 subdiacono,

268 989 299 1029 «
326 985 461 1031 non
516 964 730 1033 solum
780 964 1079 1054 dignitati
1133 965 1510 1033 solemniter
1559 964 1939 1049 celebranti,
1996 964 2108 1033 sed
2164 965 2359 1034 etiam
2407 969 2550 1037 cui·-

264 1096 297 1136 «
323 1092 620 1161 cumque
667 1070 794 1139 alio
847 1072 1161 1141 canonico
1211 1071 1468 1161 pariter·
1495 1070 1888 1155 celebranti;
1943 1070 2011 1139 in
2059 1072 2552 1162 praesentiarum

257 1201 290 1239 «
319 1183 705 1246 memoratae
742 1177 1023 1246 ecclesiae
1054 1178 1412 1268 capitulum
1439 1184 1503 1246 et
1540 1178 1836 1246 canonici
1882 1178 2124 1247 iteratis
2161 1177 2560 1248 humillimis

257 1306 294 1345 (ε
325 1284 643 1373 precibus
700 1305 944 1351 sacram
1011 1283 1220 1378 ipsam
1281 1283 1534 1352 rituum
1585 1283 2167 1376 Congregationem
2234 1289 2554 1375 rogarunt

261 1412 295 1450 ι(
323 1390 538 1474 enixe,
583 1399 657 1457 ut
690 1390 1019 1479 assignare
1059 1390 1442 1477 dignaretur
1486 1390 1909 1458 solemniores
1947 1390 2086 1458 dies
2116 1391 2358 1479 quibus
2389 1391 2565 1459 cele-

265 1521 296 1561 «
322 1495 559 1564 brante
626 1496 965 1585 dignitate,
1035 1495 1335 1564 canonici
1407 1496 1791 1586 hujusmodi
1847 1496 2189 1564 servitium
2257 1501 2561 1586 praestare

253 1627 300 1667 a
325 1607 733 1682 tenerentur,
762 1623 834 1671 ac
878 1601 1154 1670 insimul
1183 1602 1534 1681 declarare,
1566 1624 1728 1670 num
1757 1602 1825 1669 in
1858 1601 2140 1691 singulis
2162 1624 2279 1692 per
2309 1623 2559 1671 anuum

267 1731 297 1770 «
325 1708 708 1791 dominiciS,
765 1709 1127 1777 celebrante
1177 1709 1490 1798 dignitate
1537 1709 1641 1778 vel
1688 1709 2026 1787 canonico,
2069 1711 2137 1777 in
2182 1711 2437 1780 diaconi
2489 1715 2552 1779 et

266 1839 301 1878 ι(
326 1815 712 1898 subdiaconi
758 1815 969 1884 officio
998 1815 1298 1888 canonici
1343 1816 1658 1886 inservire
1698 1816 2018 1885 debeant?
2045 1855 2136 1870 —
2162 1815 2358 1886 Sacra
2386 1817 2562 1885 Con-

265 1944 297 1983 «
326 1924 709 2011 gregatio...
760 1924 1057 1991 censuit:
1109 1924 1315 1992 teneri
1351 1924 1665 1994 omnibus
1717 1923 1945 1991 dicbus
2000 1925 2263 2012 quando
2310 1925 2560 1992 solem-

267 2051 301 2091 «
329 2029 503 2096 niter
538 2030 821 2098 celebrat
848 2031 1132 2119 dignitas
1173 2030 1280 2097 vel
1321 2029 1701 2112 canonicUS‚
1732 2035 1797 2096 et
1822 2030 1902 2098 ad
1932 2031 2212 2098 formam
2248 2031 2560 2099 coustitu-

270 2159 304 2197 «
336 2135 601 2203 tionum
649 2137 1137 2227 capitularium.
1173 2161 1210 2202 »
1258 2135 1336 2204 17
1366 2135 1683 2206 februarii
1729 2135 1894 2204 1847
1934 2135 2130 2225 (apud
2170 2134 2551 2216 Gardellini,

257 2246 310 2305 t.
347 2239 529 2323 Vlll,
560 2263 631 2307 n.
661 2242 891 2331 4916).

255 2391 260 2394 -
345 2342 496 2412 ΧΠ.
547 2343 733 2413 Sexta
761 2353 824 2413 et
865 2367 1040 2414 nona
1085 2345 1413 2414 recitanda
1441 2351 1535 2414 est
1572 2346 1642 2414 in
1681 2346 1879 2415 choro
1913 2349 2057 2435 post
2098 2343 2367 2411 missam
2407 2366 2558 2413 con-

257 2449 657 2536 ventualem,
728 2473 939 2542 neque
1006 2451 1232 2521 satisfit
1294 2451 1671 2542 obligationi
1734 2450 1789 2520 si
1846 2451 2200 2522 recitentur
2266 2456 2552 2544 tempore

260 2558 470 2625 missae
498 2559 963 2627 conventualis.
1000 2558 1090 2628 Ita
1122 2559 1414 2631 decisum
1445 2582 1483 2628 a
1511 2559 1703 2629 Sacra
1750 2558 2266 2651 Congregatione
2300 2561 2549 2628 rituum

259 2661 400 2730 vide
425 2664 597 2754 apud
622 2663 981 2734 Gardellini
1012 2665 1082 2756 (t.
1116 2664 1289 2753 VIII,
1319 2688 1387 2734 n.
1420 2666 1645 2754 4550).

1195 2951 1483 3012 CAPUT
1529 2951 1618 3010 lv

396 3123 716 3191 OBLIGATIO
759 3124 1098 3185 RESIDENDI,
1147 3125 1222 3170 ET
1264 3126 1340 3169 DE
1383 3123 1816 3170 VAGATIONIBUS
1858 3123 1895 3168 A
1924 3122 2069 3168 sulm
2112 3119 2409 3167 CONCESSIS

344 3319 518 3388 Inter
574 3323 936 3411 praecipuas
979 3326 1041 3388 et
1085 3321 1369 3388 maxime
1420 3325 1728 3410 urgentes
1777 3320 2238 3388 canonicorum
2282 3317 2538 3406 obliga-

259 3427 455 3494 tiones
504 3428 731 3517 procul
777 3428 977 3495 dubio
1025 3427 1679 3497 commemorandum
1733 3426 2054 3495 residendi
2093 3429 2532 3518 praeceptum3

259 3531 425 3599 circa
448 3533 624 3622 quod
651 3554 784 3599 non
812 3555 1034 3622 paucae
1071 3534 1312 3602 utiliter
1354 3536 1604 3604 moveri
1647 3535 1853 3602 solent
1884 3535 2292 3623 quaestioneS,
2325 3534 2395 3599 in
2436 3549 2540 3597 se-

258 3638 605 3726 quentibus
627 3640 1045 3729 paragraphis
1079 3661 1258 3709 nuno
1271 3640 1730 3732 expendendae.
2526 3652 2533 3665 “

1352 3905 1456 3984 §1

992 4073 1230 4120 QUAENAR
1264 4074 1345 4117 su·
1380 4073 1665 4119 RESIDENDI
1698 4071 1806 4115 th

347 4247 396 4317 1.
427 4248 574 4316 Non
604 4250 977 4337 conceditur
1020 4252 1311 4320 absentia
1337 4250 1511 4318 ultra
1541 4253 1664 4314 tres
1705 4265 1958 4315 menses
1996 4241 2288 4333 quolibet
2333 4252 2528 4307 anno·

364 4358 721 4440 Praeterea,
753 4336 1203 4425 obtinentibus
1237 4356 1308 4423 in
1358 4338 1601 4423 hisdem
1650 4348 2148 4419 cathedralibus
2191 4328 2545 4410 autscolle-
