2930 4982
365 341 398 395 3
409 340 446 394 2
453 339 489 394 6
1339 346 1416 391 'I‘R
1422 345 1613 392 ACTAT
1618 344 1688 392 (IS

366 466 625 537 familiae
663 465 796 535 non‘
835 488 910 534 ea
946 472 1101 534 sunt
1137 463 1348 556 copia,
1395 485 1531 553 qua
1576 463 1782 554 possit
1821 462 2206 554 Episcopus,
2240 462 2485 533 relictis
2526 469 2653 536 suis

369 572 721 656 canonicis,
752 572 832 639 de
871 569 1186 639 tradenda
1213 568 1519 636 fidelibus
1546 568 1842 636 doctrina
1884 590 2091 651 sacra,
2138 569 2227 637 de·
2246 569 2654 641 confutandis

365 701 483 771 per
502 678 1026 769 praedicationem
1052 681 1118 742 et
1149 676 1388 765 scripta
1422 674 1641 765 (prout
1668 675 1859 742 hodie
1888 675 2118 743 multis
2146 675 2221 742 in
2261 675 2420 745 locis
2447 680 2657 767 requi-

365 784 582 877 ritur),
637 783 992 866 erroribus,
1056 783 1128 850 in
1184 784 1514 872 integrum
1567 781 1926 873 providere.
1990 781 2206 862 Quare
2262 782 2659 853 rationabilis

366 912 561 961 causa
582 912 782 958 onera
803 888 988 957 chori
1017 888 1487 969 imminuendi,
1516 890 1589 956 in
1619 889 1908 956 ecclesiis
1932 886 2161 956 Galliae
2189 888 2378 978 quasi
2400 892 2661 959 univer·

369 998 520 1067 salis
537 1004 599 1065 et
621 1003 954 1087 perpetua,
977 996 1363 1086 generaliter
1383 996 1735 1086 loquendo,
1765 996 2014 1063 censeri
2040 1000 2271 1085 potest.

459 1105 527 1172 4.
575 1101 854 1171 Videtur
884 1104 1079 1171 etiam
1120 1104 1210 1170 ita
1253 1106 1446 1171 statui
1487 1103 1783 1190 legitime
1823 1102 2107 1192 potuisse
2142 1124 2181 1169 a
2223 1103 2455 1192 primis
2516 1112 2658 1193 post

378 1209 845 1279 concordatum
870 1209 1204 1300 Episcopis
1241 1208 1493 1277 Galliae.
1540 1208 1704 1300 Ipsis
1740 1208 1918 1276 enim
1961 1206 2347 1276 aCardinali
2384 1208 2664 1299 Caprara

369 1317 537 1385 facta
566 1322 661 1383 est
683 1315 1129 1405 subdelegatio
1152 1316 1234 1384 ad
1258 1315 1559 1384 effectum
1582 1315 1885 1404 ‘erigendi
1908 1320 1969 1383 et
1983 1314 2327 1383 ordinandi
2349 1315 2659 1406 capitula.

371 1418 454 1490 Et
476 1421 631 1488 licet
657 1442 731 1488 ea
761 1426 1035 1511 potestas
1064 1421 1157 1488 eis
1193 1422 1426 1489 tradita
1451 1420 1534 1489 sit
1563 1420 1688 1488 sub
1725 1419 2088 1488 conditione
2117 1419 2291 1508 quod
2321 1421 2508 1508 juxta
2547 1442 2663 1488 ca-

371 1548 574 1598 nones
598 1533 662 1596 et
684 1527 1112 1596 conciliorum
1138 1534 1459 1618 praecepta
1480 1533 1542 1596 et
1561 1527 1845 1595 formam
1864 1526 2195 1614 hucusque
2212 1546 2334 1616 pro
2356 1525 2670 1616 capitulis

372 1639 695 1724 receptam
725 1655 800 1702 ea
829 1639 1189 1719 uterentur,
1231 1618 1430 1702 simul
1460 1641 1676 1703 tamen
1710 1635 1867 1725 ipsis
1897 1634 2359 1702 concedebatur
2386 1639 2461 1700 ut
2500 1656 2673 1725 pos-

372 1745 538 1823 sent,
578 1739 694 1806 ubi
731 1760 990 1808 necesse
1026 1739 1211 1826 foret,
1263 1740 1716 1832 dispositiones
1751 1741 1926 1830 juris
1969 1739 2338 1809 communis
2376 1759 2672 1828 praesen·

368 1846 547 1914 tibus
596 1845 1101 1915 circumstantiis
1160 1848 1678 1916 accommodare.
1750 1845 1820 1915 Si
1882 1867 2036 1936 ergo
2088 1844 2548 1914 existimarunt
2601 1847 2667 1915 id

370 1952 693 2044 postulare
718 1951 1236 2023 circumstantias
1260 1961 1335 2022 ut
1363 1978 1533 2024 onus
1557 1955 1950 2045 quotidianae
1974 1952 2184 2021 missae
2212 1952 2669 2021 conventualis

374 2058 805 2147 minueretur,
831 2066 1183 2151 potuerunt
1213 2062 1301 2129 ita
1329 2062 1621 2151 legitime
1638 2067 1938 2130 statuere.
1966 2058 2282 2129 Hodierni
2305 2065 2531 2128 autem
2551 2061 2668 2149 qui

373 2173 820 2234 successerunt
876 2167 1206 2258 Episcopi,
1261 2169 1341 2235 ad
1390 2191 1556 2258 quos
1600 2189 1733 2236 non
1780 2190 1845 2235 se
1891 2168 2175 2235 extendit
2222 2165 2667 2256 subdelegatio

371 2273 703 2362 praedicta,
743 2274 1125 2365 hujusmodi
1155 2276 1370 2368 oneris
1405 2276 1902 2344 imminutiones
1944 2275 2156 2365 quoad
2203 2275 2474 2344 missam
2508 2296 2665 2342 con-

373 2382 738 2447 ventualem
767 2381 1111 2450 decernere
1135 2405 1267 2450 non
1291 2383 1550 2471 valent3
1582 2384 1693 2452 sed
1725 2383 1985 2452 videtur
2011 2383 2137 2451 hoc
2166 2403 2201 2449 a
2235 2380 2471 2451 Sancta
2500 2379 2664 2451 Sede

375 2484 886 2575 impetrandum.

469 2587 584 2659 xl.
630 2593 736 2658 An
759 2594 1069 2662 canonici
1094 2606 1448 2662 teneantur
1476 2597 1794 2664 inservire
1811 2618 1940 2686 pro
1976 2594 2256 2664 diacono
2284 2608 2344 2663 et
2362 2594 2650 2663 subdia-

372 2717 534 2765 cono
553 2696 998 2788 diqm'tatibus
1016 2711 1080 2768 et
1105 2724 1333 2769 earum
1361 2702 1907 2793 coadjutoribus?
1930 2705 1996 2769 E
2002 2714 2029 2768 t
2058 2727 2149 2770 cm
2175 2704 2316 2771 vice
2331 2702 2523 2770 versit
2534 2705 2654 2769 2-

380 2825 415 2867 «
441 2799 755 2870 Canonici
794 2809 1093 2874 tenentur
1130 2807 1445 2875 inservire
1480 2830 1596 2898 pro
1626 2808 1900 2876 diacono
1923 2813 1984 2875 et
2014 2808 2408 2876 subdiacono
2430 2807 2659 2897 digni-

379 2932 412 2972 «
436 2910 675 2978 tatibus
701 2933 776 2980 ac
802 2934 1032 2980 eorum
1058 2914 1540 3005 coadjutoribus
1571 2915 1944 2983 solemniter
1972 2915 2480 2998 celebrantibuS,
2529 2935 2658 2982 non

381 3036 415 3077 ε(
440 3014 729 3083 obstante
783 3021 1106 3088 contraria
1141 3022 1650 3090 consuetudine:
1686 3022 1777 3089 sic
1812 3022 2049 3111 saepius
2082 3020 2432 3088 declaravit
2471 3019 2660 3088 Sacra

378 3142 412 3181 «
442 3119 694 3186 rituum
737 3121 1165 3213 Congregatio
1196 3127 1455 3218 (nempe
1499 3130 1570 3195 in
1608 3127 1872 3195 Clusina
1901 3126 1989 3194 20
2020 3126 2243 3217 aprilis
2275 3126 2439 3194 1641
2482 3126 2662 3192 —in

378 3249 412 3287 «
439 3223 857 3297 Brundusina
880 3230 918 3295 7
947 3231 1309 3300 decembris
1339 3234 1511 3301 1655
1529 3233 2153 3302 —Tolentinacensi
2173 3232 2211 3297 7
2236 3233 2459 3323 aprilis
2491 3230 2661 3300 1696

376 3353 528 3392 «-—
573 3331 988 3420 Neapolitana
1038 3338 1125 3404 25
1164 3341 1455 3427 januarii
1514 3339 1739 3430 1698),
1786 3348 1847 3407 et
1901 3340 2107 3408 tenuit
2155 3360 2415 3429 quoque
2461 3337 2660 3406 Sacra

376 3460 411 3499 ι(
438 3433 866 3524 Congregatio
897 3441 1156 3507 concilii
1180 3443 1271 3529 (in
1304 3444 1629 3512 Casalensi
1650 3444 1739 3512 28
1750 3447 2041 3535 januarii
2071 3444 2295 3535 1690).
2631 3476 2639 3489 ,

464 3568 500 3608 «
521 3541 601 3609 Et
626 3564 757 3610 non
789 3548 1043 3612 tantum
1077 3547 1373 3615 canonici
1396 3551 1715 3638 junioreS,
1754 3552 1862 3620 sed
1891 3553 2085 3620 etiam
2112 3551 2460 3639 ancianixet·
2498 3549 2657 3619 anti-

375 3675 412 3714 «
434 3649 714 3742 quiores,
764 3656 835 3719 ut
878 3653 1106 3722 eadem
1150 3676 1328 3724 sacra
1382 3656 1813 3748 Congregatio
1867 3660 2119 3727 rituum
2159 3658 2531 3727 declaravit
2565 3656 2654 3747 (in

373 3781 408 3819 α
432 3757 761 3828 Nucerina
790 3759 1202 3851 paganorum
1230 3763 1367 3833 25
1342 3766 1630 3855 januarii
1666 3765 1890 3856 1698).

464 3889 499 3928 «
524 3865 876 3955 Dignitates
927 3890 1079 3937 vero
1122 3893 1468 3960 nunquam
1512 3873 1749 3942 debent
1791 3871 2121 3941 canonicis
2172 3812 2657 3939 celebrantibus

372 3990 406 4030 «
436 3967 771 4057 inservire,
817 3980 889 4043 ut
935 3975 1055 4042 fuit
1097 3998 1134 4042 a
1180 3976 1346 4044 dicta
1400 3978 1913 4067 Congregatione
1964 3980 2213 4045 rituum
2264 3994 2653 4067 responsum

374 4069 525 4242 «gin
541 4072 950 4268 Sug-undensi
974 4082 1014 4153 3
1039 4081 1317 4151 octobris
1341 4083 1565 4173 1699).
1590 4109 1624 4150 »
1652 4084 2015 4164 Monacelli,
2040 4084 2138 4151 tit.
2163 4083 2234 4168 2,
2270 4082 2558 4151 formula
2582 4081 2649 4157 4,

372 4197 407 4242 a
453 4196 538 4242 no

459 4283 775 4351 Canonici
816 4286 1257 4377 diqnitatibus
1294 4308 1358 4364 et
1396 4298 1724 4366 canonicis
1758 4297 2171 4380 inser-vinnm
2206 4291 2657 4367 mansionarii

373 4413 523 4459 vero
562 4391 1051 4463 mansionariis,
1090 4398 1181 4465 Ita
1228 4398 1421 4471 Sacra
1469 4404 1894 4496 Congregatio
1942 4406 2198 4474 rituum
2239 4405 2344 4475 die
2388 4404 2476 4475 24
2518 4423 2651 4470 no·
