2930 4982
329 354 355 407 1
373 352 452 407 56
1300 356 1647 403 TRACTATUS

321 487 429 548 tur
476 478 764 547 articulis
795 476 876 546 13
902 482 965 546 et
1009 478 1090 545 14
1120 500 1136 543 z
1183 502 1216 539 «
1254 475 1566 545 Sanctitas
1595 496 1710 543 sua
1734 496 1852 565 pro
1890 474 2065 563 pacis
2087 473 2282 557 bono,
2314 473 2608 564 felicique

333 585 729 675 «religionis
779 585 1206 671 restitutione,
1239 583 1521 651 declarat
1565 604 1696 665 eoS,
1736 580 1854 670 qui
1894 580 2065 649 bona
2116 580 2414 651 Ecclesiae
2448 582 2611 651 alie-

334 720 366 758 «
402 699 550 761 nata
587 692 1098 782 acquisiverunt,
1130 690 1498 759 molestiam
1533 690 1788 757 nullam
1823 687 2183 776 habituros,
2220 709 2430 777 neque
2455 711 2492 757 a
2515 711 2606 770 se,

334 826 368 864 «
401 822 612 889 neque
650 822 687 866 a
727 797 1036 865 Romanis
1067 796 1494 864 Pontificibus
1534 795 2016 864 successoribus
2054 795 2231 880 suis3
2268 815 2343 863 ac
2389 816 2610 864 conse-

333 932 363 969 «
396 911 671 994 quenter
694 904 1049 995 proprietas
1075 903 1456 971 eorumdem
1486 905 1832 987 bonorum,
1862 902 2104 970 reditus
2128 909 2191 969 et
2218 904 2371 992 jura
2400 902 2481 970 iis
2508 903 2613 970 in-

333 1038 366 1075 «
400 1010 713 1079 haerentia
742 1010 1179 1078 immutabilia
1206 1032 1400 1101 penes
1421 1012 1593 1101 ipsos
1612 1015 1830 1092 erunt,
1855 1014 2044 1098 atque
2065 1008 2148 1076 ab
2173 1008 2333 1099 ipsis
2352 1030 2610 1078 causam

332 1146 364 1181 «
398 1118 730 1185 habentes.
764 1156 853 1169 —-
884 1116 1299 1185 Gubernium
1334 1116 1686 1185 Gallicanae
1726 1115 2102 1207 reipublicae
2154 1116 2224 1182 in
2267 1138 2332 1184 se
2384 1118 2613 1208 recipit

331 1253 364 1291 «
404 1232 543 1291 tum
587 1224 1086 1314 Episcoporum,
1130 1229 1270 1290 tum
1322 1223 1843 1313 parochorum...
1876 1221 2436 1309 sustentationem,
2471 1245 2612 1312 quae

332 1333 712 1420 «cujusque
764 1336 1003 1397 statum
1054 1329 1362 1397 deceat.»
1403 1328 1814 1419 (Baliarium
1862 1328 2348 1412 continuatum,
2400 1335 2448 1396 t.
2497 1329 2611 1417 XI,

321 1457 471 1525 pag.
508 1433 690 1525 177.)
814 1494 833 1507 ,
2601 1487 2605 1491 4

410 1541 491 1610 Et
513 1542 584 1609 in
611 1540 795 1609 bulla
814 1541 1113 1609 Ecclesia
1144 1541 1413 1629 Christi,
1452 1542 1535 1609 18
1565 1541 1948 1632 septembris
1977 1541 2173 1625 1801,
2196 1541 2238 1631 ξ,
2262 1541 2347 1609 25
2377 1565 2392 1608 :
2431 1567 2466 1606 «
2494 1528 2616 1609 Sed

321 1649 633 1739 quoniam
657 1647 1020 1717 Galliarum
1052 1649 1340 1716 ecclesiis
1361 1649 1560 1717 veteri
1589 1669 1705 1716 suo
1727 1646 2124 1737 patrimonio
2148 1649 2413 1738 privatis
2438 1646 2620 1714 inve-

321 1754 558 1822 nienda
577 1753 740 1821 ratio
759 1753 976 1843 aliqua
1000 1758 1092 1820 est
1115 1774 1244 1841 qua
1263 1754 1551 1844 suppleri
1580 1753 2051 1845 Episcoporum
2082 1775 2156 1822 ac
2182 1754 2622 1843 parochorum

321 1861 764 1929 sustentationi
810 1881 884 1928 ac
934 1860 1244 1928 decentiae
1298 1863 1524 1951 possit,
1560 1860 1925 1929 Galliarum
1970 1859 2387 1928 Gubernium
2438 1859 2508 1925 in
2559 1881 2623 1926 se

321 1967 550 2058 recipit
588 1974 730 2034 tum
775 1967 1245 2058 Episcoporum
1269 2020 1286 2052 ,
1341 1976 1486 2035 tum
1530 1969 2050 2058 parochorum...
2095 1967 2622 2035 sustentationem

321 2095 469 2163 quae
498 2076 814 2163 cujusque
843 2078 1082 2141 statum
1119 2073 1360 2142 deceat.
1396 2098 1430 2138 »
1475 2074 1703 2164 (Ibid.,
1731 2096 1878 2165 pag.
1911 2073 2100 2165 211.)

411 2180 487 2246 In
519 2180 770 2248 decreto
808 2178 1220 2248 executoriali
1249 2178 1609 2249 Cardinalis
1634 2180 1957 2272 Caprarae,
1990 2181 2162 2270 quod
2187 2181 2423 2271 incipit
2454 2181 2622 2248 Cum

322 2285 803 2366 sanctissimuS,
834 2285 921 2353 29
970 2285 1341 2354 novembris
1385 2285 1584 2366 1801,
1627 2288 1720 2355 sic
1756 2287 2057 2370 habetur,
2092 2286 2134 2376 ξ,
2171 2286 2284 2366 24,
2332 2286 2412 2354 de
2445 2286 2625 2355 dota-

321 2392 494 2459 tione
521 2391 991 2482 Episcoporum
1026 2417 1042 2459 :
1079 2392 1301 2459 «Cum
1345 2393 1517 2460 hanc
1555 2394 1767 2483 ipsam
1804 2394 2196 2461 dotationem
2212 2391 2623 2461 Gallicanum

334 2523 368 2562 «
395 2498 835 2583 Gubernium,
857 2506 1228 2568 memoratae
1255 2500 1702 2568 conventionis
1731 2501 1979 2588 vigore,
2004 2501 2075 2567 in
2103 2522 2169 2568 se
2186 2501 2623 2587 susceperit...

332 2628 367 2667 «
397 2604 799 2674 declaramus
841 2605 1222 2672 earumdem
1259 2605 1682 2673 ecclesiarum
1723 2606 2119 2675 dotationem
2159 2630 2235 2675 ex
2271 2608 2351 2674 iis
2386 2603 2630 2672 rediti-

331 2736 367 2774 «
397 2712 519 2781 bus
567 2713 910 2781 conflatam
949 2711 1110 2797 fore,
1141 2712 1256 2799 qui
1280 2710 1362 2779 ab
1399 2712 1540 2802 ipso
1562 2711 1925 2793 Gubernio‚
1949 2716 2134 2803 juxta
2163 2713 2438 2804 praefatae
2473 2732 2630 2778 con·

335 2841 368 2882 «
396 2817 718 2886 ventionis
748 2822 1038 2886 tenorem
1078 2816 1359 2909 singulis
1389 2816 1913 2909 Archiepiscopis
1944 2824 2006 2886 et
2040 2818 2374 2909 Episcopis
2397 2835 2628 2906 quam·

337 2947 369 2985 «
398 2926 692 3014 primum
726 2924 1017 2992 solvendi
1046 2928 1265 2991 erunt.
1294 2946 1329 2986 >³
1369 2920 1601 3013 (Ibid.‚
1633 2946 1701 3013 p.
1734 2923 1922 3014 264.)
1948 2924 2030 2996 Et
2052 2925 2260 3014 quoad
2292 2923 2627 3015 parochias

327 3025 414 3092 ita
430 3027 874 3117 subjungitur
906 3053 925 3096 ι
976 3054 1012 3095 «
1055 3028 1348 3118 Singulis
1377 3050 1530 3097 vero
1566 3028 2043 3118 parochialibus
2071 3028 2357 3097 ecclesiis
2384 3028 2478 3095 sic
2505 3027 2628 3095 eri-

335 3158 370 3199 «
399 3133 652 3220 gendiS,
684 3156 802 3223 pro
835 3155 1130 3222 congrua
1158 3139 1491 3203 rectorum
1519 3137 1977 3204 sustentatione
2020 3157 2127 3204 eos
2176 3136 2445 3219 redituS,
2481 3135 2620 3223 qui,

230 3312 235 3316 ,
334 3242 566 3306 «utin
601 3262 798 3330 supra
831 3241 1004 3309 dicta
1044 3243 1473 3309 conventione
1510 3247 1821 3308 statutum
1851 3241 1974 3329 est,
2005 3240 2378 3330 assignandi
2405 3242 2624 3321 erunt,

336 3370 370 3408 «
405 3345 605 3412 iidem
646 3346 1138 3438 Archiepiscopi
1179 3353 1242 3416 et
1284 3348 1592 3438 Episcopi
1634 3346 1992 3416 dotationis
2031 3348 2252 3416 locum
2294 3346 2630 3414 habituros

337 3477 371 3515 «
403 3450 535 3522 fore
559 3451 1006 3519 declarabunt.
1035 3477 1069 3517 »
1115 3452 1311 3543 (Ibid.
1327 3503 1346 3540 ,
1378 3475 1529 3544 pag.
1562 3452 1741 3543 264.)

418 3555 512 3623 Ex
535 3556 639 3624 his
667 3558 1078 3627 documentis
1100 3562 1193 3628 sic
1223 3561 1405 3649 argui
1436 3560 1589 3627 licet
1620 3582 1636 3626 ε
1673 3559 1993 3649 ejusmodi
2032 3562 2377 3650 pensiones
2400 3580 2627 3648 accep-

327 3665 508 3751 tavit,
539 3664 675 3733 imo
708 3670 770 3732 et
797 3665 1005 3754 exegit
1028 3664 1221 3734 Sedes
1236 3665 1634 3755 Apostolica,
1663 3670 1976 3755 tanquam
1999 3665 2435 3749 dotationem,
2468 3663 2628 3750 etjn

329 3772 921 3862 compensationem
953 3772 1275 3840 bonorum
1297 3773 1872 3841 ecclesiasticorum
1901 3794 2044 3862 quae
2072 3773 2320 3863 direpta
2344 3772 2624 3840 fuerant.

328 3873 740 3946 Gubernium
767 3885 984 3946 autem
1013 3884 1397 3969 perpetuum
1434 3880 1505 3946 in
1531 3901 1598 3946 se
1620 3880 1863 3969 recepit
1891 3900 2058 3947 onus
2080 3879 2330 3946 hancce
2356 3875 2630 3945 dotatio-

329 4002 479 4047 nem
502 4003 620 4071 per
639 3985 910 4052 modum
931 4004 1169 4052 annuae
1193 3984 1521 4074 pensionis
1539 3983 1851 4053 solvendi.
1884 3985 2030 4054 Jam
2049 4008 2202 4054 vero
2223 3985 2366 4052 talis
2389 3981 2631 4050 dotatio

328 4088 642 4155 rationem
674 4089 869 4158 habet
904 4093 1038 4161 veri
1068 4112 1143 4159 ac
1170 4090 1429 4181 proprie
1453 4091 1613 4159 dicti
1638 4092 1961 4160 beneficii.
1990 4092 2255 4160 Etenim
2285 4090 2366 4158 ad
2389 4085 2631 4157 consti-

328 4192 646 4263 tuendum
695 4216 927 4264 verum
977 4219 1051 4266 ac
1101 4196 1363 4290 proprie
1411 4197 1661 4266 dictum
1708 4198 2105 4268 beneficium
2129 4249 2147 4280 ‚
2196 4220 2272 4266 ex
2324 4191 2631 4263 unanimi

329 4303 814 4372 canonistarum
854 4324 1207 4386 consensu,
1251 4305 1393 4373 haec
1435 4306 1868 4395 requiruntur
1904 4311 1967 4372 et
2012 4304 2397 4372 sufficiunt:
2446 4301 2509 4365 1⁰
2553 4301 2631 4364 ut

329 4409 616 4497 erigatur
643 4409 1019 4477 auctoritate
1045 4408 1517 4493 ecclesiastica3
1556 4408 1624 4477 20
1653 4415 1727 4477 ut
1754 4431 1872 4500 pro
1918 4408 2049 4477 fine
2085 4409 2319 4477 habeat
2362 4400 2628 4494 aliquod
