2930 4982
381 344 418 402 3
430 343 506 402 78
1358 352 1704 403 ΤΠΔΕΤΔἸῸΒ

387 499 423 539 (ι
463 473 792 561 ἀίοῑίοηὶε,
833 495 994 564 quae·
1010 493 1145 541 non
1188 472 1362 540 cadit
1402 475 1476 540 in
1519 472 1928 564 capitulares,
1959 472 2085 541 nisi
2130 471 2276 541 sede
2314 471 2669 566 Episcopali

389 607 426 647 (ι
469 586 819 648 vacante...
891 579 1227 670 Agebatur
1278 585 1497 649 autem
1555 580 1622 649 in
1674 581 1798 649 ista
1834 578 2159 655 decisione
2202 579 2281 647 de
2331 580 2670 650 residentia

387 711 421 749 «
468 684 865 754 succentoris
896 706 1049 754 cum
1088 706 1302 776 poena.

477 816 510 854 α
557 789 640 858 Et
669 791 740 859 in
771 787 1111 877 ilerdensi,
1161 791 1244 860 19
1290 790 1510 858 martii
1553 790 1767 859 1597:
1808 789 1984 880 quod
2027 789 2387 879 capitulum
2417 792 2669 878 regula-

389 924 424 962 «
469 897 628 964 riter
655 902 932 966 statuere
957 903 1165 986 potest
1192 899 1260 965 in
1287 897 1553 967 ecclesia
1587 919 1729 980 sua,
1752 898 1821 964 in
1847 897 2043 964 rebus
2067 918 2217 986 quae
2249 918 2381 965 non
2407 917 2672 965 concer-

387 1029 423 1068 (ι
474 1010 644 1072 nunt
697 1011 935 1073 statum
993 1003 1301 1085 ecclesiae,
1347 1005 1547 1075 etiam
1601 1002 1741 1071 sine
1778 1001 2119 1093 Episcopo,
2164 1003 2347 1092 juxta
2399 1003 2673 1091 glossam

391 1138 427 1175 ιι
474 1116 795 1199 receptam
825 1112 894 1179 in
926 1116 1121 1201 caput
1165 1110 1234 1192 2,
1284 1113 1380 1178 De
1422 1109 1776 1178 verborum
1821 1107 2331 1198 siqnificationc,
2358 1108 2426 1174 in
2457 1113 2668 1190 sexto;

393 1242 427 1279 α
476 1216 553 1283 ad
583 1237 811 1304 quam,
844 1218 939 1285 uti
977 1217 1334 1285 notabilem
1387 1216 1638 1284 recurri
1688 1215 1844 1285 dicit
1872 1213 2073 1283 lmola
2123 1215 2220 1306 (in
2272 1221 2464 1305 caput
2510 1215 2672 1281 Cum

391 1347 427 1386 «
468 1344 713 1403 omnes,
750 1326 844 1390 De
873 1321 1507 1412 constitutionibus),
1536 1323 1898 1403 Abbas.....
1928 1328 1992 1390 et
2016 1320 2409 1391 Calderus...
2430 1322 2668 1405 dicenS,

393 1454 428 1494 α
474 1430 545 1496 in
572 1430 881 1499 omnibus
904 1431 1157 1499 casibus
1182 1430 1251 1498 in
1278 1430 1523 1520 quibus
1551 1431 1631 1498 de
1651 1431 1805 1518 jure
1825 1450 2197 1519 expressum
2225 1451 2358 1497 non
2387 1428 2669 1517 estquod

394 1562 428 1600 ι(
470 1537 832 1626 capitulum
854 1559 1005 1606 cum
1021 1536 1325 1628 Episcopi
1345 1559 1662 1605 consensu
1685 1541 1938 1619 statuat,
1955 1558 2137 1627 posse
2151 1536 2363 1604 solum
2378 1541 2667 1607 statuere.

391 1667 426 1705 «
471 1640 809 1729 Agebatur
835 1648 1053 1711 autem
1080 1644 1158 1710 de
1187 1648 1419 1711 statuto
1458 1641 1727 1732 capituli
1749 1643 1925 1710 circa
1951 1643 2249 1717 vestes-in
2278 1643 2492 1711 choro.
2532 1668 2569 1706 »

471 1744 540 1812 2ο
565 1744 884 1815 Pitonius.
919 1786 1008 1799 —
1041 1773 1073 1811 «
1109 1746 1204 1814 Ex
1222 1746 1394 1831 juris
1431 1747 1850 1837 dispositione
1882 1770 2014 1816 non
2048 1748 2441 1840 praepeditur
2472 1747 2669 1838 (capi—

390 1882 425 1919 «
475 1854 715 1946 tulum)
746 1863 980 1924 statuta
1030 1856 1331 1935 condere,
1386 1857 1584 1924 etiam
1625 1857 1866 1947 absque
1918 1858 2294 1929 auctoritate
2350 1857 2667 1948 Episcopi,

391 1990 426 2027 «
473 1965 746 2054 quoties⁴
771 1967 845 2039 in
884 1966 1062 2035 illius
1111 1966 1568 2057 praejudicium
1588 2034 1593 2043 ,
1615 1987 1747 2035 non
1795 1973 2084 2056 vergant.
2134 1992 2170 2032 »
2221 1965 2670 2056 (Controversia

387 2078 838 2162 patronorum,
873 2072 1167 2162 allegatio
1199 2072 1312 2157 90,
1353 2083 1426 2140 n⁰
1454 2072 1569 2151 63.
1601 2079 1647 2140 t.
1682 2072 1791 2163 ll.)

474 2176 543 2245 3ο
565 2176 931 2267 Pignatelli.
959 2217 1050 2231 -
1085 2206 1118 2243 «
1164 2179 1463 2268 Capitula
1493 2189 1763 2269 possunt
1785 2180 2007 2268 aliqua
2045 2177 2392 2246 decernere
2426 2178 2668 2244 circaea

395 2312 430 2350 «
470 2307 620 2374 quae
649 2286 969 2375 pertinent
996 2285 1076 2353 ad
1105 2286 1496 2376 capitulum,
1525 2292 1601 2359 ut
1622 2287 1855 2354 docent
1889 2285 2329 2356 communiter
2351 2284 2665 2365 doctores;

391 2416 429 2452 «
480 2393 633 2477 quia
663 2413 950 2458 seorsum
977 2392 1058 2458 ab
1081 2390 1402 2480 Episcopo
1438 2397 1534 2459 est
1561 2391 1891 2481 quoddam
1919 2413 2155 2482 corpus
2188 2390 2287 2480 (ex
2317 2412 2473 2481 cap..
2496 2388 2670 2456 unico

397 2518 431 2555 «
473 2497 574 2563 Ne
633 2494 779 2562 sede
831 2509 1135 2576 vacante,
1184 2502 1250 2564 in
1296 2497 1396 2588 6);
1464 2504 1528 2568 et
1581 2499 1724 2572 ideo
1788 2505 1992 2589 potest
2048 2500 2286 2567 habere
2340 2498 2667 2588 proprium

399 2623 434 2662 ι(
473 2600 795 2665 motivum
839 2623 971 2688 quo
1016 2626 1083 2669 se
1123 2604 1347 2693 dirigit
1392 2606 1758 2688 secundum
1803 2605 2137 2696 propriam
2183 2605 2577 2694 exigentiam.
2624 2625 2659 2664 »

386 2701 491 2793 (T.
517 2701 606 2790 X,
652 2703 940 2773 Consult.
977 2707 1131 2794 138,
1160 2731 1232 2784 n.
1270 2710 1406 2801 16.)
1734 2725 1739 2730 ·
2036 2765 2041 2774 .
2180 2769 2181 2774 ,
2372 2737 2373 2744 “

479 2810 547 2877 4⁰
575 2809 1018 2902 Ceccoperius.
1051 2853 1142 2866 -
1177 2837 1212 2881 ε(
1236 2815 1612 2907 Capitulum
1648 2819 1784 2887 sive
1805 2818 2156 2909 collegium
2188 2840 2317 2887 non
2342 2815 2522 2884 debet
2534 2834 2672 2881 esse

394 2943 433 2981 «
479 2918 679 3004 exlex,
715 2919 779 2986 id
826 2927 945 3007 est,
990 2922 1129 2990 sine
1159 2923 1329 3012 lege3
1378 2930 1440 2991 et
1479 2933 1819 3016 propterea
1870 2925 2202 2995 canonicis
2251 2922 2669 3014 capitulariter

395 3048 435 3086 ι(
483 3025 913 3113 congregatis,
958 3050 1170 3097 unum
1203 3052 1446 3121 corpus
1476 3030 1829 3120 mysticum
1859 3033 2427 3117 constituentibuS,
2469 3051 2504 3096 a
2527 3031 2663 3117 jure

400 3156 436 3194 «
480 3133 849 3216 communi,
897 3137 1114 3202 statim
1149 3136 1324 3204 ‘facta
1360 3140 1711 3223 erectione,
1775 3140 2104 3209 confertur
2140 3137 2422 3208 facultas
2471 3158 2580 3226 per
2613 3153 2671 3201 se

405 3262 439 3298 α
489 3237 689 3304 libere
738 3240 1059 3307 condendi
1132 3244 1433 3330 quaedam
1485 3250 1721 3312 statuta
1772 3247 1850 3315 de
1903 3245 2097 3313 rebus
2147 3244 2535 3325 minoribus,
2599 3239 2667 3307 ad

402 3365 440 3405 <t
473 3340 733 3409 *bonum
764 3346 1060 3414 ordinem
1091 3354 1152 3415 et
1182 3350 1478 3438 regimen
1503 3351 1767 3442 capituli
1800 3351 2294 3443 pertinentibuS,
2328 3349 2507 3416 nullo
2524 3347 2669 3413 facto

405 3470 441 3508 «
486 3447 682 3514 verbo
727 3471 878 3517 cum
916 3452 1253 3543 Episcopo.
1287 3479 1321 3518 »
1360 3453 1451 3522 lta
1475 3455 1899 3545 Ceccoperius
1931 3458 1999 3549 (l.
2036 3459 2103 3544 lt,
2141 3456 2240 3524 tit.
2289 3455 2397 3539 10,
2444 3476 2509 3521 n.
2543 3450 2663 3541 43),

391 3552 512 3641 qui
547 3555 658 3642 jus
704 3556 865 3624 illud
920 3579 1266 3626 commune
1318 3561 1572 3648 ingenti
1625 3563 2079 3630 auctoritatum
2127 3565 2291 3629 serie
2319 3560 2664 3628 confirmat.

397 3657 622 3732 Postea
665 3661 990 3751 objectum
1040 3666 1239 3754 hUJus
1288 3666 1609 3736 facultatis
1654 3669 1936 3760 capitulo
1995 3669 2420 3758 competentis
2473 3665 2558 3733 sic
2603 3663 2667 3730 in

396 3766 610 3855 specie
645 3768 1030 3837 determinat
1059 3794 1077 3838 ε

495 3897 529 3934 «
579 3871 683 3938 Ad
725 3874 1105 3973 hujusmodi
1145 3878 1672 3967 jurisdictionem
1724 3880 2085 3959 reducitur,
2122 3878 2468 3946 canonicos
2506 3892 2670 3966 posse

403 4000 440 4036 «
489 3997 605 4063 per
647 4000 713 4044 se
755 3986 1029 4049 statuere
1078 3983 1251 4051 circa
1294 3983 1915 4054 administrationem
1962 3985 2282 4053 bonorum
2335 3981 2584 4074 capituli
2614 3982 2671 4045 et

402 4106 438 4142 «
478 4099 772 4149 mensam
819 4107 1148 4177 grossam3
1196 4111 1271 4156 ac
1319 4090 1596 4158 modum
1655 4092 1821 4178 bene
1886 4083 2315 4161 distribuendi
2366 4088 2671 4158 distribu-

406 4211 440 4249 «
486 4184 724 4272 tiones3
776 4195 836 4255 et
878 4196 1206 4278 quomodo
1262 4197 1343 4263 sit
1378 4198 1900 4265 conveniendum
1932 4204 1994 4265 ct
2029 4198 2402 4265 faciendum
2430 4194 2670 4283 capitu-

408 4292 662 4370 «·lum;
718 4298 780 4360 et
806 4299 1201 4386 quodcertis
1244 4303 1646 4392 temporibus
1694 4310 1755 4371 et
1800 4304 1978 4373 horis
2030 4303 2352 4383 canonici,
2403 4302 2504 4369 vel
2551 4315 2669 4365 non

406 4424 440 4462 «
482 4399 716 4481 vocati,
770 4403 1075 4471 accedant
1103 4406 1183 4471 ad
1211 4407 1429 4474 locum
1463 4409 1921 4500 capitularem3
1968 4417 2031 4480 et
2058 4411 2324 4480 similia.
2353 4433 2389 4475 »
2439 4406 2517 4477 Et
2558 4401 2667 4471 ad·-
