2930 4982
313 312 346 364 4
357 311 392 364 0
1280 316 1541 362 TRACTA‘I
1552 319 1622 364 US

319 442 407 503 De
440 435 854 502 institutione
880 448 943 502 et
968 437 1189 526 officio
1221 439 1718 515 canonicorum,
1750 442 1929 527 parte
1953 437 2006 520 l,
2046 459 2187 527 cap.
2221 437 2285 518 2,
2317 437 2359 527 ξ
2402 436 2474 527 1.)
2508 476 2614 490 —-

313 541 512 609 Paulo
559 546 723 631 post,
764 539 897 631 §⁴3,
940 544 1118 609 varia
1147 564 1220 609 ex
1249 542 1591 632 principiis
1638 542 1860 632 positis
1890 541 2285 610 consectaria
2333 563 2610 626 eruenS,

311 650 404 716 sic
432 648 623 715 habet
639 671 654 714 ε
672 674 704 711 «
725 646 895 715 Cum
929 670 1003 715 ex
1033 648 1219 715 dictis
1247 648 1369 714 hoc
1391 649 1596 737 capite
1620 651 1863 714 constet
1886 647 2232 715 canonicos
2262 648 2613 717 institutos

317 778 353 817 «
386 776 521 821 esse
549 759 621 819 ut
647 753 995 844 Episcopos
1020 776 1219 844 opera
1248 760 1308 820 et
1337 753 1558 844 officio
1581 755 1836 843 juvent,
1886 753 2075 820 facile
2112 774 2187 819 ex
2233 752 2363 819 illis
2414 754 2617 821 colli-

322 885 357 924 «
381 881 531 949 gere
550 860 701 927 licet
728 885 744 928 :
782 862 1019 950 primo,
1066 861 1351 927 multum
1393 883 1429 927 a
1453 882 1604 926 vero
1632 859 1927 925 aberrare
1955 859 2072 947 qui
2093 864 2301 925 totum
2333 859 2620 927 canoni-

324 990 358 1030 «
385 988 613 1034 corum
670 966 963 1034 officium
995 968 1063 1033 in
1092 966 1224 1033 sola
1274 967 1482 1032 divini
1529 965 1729 1033 officii
1776 965 2211 1055 persolutione
2254 966 2615 1034 consistere

324 1095 360 1135 «
377 1071 672 1138 credunt.
702 1069 1022 1155 Secundo,
1038 1071 1368 1138 verissime
1387 1070 1787 1161 jampridem
1815 1092 1852 1135 a
1869 1068 2225 1137 Guillelmo
2247 1069 2613 1139 parisiensi

221 1224 236 1237 .
326 1200 360 1241 α
385 1183 674 1244 notatum
703 1176 900 1244 fuisse
930 1178 1127 1266 quod,
1179 1179 1529 1245 eanonicus
1566 1198 1804 1243 nomen
1840 1176 1930 1243 sit
1977 1177 2212 1267 officii,
2271 1179 2480 1268 operis
2543 1192 2619 1246 et

328 1307 362 1346 «
389 1281 657 1348 militioe
684 1281 1043 1370 clericalis,
1074 1305 1208 1350 non
1256 1296 1481 1349 autem
1512 1281 1872 1359 redituum,
1904 1281 2425 1371 praebendarum
2479 1296 2621 1351 aut

329 1413 362 1451 «
390 1388 1017 1456 emolumentorum.
1047 1415 1082 1455 »

408 1494 768 1563 Concor-dat
788 1495 1070 1564 Barbosa
1101 1494 1218 1587 (De
1260 1493 1589 1563 canonicis
1618 1514 1756 1585 cap.
1793 1515 1840 1581 1,
1871 1515 1979 1584 pp.
2012 1494 2096 1562 47
2130 1501 2193 1562 et
2220 1494 2360 1584 48.)
2398 1519 2414 1562 :
2454 1521 2489 1559 ε(
2522 1493 2622 1563 Ut

330 1625 364 1664 «
383 1599 686 1691 Episcopi
701 1601 927 1669 fratres
941 1608 1149 1670 essent
1164 1600 1539 1684 consiliarii,
1564 1606 1791 1667 etcum
1811 1621 1885 1667 eo
1895 1622 2108 1668 unum
2126 1601 2631 1690 quodammodo

329 1732 366 1772 «
396 1728 633 1796 corpus
661 1708 1010 1791 efficerent,
1043 1714 1104 1775 et
1151 1708 1364 1775 eidem
1422 1707 1768 1774 consilium
1797 1712 1860 1775 et
1883 1707 2198 1775 auxilium
2226 1708 2296 1775 in
2335 1706 2631 1795 negotiis

332 1835 367 1875 «
395 1811 684 1879 ecclesiae
740 1812 1203 1902 pertractandis
1222 1816 1678 1903 praestarent...
1712 1810 1850 1881 Hoc
1877 1818 2096 1880 autem
2127 1812 2626 1880 Canonicorum

332 1943 367 1981 «
418 1916 788 2008 Collegium
840 1921 974 1987 sive
1019 1942 1257 2011 corpus
1304 1941 1459 1986 cum
1496 1919 1636 2008 ipso
1664 1917 2001 2008 Episcop0‚
2052 1918 2212 1985 olim
2274 1916 2629 1985 dicebatur

331 2047 367 2087 «
399 2023 756 2091 consilium
790 2026 1109 2117 Episcopi
1128 2048 1154 2107 ,·
1195 2025 1388 2092 hodie
1441 2029 1704 2090 vocatur
1739 2025 2102 2114 capitulum
2136 2045 2175 2091 a
2228 2024 2435 2113 capite
2487 2023 2621 2090 sub

333 2154 369 2193 «
393 2152 523 2220 quo
547 2131 687 2220 regi
716 2131 814 2199 vel
846 2134 1222 2221 congregari
1254 2132 1443 2199 debet
1488 2132 1567 2198 ad
1626 2130 1982 2221 praestanda
2042 2130 2351 2218 consilia3
2407 2132 2526 2220 huj
2540 2153 2623 2198 us

332 2261 368 2301 «
402 2259 555 2304 vero
597 2246 790 2328 caput
815 2246 909 2306 est
935 2240 1072 2329 ipse
1101 2239 1479 2330 Episcopus,
1515 2264 1548 2302 »

417 2341 794 2412 Pnorosrno
846 2368 911 2412 11.
956 2385 1048 2396 —
1096 2348 1250 2416 Non
1275 2345 1553 2433 antiquo
1582 2355 1873 2424 tantum,
1905 2342 2021 2409 sed
2041 2343 2244 2410 etiam
2268 2367 2437 2410 novo
2452 2344 2630 2432 jure

330 2448 632 2517 canonici
648 2459 805 2516 sunt
821 2449 1193 2517 consiliarii
1206 2449 1359 2516 nati
1384 2448 1897 2537 Episcoporum.
1934 2446 2222 2512 —Hanc
2258 2448 2490 2512 thesim
2517 2447 2623 2514 sic

331 2555 558 2646 probat
576 2555 1043 2624 Thomassinus
1078 2558 1262 2647 (part.
1300 2578 1344 2640 1,
1367 2555 1413 2620 l.
1453 2552 1597 2640 3‚c.
1624 2550 1729 2642 10)
1766 2574 1782 2618 :
1813 2576 1847 2616 «
1872 2545 2003 2618 Nec
2028 2550 2276 2638 ambigi
2303 2556 2471 2617 certe
2495 2573 2629 2640 po·—

341 2688 374 2726 «
404 2668 520 2728 test
552 2663 713 2750 quin
745 2684 912 2730 novo
942 2665 1133 2730 etiam
1150 2665 1299 2752 jure
1329 2661 1632 2729 canonici
1671 2659 1898 2726 haberi
1928 2658 2203 2725 debeant
2233 2657 2628 2743 consiliarii,

343 2793 378 2830 «
406 2775 477 2834 ut
502 2774 757 2852 vocant,
805 2769 1457 2859 nati-Episcoporuni.
1491 2764 1862 2833 Concilium
1914 2763 2193 2832 Elnense
2223 2764 2380 2832 anni
2443 2763 2632 2832 1065

346 2897 618 2943 «causas
646 2874 857 2965 rejicit
885 2877 965 2943 ad
980 2878 1312 2967 judicium
1338 2875 1639 2965 Episcopi
1666 2880 1726 2940 et
1751 2874 2264 2943 canonicorum:
2291 2870 2627 2939 Emendet

345 3007 379 3045 «
407 2980 843 3070 adjudicium
865 2985 1185 3075 Episcopi
1209 2997 1272 3051 et
1312 2983 1858 3052 canonicorum...
1917 2980 2200 3064 Querela
2229 2978 2322 3047 ad
2342 2979 2625 3069 Episco-

346 3112 379 3151 ι(
394 3108 569 3175 pum
602 3088 713 3153 vel
740 3091 880 3177 ejus
910 3091 1250 3158 canonicos
1275 3091 1427 3179 fiat.
1478 3088 1822 3156 Prohibuit
1868 3086 2169 3156 Callistus
2203 3084 2257 3152 ll
2282 3107 2364 3151 ne
2394 3083 2625 3151 archi-

346 3217 381 3255 «
396 3192 746 3282 presbyteri
759 3193 1307 3262 velarchidiaconi
1323 3196 1589 3262 clericos
1612 3193 2071 3262 interdicerent
2086 3193 2336 3281 injussu
2347 3190 2624 3256 Archie-

347 3321 381 3361 «
413 3300 659 3388 piscopi
701 3306 757 3366 el
800 3300 1069 3388 capituli
1110 3324 1125 3367 t
1168 3303 1420 3368 Proeter
1449 3299 1935 3390 Archiepiscopi
1973 3310 2038 3366 et
2076 3298 2281 3365 totius
2328 3293 2624 3385 capituli

349 3431 383 3470 «
406 3407 607 3474 vestri
635 3429 976 3475 commune
999 3408 1348 3477 consilium
1362 3407 1572 3500 (epist.
1593 3405 1726 3496 13).
1743 3406 2104 3473 Alexander
2122 3403 2203 3471 111
2224 3403 2395 3493 Papa
2415 3400 2627 3469 scitis-

347 3540 381 3581 «
412 3516 575 3583 sime
616 3515 1049 3605 patriarcham
1079 3515 1753 3607 Hierosolymitanum
1785 3511 2193 3593 admonebat,
2226 3532 2381 3577 cum
2407 3529 2626 3575 unum

346 3648 380 3687 «
401 3643 468 3689 se
505 3622 575 3688 in
602 3643 838 3713 corpus
853 3644 1009 3691 cum
1040 3623 1174 3690 suis
1205 3624 1538 3692 canonicis
1566 3622 2026 3714 conjunxisset,
2068 3618 2254 3706 cujus
2293 3616 2624 3682 illimem-

344 3752 381 3793 «
404 3727 546 3812 bra,
577 3729 712 3819 ipse
737 3733 928 3820 caput
947 3734 1133 3815 esset,
1157 3735 1622 3819 praeposterum
1657 3750 1790 3797 esse
1817 3730 1891 3794 ut
1921 3746 2051 3792 non
2079 3724 2250 3813 ipsos
2269 3741 2402 3809 prae
2435 3726 2626 3788 caete-

349 3858 383 3899 «
400 3836 489 3900 ris
514 3837 907 3903 omnibusin
939 3838 1287 3906 consilium
1312 3838 1666 3919 adhiberet,
1683 3842 1745 3903 et
1766 3827 2242 3902 iisinconsultis
2257 3827 2628 3895 destitueret

348 3966 382 4006 «
407 3941 897 4030 institueretque
925 3944 1209 4023 abbates,
1250 3942 1599 4009 abbatissas
1628 3940 1915 4027 aliosque
1943 3934 2383 4003 beneficiarios
2433 3952 2629 4022 quos-

348 4074 382 4112 «
411 4069 732 4135 cumque:
762 4049 969 4118 Novit
980 4049 1248 4140 plenius
1270 4061 1403 4115 tuce
1418 4045 1821 4115 discretionis
1829 4042 2220 4135 prudentia,
2242 4039 2536 4131 qualiter
2547 4048 2627 4104 tu

348 4178 383 4219 «
407 4163 473 4220 et
488 4154 736 4242 fratres
770 4155 874 4223 tui
907 4173 1117 4225 unum
1141 4180 1372 4250 corpus
1398 4155 1541 4224 sitis
1571 4180 1586 4223 ε
1621 4153 1720 4221 ita
1752 4150 1934 4243 quod
1950 4161 2024 4218 tu
2045 4160 2252 4241 caput
2282 4162 2347 4216 et
2370 4150 2621 4238 fratres

347 4286 382 4326 α
415 4258 521 4327 tui
544 4261 843 4331 membra
865 4283 996 4330 esse
1027 4263 1557 4353 comprobentur.
1583 4259 1763 4329 Unde
1779 4281 1896 4327 nec
1916 4257 2117 4343 decet,
2138 4254 2394 4324 omissis
2421 4272 2627 4319 mem-

346 4390 385 4431 «
421 4366 552 4436 bris
558 4419 578 4457 ,
596 4378 657 4436 te
672 4366 968 4437 aliorum
981 4368 1256 4438 consilio
1268 4369 1337 4437 in
1352 4369 1637 4438 ecclesiae
1655 4381 1784 4437 tuoe
1795 4363 2076 4457 neqotiis
2096 4362 2233 4431 uti:
2245 4383 2397 4430 cum
2409 4358 2484 4428 id
2492 4377 2623 4427 non
