2930 4982
1075 333 1157 379 DE
1201 331 1530 379 cunnus.
2328 331 2354 385 1
2370 330 2452 387 95

194 453 406 520 «idem
429 454 541 540 jus
568 456 697 539 est3
733 451 811 518 de
835 452 913 519 iis
940 453 1303 541 inquiritur
1339 474 1503 520 num
1521 454 1710 541 justae
1740 452 2065 522 suerint.»
2124 455 2195 524 Id
2224 459 2455 548 probat

190 558 542 629 secretarius
559 557 773 625 relatis
788 558 1093 648 pluribus
1116 558 1658 627 declarationibus
1680 581 1714 626 e
1742 581 1918 628 sacra
1939 559 2452 653 Congregatione

190 666 506 735 emanatiS.
544 663 636 732 Ex
681 664 923 754 quibus
976 665 1065 733 sic
1110 664 1643 732 concludendum
1682 672 1774 732 est
1810 689 1827 732 z
1875 665 1930 733 si
1970 668 2371 739 conditiones
2417 692 2455 739 a

192 769 453 859 capitulo
476 770 779 859 appositae
801 771 1069 838 fuerunt
1086 772 1305 860 justae,
1337 776 1398 837 et
1424 792 1558 838 non
1582 776 1866 855 servatae,
1896 773 2079 840 nulla
2104 781 2197 841 est
2215 775 2452 844 erectio

190 876 251 943 ab
267 875 585 966 Episcopo
608 877 773 945 facta
801 901 818 944 ι
849 879 903 945 si
931 878 1217 967 injustae,
1249 877 1540 945 obtinere
1571 879 1805 969 poterit
1828 878 2188 970 Episcopus
2212 902 2248 948 a
2277 903 2455 951 sacra

191 981 679 1071 Congregatione
701 988 798 1064 ut,
830 984 1252 1052 nonobstante
1292 985 1695 1074 oppositione
1724 986 2016 1076 capituli,
2054 987 2240 1055 detur
2283 988 2462 1059 locus

193 1089 502 1156 erectioni.

265 1195 646 1262 Pnorosirio
690 1195 781 1261 2⁸.
821 1195 1239 1262 Assentiente
1277 1195 1576 1286 capitulo
1590 1207 1819 1285 potest
1847 1197 2217 1290 Episcopus
2259 1220 2465 1269 novos

194 1301 605 1368 canonicatus
641 1301 906 1391 oriqere.
959 1340 1051 1352 —
1099 1300 1168 1368 Id
1214 1303 1491 1391 probant
1518 1302 1921 1370 auctoritates
1963 1304 2032 1371 in
2064 1306 2460 1394 praecedente

193 1408 611 1498 propositione
640 1409 949 1498 allegatae.
974 1409 1153 1476 Dum
1184 1411 1365 1476 enim
1382 1410 1660 1499 probant
1678 1410 1926 1497 requiri
1948 1431 2338 1479 consensum
2361 1433 2463 1480 ca·

193 1514 388 1603 pituli,
418 1516 618 1584 simul
636 1521 951 1584 testantur
969 1517 1315 1584 accedente
1339 1516 1462 1583 hoc
1496 1537 1816 1584 consensu
1844 1515 2012 1583 nihil
2034 1517 2286 1586 obstare
2309 1539 2467 1608 quo-

196 1622 401 1688 minus
450 1622 531 1688 ab
576 1621 892 1713 Episcopo
937 1623 1016 1690 ad
1060 1622 1444 1712 hujusmodi
1477 1621 1832 1691 erectiones
1857 1625 2259 1713 procedatur.
2294 1624 2470 1694 Idem

193 1727 446 1817 insuper
467 1727 560 1795 sic
583 1728 778 1795 tradit
803 1728 1083 1797 Barbosa
1109 1731 1225 1818 (De
1250 1729 1610 1809 canonicis,
1634 1752 1776 1820 cap.
1813 1729 1879 1819 2)
1911 1754 1985 1798 z«
2014 1730 2286 1800 Videtur
2311 1754 2469 1801 con-

201 1856 231 1895 «
255 1833 649 1902 cludendum
695 1834 772 1901 ad
814 1835 1007 1902 illum
1047 1838 1329 1925 spectare
1381 1836 1798 1903 canonicatus
1830 1835 1900 1902 in
1930 1837 2218 1905 ecclesiis
2242 1838 2470 1906 cathe-

201 1964 228 2002 «
248 1939 539 2007 dralibus
566 1945 629 2007 et
652 1940 1006 2028 collegiatis
1030 1942 1369 2008 instituere
1393 1941 1463 2006 in
1492 1947 1639 2008 actu
1663 1941 2029 2025 erectioniS,
2060 1944 2168 2010 cui
2211 1943 2291 2010 de
2325 1945 2473 2033 jure

197 2071 224 2109 «
251 2051 493 2138 spectat
522 2048 704 2114 illam
730 2048 959 2132 facere,
986 2048 1112 2116 hoc
1135 2053 1229 2116 est
1250 2046 1462 2137 Papae.
1479 2099 1493 2114 .
1509 2072 1555 2126 .;
1588 2048 1743 2135 quia
1764 2069 1972 2115 unum
1999 2049 2137 2116 sine
2161 2050 2288 2118 alio
2313 2056 2475 2120 stare

197 2173 383 2219 «non
418 2157 649 2242 potest,
681 2175 838 2220 cum
864 2154 1089 2222 saltem
1115 2174 1434 2220 numerus
1456 2155 1665 2219 trium
1689 2153 2156 2219 canonicorum
2180 2156 2259 2220 ad
2290 2156 2482 2221 colle-

192 2281 221 2320 «
252 2258 507 2345 giatam
546 2258 1063 2324 constituendam
1098 2258 1499 2345 requiratur.
1540 2255 1695 2321 Post
1735 2260 2015 2321 erectam
2050 2277 2202 2323 vero
2245 2263 2307 2323 et
2344 2257 2483 2325 dic-

191 2388 227 2424 «
256 2369 407 2428 tum
436 2383 792 2429 numerum
816 2370 1134 2450 creatum,
1156 2362 1461 2454 Episcopi
1485 2362 1626 2444 erit,
1659 2362 1712 2428 si
1743 2360 1917 2447 velit,
1955 2361 2112 2430 alios
2140 2365 2479 2434 canonicos

197 2494 228 2533 ι(
256 2469 553 2558 antiquis
594 2469 969 2560 adjungere,
1004 2471 1105 2539 vel
1135 2470 1307 2539 ultra
1336 2475 1649 2539 exstantes
1692 2491 1846 2538 cum
1875 2491 2162 2560 congrua
2187 2474 2479 2564 portione

201 2598 229 2634 «
258 2573 422 2641 alios
454 2574 534 2643 de
556 2597 722 2645 novo
747 2600 993 2663 creare;
1029 2601 1188 2647 nam
1223 2600 1379 2646 cum
1410 2579 1828 2646 canonicatus
1857 2579 1989 2646 sint
2029 2579 2369 2669 beneficia,
2412 2586 2477 2648 et

204 2680 522 2749 «illorum
547 2684 977 2775 appellatione
1000 2685 1069 2753 in
1099 2686 1375 2753 materia
1403 2707 1537 2754 non
1562 2686 1781 2753 odiosa
1805 2687 2474 2776 comprehendantur,

206 2793 322 2854 «et
350 2790 601 2877 quaevis
626 2790 939 2860 beneficia
967 2793 1345 2861 auctoritate
1377 2791 1730 2881 episcopali
1763 2792 1970 2858 creari
2003 2794 2275 2878 possint,
2315 2791 2481 2857 bene

210 2918 237 2954 «
257 2895 560 2983 sequitur
595 2896 815 2984 ipsum
852 2920 968 2964 sua
1014 2899 1365 2987 episcopali
1408 2898 1782 2963 auctoritate
1819 2896 2241 2962 canonicatus
2270 2916 2484 2962 creare

214 3027 240 3063 α
265 3021 488 3090 posse3
545 3003 656 3069 sed
700 3002 780 3069 de
827 3002 1255 3092 dignitatibus
1288 3008 1384 3069 est
1428 3003 1637 3089 magis
1683 3001 1852 3067 inter
1888 3000 2181 3068 doctores
2232 3009 2487 3069 contro-

216 3131 244 3168 «
269 3129 559 3176 versum.
585 3130 621 3173 >2

287 3214 661 3282 Pnorosrno
706 3212 795 3282 3²¹.
846 3252 936 3265 —
972 3213 1369 3304 Episcopus,
1420 3210 1855 3278 consentiente
1901 3210 2220 3301 capitulo,
2271 3224 2487 3302 potest

213 3320 442 3408 eripere
464 3318 817 3410 diqnitates
841 3322 1155 3407 usitatas,
1188 3343 1321 3387 non
1364 3340 1516 3385 vero
1539 3318 1919 3385 inusitatos.
1959 3355 2047 3368 -
2073 3317 2326 3386 Institui
2352 3341 2483 3387 non

214 3446 382 3512 posse
433 3448 628 3493 novas
676 3427 1013 3515 dignitates
1054 3428 1124 3493 in
1158 3427 1432 3495 ecclesia
1470 3425 1814 3493 cathedrali
1850 3427 2095 3514 absque
2141 3426 2487 3515 apostolica

214 3534 575 3600 auctoritate
601 3532 758 3600 olim
781 3533 954 3599 trade
965 3533 1115 3600 bant
1138 3534 1354 3600 multi.
1383 3532 1574 3623 (Vide
1597 3533 1978 3616 Barbosam,
2006 3535 2100 3599 De
2120 3531 2476 3610 canonici3‚

215 3655 263 3701 c.
294 3638 362 3719 4,
392 3659 456 3703 n.
495 3636 585 3725 1.)

297 3741 424 3809 Alii
466 3765 620 3812 vero
658 3741 1107 3811 existimabant
1142 3737 1431 3807 absolute
1468 3762 1649 3829 posse
1668 3741 2063 3830 Episcopum
2114 3740 2491 3830 hujusmodi

220 3849 675 3917 cathedralium
699 3849 1039 3938 dignitates
1067 3868 1305 3915 creare.
1343 3845 1667 3936 (Barbosa,
1698 3844 1891 3932 ibid„
1922 3867 1990 3911 n.
2022 3846 2116 3936 2.)
2266 3837 2267 3840 ¹

315 3979 349 4017 «
375 3954 503 4046 Ego
526 3962 741 4023 tamen
777 3954 889 4046 (ait
920 3954 1226 4038 Barbosa,
1257 3953 1448 4033 ibid„
1491 3975 1560 4021 n.
1608 3950 1673 4041 3)
1698 3952 1820 4018 sub
1846 3950 2255 4019 distinctione
2292 3958 2491 4021 totam

223 4059 389 4127 hanc
413 4085 550 4131 rem
579 4063 1093 4152 componendam
1141 4084 1275 4130 esse
1326 4061 1657 4137 existim03
1685 4059 1791 4124 vel
1828 4057 2007 4124 enim
2047 4058 2323 4147 dignitas
2349 4082 2495 4149 quae

224 4167 519 4254 erigenda
545 4170 722 4237 venit
748 4174 840 4236 est
862 4169 1133 4237 omnino
1170 4185 1361 4253 nova,
1395 4166 1638 4255 quippe
1662 4164 1837 4253 quod
1864 4164 1988 4232 alia
2016 4188 2147 4235 non
2174 4167 2496 4256 reperitur

224 4270 290 4337 in
321 4276 606 4361 ecclesia,
638 4283 699 4344 et
734 4282 887 4344 tunc
932 4297 1066 4343 non
1100 4280 1307 4366 potest
1351 4271 1552 4341 creari
1599 4270 1739 4339 sine
1788 4271 2048 4341 licentia
2090 4273 2361 4361 Papae...
2393 4263 2497 4327 vel

224 4378 345 4445 fuit
365 4382 493 4467 jam
525 4386 814 4452 instituta
840 4383 1276 4451 communiter
1293 4402 1409 4472 pro
1436 4380 1735 4447 universa
1759 4376 2066 4460 Ecclesia,
2100 4374 2324 4463 quales
2351 4360 2502 4427 sunt
