<?xml version="1.0" encoding="UTF-8"?>
<!DOCTYPE html PUBLIC "-//W3C//DTD XHTML 1.0 Transitional//EN"
    "http://www.w3.org/TR/xhtml1/DTD/xhtml1-transitional.dtd">
<html xmlns="http://www.w3.org/1999/xhtml" xml:lang="en" lang="en">
 <head>
  <title>
</title>
<meta http-equiv="Content-Type" content="text/html;charset=utf-8" />
  <meta name='ocr-system' content='tesseract 3.04.00' />
  <meta name='ocr-capabilities' content='ocr_page ocr_carea ocr_par ocr_line ocrx_word'/>
</head>
<body>
  <div class='ocr_page' id='page_1' title='image "./tractatusdecapi00bouigoog_0292.png"; bbox 0 0 2930 4982; ppageno 0'>
   <div class='ocr_carea' id='block_1_1' title="bbox 323 343 1636 399">
    <p class='ocr_par' dir='ltr' id='par_1_1' title="bbox 323 343 1636 399">
     <span class='ocr_line' id='line_1_1' title="bbox 323 343 1636 399; baseline -0.005 0"><span class='ocrx_word' id='word_1_1' title='bbox 323 344 357 399; x_wconf 76' lang='lat'><em>2</em></span> <span class='ocrx_word' id='word_1_2' title='bbox 371 343 449 399; x_wconf 84' lang='lat'>70</span> <span class='ocrx_word' id='word_1_3' title='bbox 1294 350 1318 391; x_wconf 85' lang='lat'>‘1</span> <span class='ocrx_word' id='word_1_4' title='bbox 1333 348 1636 394; x_wconf 63' lang='lat' dir='ltr'>mermes</span> 
     </span>
    </p>
   </div>
   <div class='ocr_carea' id='block_1_2' title="bbox 1421 577 1537 655">
    <p class='ocr_par' dir='ltr' id='par_1_2' title="bbox 1421 577 1537 655">
     <span class='ocr_line' id='line_1_2' title="bbox 1421 577 1537 655; baseline 0 -17"><span class='ocrx_word' id='word_1_5' title='bbox 1421 577 1537 655; x_wconf 79' lang='lat'>§8</span> 
     </span>
    </p>
   </div>
   <div class='ocr_carea' id='block_1_3' title="bbox 362 741 2581 879">
    <p class='ocr_par' dir='ltr' id='par_1_3' title="bbox 362 741 2581 879">
     <span class='ocr_line' id='line_1_3' title="bbox 362 741 2581 789; baseline -0.001 -7"><span class='ocrx_word' id='word_1_6' title='bbox 362 741 614 789; x_wconf 78' lang='lat' dir='ltr'><strong>QUOMODO</strong></span> <span class='ocrx_word' id='word_1_7' title='bbox 655 742 828 781; x_wconf 83' lang='lat' dir='ltr'>Possrr</span> <span class='ocrx_word' id='word_1_8' title='bbox 867 743 1149 782; x_wconf 79' lang='lat' dir='ltr'><strong>EPISCOPL&#39;S</strong></span> <span class='ocrx_word' id='word_1_9' title='bbox 1180 743 1378 782; x_wconf 83' lang='lat' dir='ltr'>PUNIRE</span> <span class='ocrx_word' id='word_1_10' title='bbox 1416 742 1729 782; x_wconf 79' lang='lat' dir='ltr'><strong>CANONICUM</strong></span> <span class='ocrx_word' id='word_1_11' title='bbox 1769 742 1861 788; x_wconf 83' lang='lat' dir='ltr'>QUI</span> <span class='ocrx_word' id='word_1_12' title='bbox 1899 741 2109 780; x_wconf 83' lang='lat' dir='ltr'><strong>OFFICIO</strong></span> <span class='ocrx_word' id='word_1_13' title='bbox 2138 741 2237 780; x_wconf 71' lang='lat' dir='ltr'>sto</span> <span class='ocrx_word' id='word_1_14' title='bbox 2272 742 2384 780; x_wconf 77' lang='lat' dir='ltr'>NON</span> <span class='ocrx_word' id='word_1_15' title='bbox 2418 742 2581 781; x_wconf 76' lang='lat' dir='ltr'>RECTE</span> 
     </span>
     <span class='ocr_line' id='line_1_4' title="bbox 1341 839 1612 879; baseline 0 -2"><span class='ocrx_word' id='word_1_16' title='bbox 1341 839 1612 879; x_wconf 75' lang='lat' dir='ltr'><strong>FUNGITL&#39;R</strong></span> 
     </span>
    </p>
   </div>
   <div class='ocr_carea' id='block_1_4' title="bbox 324 991 2638 3853">
    <p class='ocr_par' dir='ltr' id='par_1_4' title="bbox 324 991 2634 3076">
     <span class='ocr_line' id='line_1_5' title="bbox 414 991 2605 1084; baseline -0.001 -23"><span class='ocrx_word' id='word_1_17' title='bbox 414 993 767 1061; x_wconf 84' lang='lat' dir='ltr'><strong>Decretum</strong></span> <span class='ocrx_word' id='word_1_18' title='bbox 819 992 1082 1060; x_wconf 89' lang='lat' dir='ltr'>concilii</span> <span class='ocrx_word' id='word_1_19' title='bbox 1128 991 1580 1062; x_wconf 89' lang='lat' dir='ltr'>Lateranensis</span> <span class='ocrx_word' id='word_1_20' title='bbox 1629 995 1792 1084; x_wconf 87' lang='lat' dir='ltr'>(cap.</span> <span class='ocrx_word' id='word_1_21' title='bbox 1847 992 2187 1078; x_wconf 66' lang='lat' dir='ltr'>DolenteS,</span> <span class='ocrx_word' id='word_1_22' title='bbox 2233 991 2326 1059; x_wconf 91' lang='lat' dir='ltr'>De</span> <span class='ocrx_word' id='word_1_23' title='bbox 2376 992 2605 1059; x_wconf 83' lang='lat' dir='ltr'>celebr.</span> 
     </span>
     <span class='ocr_line' id='line_1_6' title="bbox 324 1098 2605 1190; baseline -0.002 -20"><span class='ocrx_word' id='word_1_24' title='bbox 324 1099 537 1190; x_wconf 87' lang='lat' dir='ltr'>miss.)</span> <span class='ocrx_word' id='word_1_25' title='bbox 570 1099 900 1188; x_wconf 76' lang='lat' dir='ltr'>prohibuit</span> <span class='ocrx_word' id='word_1_26' title='bbox 923 1100 1238 1188; x_wconf 88' lang='lat' dir='ltr'>quosdam</span> <span class='ocrx_word' id='word_1_27' title='bbox 1268 1100 1548 1168; x_wconf 85' lang='lat' dir='ltr'>defectus</span> <span class='ocrx_word' id='word_1_28' title='bbox 1577 1101 1645 1167; x_wconf 91' lang='lat' dir='ltr'>in</span> <span class='ocrx_word' id='word_1_29' title='bbox 1676 1100 2100 1190; x_wconf 90' lang='lat' dir='ltr'>persolvendo</span> <span class='ocrx_word' id='word_1_30' title='bbox 2128 1099 2355 1168; x_wconf 87' lang='lat' dir='ltr'>divino</span> <span class='ocrx_word' id='word_1_31' title='bbox 2372 1098 2605 1167; x_wconf 85' lang='lat' dir='ltr'>officio.</span> 
     </span>
     <span class='ocr_line' id='line_1_7' title="bbox 328 1203 2615 1298; baseline -0.001 -22"><span class='ocrx_word' id='word_1_32' title='bbox 328 1207 539 1276; x_wconf 90' lang='lat' dir='ltr'>Potest</span> <span class='ocrx_word' id='word_1_33' title='bbox 563 1205 921 1298; x_wconf 86' lang='lat' dir='ltr'>Episcopus</span> <span class='ocrx_word' id='word_1_34' title='bbox 951 1207 1427 1275; x_wconf 82' lang='lat' dir='ltr'>observantiam</span> <span class='ocrx_word' id='word_1_35' title='bbox 1453 1207 1567 1297; x_wconf 89' lang='lat' dir='ltr'>huj</span> <span class='ocrx_word' id='word_1_36' title='bbox 1578 1229 1652 1275; x_wconf 91' lang='lat' dir='ltr'>us</span> <span class='ocrx_word' id='word_1_37' title='bbox 1690 1207 1932 1275; x_wconf 84' lang='lat' dir='ltr'>decreti</span> <span class='ocrx_word' id='word_1_38' title='bbox 1960 1209 2022 1274; x_wconf 85' lang='lat' dir='ltr'>et</span> <span class='ocrx_word' id='word_1_39' title='bbox 2050 1203 2244 1273; x_wconf 89' lang='lat' dir='ltr'>etiam</span> <span class='ocrx_word' id='word_1_40' title='bbox 2273 1205 2556 1273; x_wconf 87' lang='lat' dir='ltr'>aliarum</span> <span class='ocrx_word' id='word_1_41' title='bbox 2578 1226 2615 1274; x_wconf 86' lang='lat' dir='ltr'>a</span> 
     </span>
     <span class='ocr_line' id='line_1_8' title="bbox 327 1309 2617 1404; baseline -0.001 -22"><span class='ocrx_word' id='word_1_42' title='bbox 327 1314 536 1404; x_wconf 91' lang='lat' dir='ltr'>seipso</span> <span class='ocrx_word' id='word_1_43' title='bbox 580 1313 683 1381; x_wconf 91' lang='lat' dir='ltr'>vel</span> <span class='ocrx_word' id='word_1_44' title='bbox 730 1335 767 1380; x_wconf 91' lang='lat' dir='ltr'>a</span> <span class='ocrx_word' id='word_1_45' title='bbox 807 1313 1387 1403; x_wconf 68' lang='lat' dir='ltr'>praedecessoribus</span> <span class='ocrx_word' id='word_1_46' title='bbox 1433 1320 1882 1382; x_wconf 87' lang='lat' dir='ltr'>emanatarum</span> <span class='ocrx_word' id='word_1_47' title='bbox 1922 1309 2413 1382; x_wconf 83' lang='lat' dir='ltr'>ordinationum</span> <span class='ocrx_word' id='word_1_48' title='bbox 2452 1312 2617 1379; x_wconf 90' lang='lat' dir='ltr'>circa</span> 
     </span>
     <span class='ocr_line' id='line_1_9' title="bbox 327 1418 2617 1511; baseline -0.001 -24"><span class='ocrx_word' id='word_1_49' title='bbox 327 1419 612 1487; x_wconf 79' lang='lat' dir='ltr'>debitam</span> <span class='ocrx_word' id='word_1_50' title='bbox 655 1419 851 1486; x_wconf 83' lang='lat' dir='ltr'>officii</span> <span class='ocrx_word' id='word_1_51' title='bbox 886 1420 1279 1488; x_wconf 91' lang='lat' dir='ltr'>canonicalis</span> <span class='ocrx_word' id='word_1_52' title='bbox 1310 1420 1703 1489; x_wconf 91' lang='lat' dir='ltr'>solutionem</span> <span class='ocrx_word' id='word_1_53' title='bbox 1742 1419 2182 1511; x_wconf 60' lang='lat' dir='ltr'>praescribere,</span> <span class='ocrx_word' id='word_1_54' title='bbox 2229 1439 2364 1486; x_wconf 91' lang='lat' dir='ltr'>non</span> <span class='ocrx_word' id='word_1_55' title='bbox 2405 1418 2617 1486; x_wconf 90' lang='lat' dir='ltr'>solum</span> 
     </span>
     <span class='ocr_line' id='line_1_10' title="bbox 328 1523 2615 1615; baseline -0.001 -23"><span class='ocrx_word' id='word_1_56' title='bbox 328 1524 451 1592; x_wconf 92' lang='lat' dir='ltr'>sub</span> <span class='ocrx_word' id='word_1_57' title='bbox 493 1545 684 1612; x_wconf 87' lang='lat' dir='ltr'>poena</span> <span class='ocrx_word' id='word_1_58' title='bbox 735 1529 1298 1615; x_wconf 86' lang='lat' dir='ltr'>punctaturarum‚</span> <span class='ocrx_word' id='word_1_59' title='bbox 1362 1526 1471 1593; x_wconf 93' lang='lat' dir='ltr'>sed</span> <span class='ocrx_word' id='word_1_60' title='bbox 1513 1526 1709 1593; x_wconf 88' lang='lat' dir='ltr'>etiam</span> <span class='ocrx_word' id='word_1_61' title='bbox 1760 1525 2208 1615; x_wconf 86' lang='lat' dir='ltr'>suspensionis</span> <span class='ocrx_word' id='word_1_62' title='bbox 2249 1545 2287 1591; x_wconf 86' lang='lat' dir='ltr'>a</span> <span class='ocrx_word' id='word_1_63' title='bbox 2332 1523 2615 1607; x_wconf 88' lang='lat' dir='ltr'>divinis;</span> 
     </span>
     <span class='ocr_line' id='line_1_11' title="bbox 330 1629 2616 1722; baseline 0.001 -24"><span class='ocrx_word' id='word_1_64' title='bbox 330 1632 525 1718; x_wconf 88' lang='lat' dir='ltr'>idque</span> <span class='ocrx_word' id='word_1_65' title='bbox 562 1652 676 1721; x_wconf 89' lang='lat' dir='ltr'>per</span> <span class='ocrx_word' id='word_1_66' title='bbox 723 1629 1010 1697; x_wconf 90' lang='lat' dir='ltr'>edictum</span> <span class='ocrx_word' id='word_1_67' title='bbox 1056 1632 1435 1722; x_wconf 88' lang='lat' dir='ltr'>episcopale.</span> <span class='ocrx_word' id='word_1_68' title='bbox 1490 1656 1524 1696; x_wconf 84' lang='lat'>«</span> <span class='ocrx_word' id='word_1_69' title='bbox 1568 1630 1763 1716; x_wconf 87' lang='lat' dir='ltr'>Nam,</span> <span class='ocrx_word' id='word_1_70' title='bbox 1797 1633 1885 1700; x_wconf 90' lang='lat' dir='ltr'>ait</span> <span class='ocrx_word' id='word_1_71' title='bbox 1925 1630 2266 1701; x_wconf 88' lang='lat' dir='ltr'>Monacelli</span> <span class='ocrx_word' id='word_1_72' title='bbox 2299 1630 2498 1720; x_wconf 89' lang='lat' dir='ltr'>(parte</span> <span class='ocrx_word' id='word_1_73' title='bbox 2543 1631 2616 1712; x_wconf 89' lang='lat'>3,</span> 
     </span>
     <span class='ocr_line' id='line_1_12' title="bbox 341 1735 2622 1826; baseline 0.002 -27"><span class='ocrx_word' id='word_1_74' title='bbox 341 1762 374 1800; x_wconf 90' lang='lat'>«</span> <span class='ocrx_word' id='word_1_75' title='bbox 402 1738 498 1804; x_wconf 87' lang='lat' dir='ltr'>tit.</span> <span class='ocrx_word' id='word_1_76' title='bbox 530 1758 601 1822; x_wconf 85' lang='lat'>11,</span> <span class='ocrx_word' id='word_1_77' title='bbox 625 1735 819 1803; x_wconf 84' lang='lat' dir='ltr'>form.</span> <span class='ocrx_word' id='word_1_78' title='bbox 857 1736 923 1819; x_wconf 84' lang='lat'>7,</span> <span class='ocrx_word' id='word_1_79' title='bbox 950 1736 1100 1803; x_wconf 89' lang='lat' dir='ltr'>adn.</span> <span class='ocrx_word' id='word_1_80' title='bbox 1132 1736 1225 1826; x_wconf 78' lang='lat'>2),</span> <span class='ocrx_word' id='word_1_81' title='bbox 1253 1742 1394 1826; x_wconf 87' lang='lat' dir='ltr'>post</span> <span class='ocrx_word' id='word_1_82' title='bbox 1423 1735 1625 1826; x_wconf 77' lang='lat' dir='ltr'>huJus</span> <span class='ocrx_word' id='word_1_83' title='bbox 1656 1737 2380 1825; x_wconf 84' lang='lat' dir='ltr'>edicti-evulgationem,</span> <span class='ocrx_word' id='word_1_84' title='bbox 2416 1735 2622 1804; x_wconf 86' lang='lat' dir='ltr'>choro</span> 
     </span>
     <span class='ocr_line' id='line_1_13' title="bbox 339 1842 2626 1934; baseline 0.003 -27"><span class='ocrx_word' id='word_1_85' title='bbox 339 1843 818 1910; x_wconf 88' lang='lat' dir='ltr'>«inservientes</span> <span class='ocrx_word' id='word_1_86' title='bbox 852 1843 906 1909; x_wconf 89' lang='lat' dir='ltr'>si</span> <span class='ocrx_word' id='word_1_87' title='bbox 931 1842 1090 1910; x_wconf 83' lang='lat' dir='ltr'>fiant</span> <span class='ocrx_word' id='word_1_88' title='bbox 1113 1847 1637 1933; x_wconf 84' lang='lat' dir='ltr'>transgressores,</span> <span class='ocrx_word' id='word_1_89' title='bbox 1672 1850 1941 1934; x_wconf 87' lang='lat' dir='ltr'>possunt</span> <span class='ocrx_word' id='word_1_90' title='bbox 1968 1844 2189 1934; x_wconf 84' lang='lat' dir='ltr'>puniri</span> <span class='ocrx_word' id='word_1_91' title='bbox 2226 1843 2474 1932; x_wconf 90' lang='lat' dir='ltr'>absque</span> <span class='ocrx_word' id='word_1_92' title='bbox 2501 1844 2626 1913; x_wconf 88' lang='lat' dir='ltr'>alia</span> 
     </span>
     <span class='ocr_line' id='line_1_14' title="bbox 340 1947 2627 2040; baseline 0.002 -27"><span class='ocrx_word' id='word_1_93' title='bbox 340 1973 374 2013; x_wconf 76' lang='grc' dir='ltr'>α</span> <span class='ocrx_word' id='word_1_94' title='bbox 402 1947 780 2031; x_wconf 88' lang='lat' dir='ltr'>monitione,</span> <span class='ocrx_word' id='word_1_95' title='bbox 834 1950 1023 2037; x_wconf 89' lang='lat' dir='ltr'>cujus</span> <span class='ocrx_word' id='word_1_96' title='bbox 1048 1948 1190 2015; x_wconf 89' lang='lat' dir='ltr'>loco</span> <span class='ocrx_word' id='word_1_97' title='bbox 1219 1951 1525 2017; x_wconf 88' lang='lat' dir='ltr'>successit</span> <span class='ocrx_word' id='word_1_98' title='bbox 1553 1951 1865 2037; x_wconf 89' lang='lat' dir='ltr'>edictum,</span> <span class='ocrx_word' id='word_1_99' title='bbox 1904 1949 2078 2040; x_wconf 88' lang='lat' dir='ltr'>quod</span> <span class='ocrx_word' id='word_1_100' title='bbox 2105 1950 2246 2018; x_wconf 84' lang='lat' dir='ltr'>loco</span> <span class='ocrx_word' id='word_1_101' title='bbox 2272 1950 2518 2038; x_wconf 85' lang='lat' dir='ltr'>patenti</span> <span class='ocrx_word' id='word_1_102' title='bbox 2555 1951 2627 2018; x_wconf 90' lang='lat' dir='ltr'>in</span> 
     </span>
     <span class='ocr_line' id='line_1_15' title="bbox 337 2054 2629 2146; baseline 0.003 -27"><span class='ocrx_word' id='word_1_103' title='bbox 337 2079 372 2119; x_wconf 71' lang='grc' dir='ltr'>α</span> <span class='ocrx_word' id='word_1_104' title='bbox 401 2054 679 2123; x_wconf 89' lang='lat' dir='ltr'>sacrario</span> <span class='ocrx_word' id='word_1_105' title='bbox 706 2054 972 2122; x_wconf 86' lang='lat' dir='ltr'>affixum</span> <span class='ocrx_word' id='word_1_106' title='bbox 1002 2063 1165 2123; x_wconf 80' lang='lat' dir='ltr'>stare</span> <span class='ocrx_word' id='word_1_107' title='bbox 1194 2056 1464 2124; x_wconf 91' lang='lat' dir='ltr'>debet...</span> <span class='ocrx_word' id='word_1_108' title='bbox 1509 2056 1970 2146; x_wconf 88' lang='lat' dir='ltr'>Transgressor</span> <span class='ocrx_word' id='word_1_109' title='bbox 1992 2061 2056 2125; x_wconf 88' lang='lat' dir='ltr'>et</span> <span class='ocrx_word' id='word_1_110' title='bbox 2082 2056 2354 2125; x_wconf 86' lang='lat' dir='ltr'>violator</span> <span class='ocrx_word' id='word_1_111' title='bbox 2370 2057 2629 2126; x_wconf 60' lang='lat' dir='ltr'>&#39;decreti</span> 
     </span>
     <span class='ocr_line' id='line_1_16' title="bbox 342 2160 2629 2253; baseline 0.003 -28"><span class='ocrx_word' id='word_1_112' title='bbox 342 2186 377 2226; x_wconf 69' lang='grc' dir='ltr'>(ι</span> <span class='ocrx_word' id='word_1_113' title='bbox 403 2160 661 2230; x_wconf 91' lang='lat' dir='ltr'>concilii</span> <span class='ocrx_word' id='word_1_114' title='bbox 718 2160 1167 2229; x_wconf 87' lang='lat' dir='ltr'>Lateranensis</span> <span class='ocrx_word' id='word_1_115' title='bbox 1222 2162 1460 2230; x_wconf 90' lang='lat' dir='ltr'>dicitur</span> <span class='ocrx_word' id='word_1_116' title='bbox 1511 2165 1650 2251; x_wconf 88' lang='lat' dir='ltr'>qui,</span> <span class='ocrx_word' id='word_1_117' title='bbox 1694 2169 1837 2253; x_wconf 88' lang='lat' dir='ltr'>post</span> <span class='ocrx_word' id='word_1_118' title='bbox 1869 2163 2372 2251; x_wconf 86' lang='lat' dir='ltr'>evulgationem</span> <span class='ocrx_word' id='word_1_119' title='bbox 2434 2162 2629 2232; x_wconf 90' lang='lat' dir='ltr'>edicti</span> 
     </span>
     <span class='ocr_line' id='line_1_17' title="bbox 340 2266 2629 2360; baseline 0.003 -27"><span class='ocrx_word' id='word_1_120' title='bbox 340 2294 377 2333; x_wconf 70' lang='grc' dir='ltr'>ι(</span> <span class='ocrx_word' id='word_1_121' title='bbox 401 2266 704 2358; x_wconf 90' lang='lat' dir='ltr'>Episcopi</span> <span class='ocrx_word' id='word_1_122' title='bbox 758 2288 951 2357; x_wconf 90' lang='lat' dir='ltr'>super</span> <span class='ocrx_word' id='word_1_123' title='bbox 987 2268 1164 2336; x_wconf 89' lang='lat' dir='ltr'>illius</span> <span class='ocrx_word' id='word_1_124' title='bbox 1211 2268 1639 2354; x_wconf 85' lang='lat' dir='ltr'>observantia,</span> <span class='ocrx_word' id='word_1_125' title='bbox 1688 2269 1935 2359; x_wconf 91' lang='lat' dir='ltr'>pluries</span> <span class='ocrx_word' id='word_1_126' title='bbox 1979 2274 2329 2360; x_wconf 80' lang='lat' dir='ltr'>punctatus</span> <span class='ocrx_word' id='word_1_127' title='bbox 2377 2290 2518 2337; x_wconf 91' lang='lat' dir='ltr'>non</span> <span class='ocrx_word' id='word_1_128' title='bbox 2569 2291 2629 2339; x_wconf 87' lang='lat' dir='ltr'>se</span> 
     </span>
     <span class='ocr_line' id='line_1_18' title="bbox 343 2373 2625 2466; baseline 0.003 -28"><span class='ocrx_word' id='word_1_129' title='bbox 343 2401 376 2439; x_wconf 91' lang='lat'>«</span> <span class='ocrx_word' id='word_1_130' title='bbox 407 2375 731 2455; x_wconf 85' lang='lat' dir='ltr'>emendat,</span> <span class='ocrx_word' id='word_1_131' title='bbox 778 2379 841 2440; x_wconf 88' lang='lat' dir='ltr'>ct</span> <span class='ocrx_word' id='word_1_132' title='bbox 869 2373 1155 2442; x_wconf 90' lang='lat' dir='ltr'>monitus</span> <span class='ocrx_word' id='word_1_133' title='bbox 1193 2396 1324 2442; x_wconf 91' lang='lat' dir='ltr'>non</span> <span class='ocrx_word' id='word_1_134' title='bbox 1353 2375 1632 2443; x_wconf 86' lang='lat' dir='ltr'>abstinet</span> <span class='ocrx_word' id='word_1_135' title='bbox 1672 2376 2076 2466; x_wconf 82' lang='lat' dir='ltr'>acolloquiis</span> <span class='ocrx_word' id='word_1_136' title='bbox 2111 2377 2320 2459; x_wconf 62' lang='grc' dir='ltr'>ναοῖς,</span> <span class='ocrx_word' id='word_1_137' title='bbox 2352 2376 2625 2465; x_wconf 78' lang='lat' dir='ltr'>risibuS,</span> 
     </span>
     <span class='ocr_line' id='line_1_19' title="bbox 342 2479 2631 2571; baseline 0.003 -26"><span class='ocrx_word' id='word_1_138' title='bbox 342 2507 374 2545; x_wconf 91' lang='lat'>«</span> <span class='ocrx_word' id='word_1_139' title='bbox 402 2481 623 2568; x_wconf 80' lang='lat' dir='ltr'>nugis,</span> <span class='ocrx_word' id='word_1_140' title='bbox 652 2480 1025 2569; x_wconf 88' lang='lat' dir='ltr'>sumptione</span> <span class='ocrx_word' id='word_1_141' title='bbox 1048 2479 1333 2564; x_wconf 87' lang='lat' dir='ltr'>tabachi‚</span> <span class='ocrx_word' id='word_1_142' title='bbox 1366 2480 1658 2571; x_wconf 84' lang='lat' dir='ltr'>legendis</span> <span class='ocrx_word' id='word_1_143' title='bbox 1696 2482 1925 2552; x_wconf 87' lang='lat' dir='ltr'>litteris</span> <span class='ocrx_word' id='word_1_144' title='bbox 1953 2489 2019 2553; x_wconf 86' lang='lat' dir='ltr'>et</span> <span class='ocrx_word' id='word_1_145' title='bbox 2043 2483 2340 2553; x_wconf 75' lang='lat' dir='ltr'>fabellis-z</span> <span class='ocrx_word' id='word_1_146' title='bbox 2374 2484 2538 2551; x_wconf 89' lang='lat' dir='ltr'>item</span> <span class='ocrx_word' id='word_1_147' title='bbox 2569 2484 2631 2553; x_wconf 92' lang='lat' dir='ltr'>si</span> 
     </span>
     <span class='ocr_line' id='line_1_20' title="bbox 339 2583 2625 2679; baseline 0.003 -31"><span class='ocrx_word' id='word_1_148' title='bbox 339 2609 374 2648; x_wconf 71' lang='lat' dir='ltr'>c&lt;</span> <span class='ocrx_word' id='word_1_149' title='bbox 403 2585 691 2650; x_wconf 89' lang='lat' dir='ltr'>monitus</span> <span class='ocrx_word' id='word_1_150' title='bbox 724 2588 797 2649; x_wconf 90' lang='lat' dir='ltr'>ut</span> <span class='ocrx_word' id='word_1_151' title='bbox 814 2583 1094 2673; x_wconf 87' lang='lat' dir='ltr'>deponat</span> <span class='ocrx_word' id='word_1_152' title='bbox 1117 2605 1374 2652; x_wconf 88' lang='lat' dir='ltr'>comam</span> <span class='ocrx_word' id='word_1_153' title='bbox 1399 2585 1724 2666; x_wconf 89' lang='lat' dir='ltr'>fictitiam,</span> <span class='ocrx_word' id='word_1_154' title='bbox 1755 2589 1810 2657; x_wconf 90' lang='lat' dir='ltr'>si</span> <span class='ocrx_word' id='word_1_155' title='bbox 1839 2610 1972 2658; x_wconf 90' lang='lat' dir='ltr'>non</span> <span class='ocrx_word' id='word_1_156' title='bbox 2001 2588 2239 2679; x_wconf 88' lang='lat' dir='ltr'>psallit,</span> <span class='ocrx_word' id='word_1_157' title='bbox 2275 2588 2376 2657; x_wconf 87' lang='lat' dir='ltr'>vel</span> <span class='ocrx_word' id='word_1_158' title='bbox 2401 2587 2625 2677; x_wconf 85' lang='lat' dir='ltr'>psallit</span> 
     </span>
     <span class='ocr_line' id='line_1_21' title="bbox 342 2688 2629 2781; baseline 0.005 -29"><span class='ocrx_word' id='word_1_159' title='bbox 342 2688 738 2756; x_wconf 87' lang='lat' dir='ltr'>«oscitanter</span> <span class='ocrx_word' id='word_1_160' title='bbox 761 2693 822 2755; x_wconf 90' lang='lat' dir='ltr'>et</span> <span class='ocrx_word' id='word_1_161' title='bbox 845 2688 1260 2779; x_wconf 78' lang='lat' dir='ltr'>syncopando</span> <span class='ocrx_word' id='word_1_162' title='bbox 1282 2712 1298 2769; x_wconf 91' lang='lat'><strong>;</strong></span> <span class='ocrx_word' id='word_1_163' title='bbox 1328 2690 1384 2757; x_wconf 91' lang='lat' dir='ltr'>si</span> <span class='ocrx_word' id='word_1_164' title='bbox 1406 2692 1582 2759; x_wconf 88' lang='lat' dir='ltr'>sedet</span> <span class='ocrx_word' id='word_1_165' title='bbox 1604 2695 1868 2781; x_wconf 88' lang='lat' dir='ltr'>quando</span> <span class='ocrx_word' id='word_1_166' title='bbox 1890 2696 2193 2764; x_wconf 91' lang='lat' dir='ltr'>standum</span> <span class='ocrx_word' id='word_1_167' title='bbox 2213 2701 2333 2778; x_wconf 85' lang='lat' dir='ltr'>est,</span> <span class='ocrx_word' id='word_1_168' title='bbox 2361 2694 2469 2762; x_wconf 84' lang='lat' dir='ltr'>vel</span> <span class='ocrx_word' id='word_1_169' title='bbox 2483 2716 2629 2763; x_wconf 87' lang='lat' dir='ltr'>non</span> 
     </span>
     <span class='ocr_line' id='line_1_22' title="bbox 342 2794 2631 2891; baseline 0.004 -32"><span class='ocrx_word' id='word_1_170' title='bbox 342 2820 378 2859; x_wconf 85' lang='lat'>«</span> <span class='ocrx_word' id='word_1_171' title='bbox 398 2794 795 2885; x_wconf 86' lang='lat' dir='ltr'>genuflectit,</span> <span class='ocrx_word' id='word_1_172' title='bbox 844 2799 906 2862; x_wconf 89' lang='lat' dir='ltr'>et</span> <span class='ocrx_word' id='word_1_173' title='bbox 947 2794 1363 2864; x_wconf 85' lang='lat' dir='ltr'>caeremonias</span> <span class='ocrx_word' id='word_1_174' title='bbox 1390 2817 1428 2862; x_wconf 88' lang='lat' dir='ltr'>a</span> <span class='ocrx_word' id='word_1_175' title='bbox 1469 2797 1733 2866; x_wconf 90' lang='lat' dir='ltr'>rubrica</span> <span class='ocrx_word' id='word_1_176' title='bbox 1774 2801 2179 2891; x_wconf 77' lang='lat' dir='ltr'>praescriptas</span> <span class='ocrx_word' id='word_1_177' title='bbox 2218 2799 2470 2891; x_wconf 88' lang='lat' dir='ltr'>spernit</span> <span class='ocrx_word' id='word_1_178' title='bbox 2523 2801 2631 2869; x_wconf 92' lang='lat' dir='ltr'>vel</span> 
     </span>
     <span class='ocr_line' id='line_1_23' title="bbox 343 2900 2634 2992; baseline 0.003 -24"><span class='ocrx_word' id='word_1_179' title='bbox 343 2902 695 2970; x_wconf 86' lang='lat' dir='ltr'>«indevote</span> <span class='ocrx_word' id='word_1_180' title='bbox 737 2902 1035 2992; x_wconf 87' lang='lat' dir='ltr'>complet.</span> <span class='ocrx_word' id='word_1_181' title='bbox 1079 2900 1235 2971; x_wconf 83' lang='lat' dir='ltr'>Haee</span> <span class='ocrx_word' id='word_1_182' title='bbox 1280 2906 1341 2970; x_wconf 90' lang='lat' dir='ltr'>et</span> <span class='ocrx_word' id='word_1_183' title='bbox 1387 2902 1628 2973; x_wconf 89' lang='lat' dir='ltr'>similia</span> <span class='ocrx_word' id='word_1_184' title='bbox 1673 2906 1913 2975; x_wconf 89' lang='lat' dir='ltr'>cadunt</span> <span class='ocrx_word' id='word_1_185' title='bbox 1949 2907 2073 2976; x_wconf 91' lang='lat' dir='ltr'>sub</span> <span class='ocrx_word' id='word_1_186' title='bbox 2120 2928 2470 2976; x_wconf 88' lang='lat' dir='ltr'>censuram</span> <span class='ocrx_word' id='word_1_187' title='bbox 2517 2909 2634 2976; x_wconf 86' lang='lat' dir='ltr'>de·</span> 
     </span>
     <span class='ocr_line' id='line_1_24' title="bbox 338 3009 1221 3076; baseline 0.003 -3"><span class='ocrx_word' id='word_1_188' title='bbox 338 3033 376 3073; x_wconf 87' lang='lat'>«</span> <span class='ocrx_word' id='word_1_189' title='bbox 398 3009 578 3076; x_wconf 90' lang='lat' dir='ltr'>creti.</span> <span class='ocrx_word' id='word_1_190' title='bbox 1210 3010 1221 3052; x_wconf 68' lang='lat'>⁸</span> 
     </span>
    </p>

    <p class='ocr_par' dir='ltr' id='par_1_5' title="bbox 336 3113 2638 3853">
     <span class='ocr_line' id='line_1_25' title="bbox 424 3113 2629 3214; baseline 0.005 -34"><span class='ocrx_word' id='word_1_191' title='bbox 424 3138 459 3178; x_wconf 88' lang='lat'>«</span> <span class='ocrx_word' id='word_1_192' title='bbox 489 3113 810 3182; x_wconf 84' lang='lat' dir='ltr'>Caeterum</span> <span class='ocrx_word' id='word_1_193' title='bbox 850 3115 904 3182; x_wconf 90' lang='lat' dir='ltr'>si</span> <span class='ocrx_word' id='word_1_194' title='bbox 946 3114 1303 3205; x_wconf 88' lang='lat' dir='ltr'>Episcopus</span> <span class='ocrx_word' id='word_1_195' title='bbox 1344 3117 1415 3184; x_wconf 92' lang='lat' dir='ltr'>in</span> <span class='ocrx_word' id='word_1_196' title='bbox 1465 3118 1695 3199; x_wconf 86' lang='lat' dir='ltr'>edict0,</span> <span class='ocrx_word' id='word_1_197' title='bbox 1745 3124 1979 3208; x_wconf 81' lang='lat' dir='ltr'>praeter</span> <span class='ocrx_word' id='word_1_198' title='bbox 2025 3143 2102 3189; x_wconf 88' lang='lat' dir='ltr'>ea</span> <span class='ocrx_word' id='word_1_199' title='bbox 2146 3144 2294 3211; x_wconf 84' lang='lat' dir='ltr'>quae</span> <span class='ocrx_word' id='word_1_200' title='bbox 2330 3128 2629 3214; x_wconf 80' lang='lat' dir='ltr'>tempuS,</span> 
     </span>
     <span class='ocr_line' id='line_1_26' title="bbox 341 3218 2636 3319; baseline 0.007 -37"><span class='ocrx_word' id='word_1_201' title='bbox 341 3218 724 3305; x_wconf 83' lang='lat' dir='ltr'>«ordinem,</span> <span class='ocrx_word' id='word_1_202' title='bbox 780 3220 1215 3309; x_wconf 90' lang='lat' dir='ltr'>devotionem,</span> <span class='ocrx_word' id='word_1_203' title='bbox 1277 3225 1564 3314; x_wconf 89' lang='lat' dir='ltr'>corporis</span> <span class='ocrx_word' id='word_1_204' title='bbox 1617 3227 2181 3318; x_wconf 87' lang='lat' dir='ltr'>compositionem,</span> <span class='ocrx_word' id='word_1_205' title='bbox 2248 3229 2636 3319; x_wconf 83' lang='lat' dir='ltr'>psalmodiae</span> 
     </span>
     <span class='ocr_line' id='line_1_27' title="bbox 337 3322 2636 3424; baseline 0.009 -38"><span class='ocrx_word' id='word_1_206' title='bbox 337 3347 373 3384; x_wconf 89' lang='lat'>«</span> <span class='ocrx_word' id='word_1_207' title='bbox 403 3322 836 3411; x_wconf 84' lang='lat' dir='ltr'>integritatem</span> <span class='ocrx_word' id='word_1_208' title='bbox 864 3332 926 3394; x_wconf 89' lang='lat' dir='ltr'>et</span> <span class='ocrx_word' id='word_1_209' title='bbox 955 3348 1227 3416; x_wconf 90' lang='lat' dir='ltr'>pausam</span> <span class='ocrx_word' id='word_1_210' title='bbox 1252 3330 1436 3418; x_wconf 87' lang='lat' dir='ltr'>juxta</span> <span class='ocrx_word' id='word_1_211' title='bbox 1472 3331 1766 3400; x_wconf 89' lang='lat' dir='ltr'>rubricas</span> <span class='ocrx_word' id='word_1_212' title='bbox 1795 3339 1859 3400; x_wconf 90' lang='lat' dir='ltr'>et</span> <span class='ocrx_word' id='word_1_213' title='bbox 1895 3355 2142 3402; x_wconf 88' lang='lat' dir='ltr'>morem</span> <span class='ocrx_word' id='word_1_214' title='bbox 2167 3335 2484 3424; x_wconf 72' lang='lat' dir='ltr'>{Ecclesiae</span> <span class='ocrx_word' id='word_1_215' title='bbox 2524 3358 2636 3405; x_wconf 91' lang='lat' dir='ltr'>re-</span> 
     </span>
     <span class='ocr_line' id='line_1_28' title="bbox 342 3427 2638 3531; baseline 0.01 -42"><span class='ocrx_word' id='word_1_216' title='bbox 342 3427 707 3516; x_wconf 85' lang='lat' dir='ltr'>«spiciunt,</span> <span class='ocrx_word' id='word_1_217' title='bbox 744 3430 991 3519; x_wconf 91' lang='lat' dir='ltr'>aliquid</span> <span class='ocrx_word' id='word_1_218' title='bbox 1035 3434 1215 3501; x_wconf 92' lang='lat' dir='ltr'>aliud</span> <span class='ocrx_word' id='word_1_219' title='bbox 1251 3437 1653 3525; x_wconf 68' lang='lat' dir='ltr'>praeciperet,</span> <span class='ocrx_word' id='word_1_220' title='bbox 1685 3439 1786 3505; x_wconf 86' lang='lat' dir='ltr'>vel</span> <span class='ocrx_word' id='word_1_221' title='bbox 1826 3461 1992 3508; x_wconf 91' lang='lat' dir='ltr'>onus</span> <span class='ocrx_word' id='word_1_222' title='bbox 2020 3441 2281 3510; x_wconf 89' lang='lat' dir='ltr'>adderet</span> <span class='ocrx_word' id='word_1_223' title='bbox 2321 3442 2406 3509; x_wconf 89' lang='lat' dir='ltr'>ad</span> <span class='ocrx_word' id='word_1_224' title='bbox 2448 3443 2638 3531; x_wconf 88' lang='lat' dir='ltr'>quod</span> 
     </span>
     <span class='ocr_line' id='line_1_29' title="bbox 342 3534 2637 3625; baseline 0.008 -27"><span class='ocrx_word' id='word_1_225' title='bbox 342 3560 377 3598; x_wconf 84' lang='lat'>«</span> <span class='ocrx_word' id='word_1_226' title='bbox 403 3555 521 3603; x_wconf 90' lang='lat' dir='ltr'>nec</span> <span class='ocrx_word' id='word_1_227' title='bbox 548 3534 625 3602; x_wconf 89' lang='lat' dir='ltr'>de</span> <span class='ocrx_word' id='word_1_228' title='bbox 637 3537 808 3625; x_wconf 88' lang='lat' dir='ltr'>jure,</span> <span class='ocrx_word' id='word_1_229' title='bbox 839 3558 959 3606; x_wconf 90' lang='lat' dir='ltr'>nec</span> <span class='ocrx_word' id='word_1_230' title='bbox 983 3561 1060 3607; x_wconf 84' lang='lat' dir='ltr'>ex</span> <span class='ocrx_word' id='word_1_231' title='bbox 1080 3539 1395 3608; x_wconf 90' lang='lat' dir='ltr'>laudabili</span> <span class='ocrx_word' id='word_1_232' title='bbox 1420 3545 1890 3613; x_wconf 91' lang='lat' dir='ltr'>consuetudine</span> <span class='ocrx_word' id='word_1_233' title='bbox 1919 3553 2033 3614; x_wconf 90' lang='lat' dir='ltr'>aut</span> <span class='ocrx_word' id='word_1_234' title='bbox 2058 3552 2294 3616; x_wconf 86' lang='lat' dir='ltr'>statuto</span> <span class='ocrx_word' id='word_1_235' title='bbox 2316 3549 2637 3618; x_wconf 87' lang='lat' dir='ltr'>canonici</span> 
     </span>
     <span class='ocr_line' id='line_1_30' title="bbox 336 3642 2637 3737; baseline 0.008 -30"><span class='ocrx_word' id='word_1_236' title='bbox 336 3667 371 3707; x_wconf 86' lang='lat'>«</span> <span class='ocrx_word' id='word_1_237' title='bbox 398 3643 500 3711; x_wconf 91' lang='lat' dir='ltr'>vel</span> <span class='ocrx_word' id='word_1_238' title='bbox 528 3642 745 3712; x_wconf 90' lang='lat' dir='ltr'>clerici</span> <span class='ocrx_word' id='word_1_239' title='bbox 778 3648 1101 3730; x_wconf 88' lang='lat' dir='ltr'>tenentur,</span> <span class='ocrx_word' id='word_1_240' title='bbox 1149 3648 1203 3714; x_wconf 92' lang='lat' dir='ltr'>si</span> <span class='ocrx_word' id='word_1_241' title='bbox 1235 3647 1403 3716; x_wconf 88' lang='lat' dir='ltr'>illud</span> <span class='ocrx_word' id='word_1_242' title='bbox 1441 3671 1574 3717; x_wconf 90' lang='lat' dir='ltr'>non</span> <span class='ocrx_word' id='word_1_243' title='bbox 1603 3651 2042 3737; x_wconf 84' lang='lat' dir='ltr'>observarent,</span> <span class='ocrx_word' id='word_1_244' title='bbox 2079 3676 2210 3723; x_wconf 90' lang='lat' dir='ltr'>non</span> <span class='ocrx_word' id='word_1_245' title='bbox 2241 3654 2637 3724; x_wconf 85' lang='lat' dir='ltr'>dicerentur</span> 
     </span>
     <span class='ocr_line' id='line_1_31' title="bbox 336 3752 2638 3853; baseline 0.007 -38"><span class='ocrx_word' id='word_1_246' title='bbox 336 3773 372 3853; x_wconf 56' lang='grc' dir='ltr'>ς(</span> <span class='ocrx_word' id='word_1_247' title='bbox 398 3753 892 3841; x_wconf 84' lang='lat' dir='ltr'>transgressores</span> <span class='ocrx_word' id='word_1_248' title='bbox 918 3752 1134 3836; x_wconf 89' lang='lat' dir='ltr'>edicti,</span> <span class='ocrx_word' id='word_1_249' title='bbox 1181 3775 1301 3822; x_wconf 90' lang='lat' dir='ltr'>nec</span> <span class='ocrx_word' id='word_1_250' title='bbox 1334 3754 1579 3823; x_wconf 90' lang='lat' dir='ltr'>idcirco</span> <span class='ocrx_word' id='word_1_251' title='bbox 1606 3759 1916 3849; x_wconf 87' lang='lat' dir='ltr'>suspendi</span> <span class='ocrx_word' id='word_1_252' title='bbox 1959 3764 2074 3827; x_wconf 85' lang='lat' dir='ltr'>aut</span> <span class='ocrx_word' id='word_1_253' title='bbox 2111 3760 2239 3827; x_wconf 86' lang='lat' dir='ltr'>alio</span> <span class='ocrx_word' id='word_1_254' title='bbox 2264 3759 2464 3828; x_wconf 91' lang='lat' dir='ltr'>modo</span> <span class='ocrx_word' id='word_1_255' title='bbox 2508 3785 2638 3852; x_wconf 88' lang='lat' dir='ltr'>pu·-</span> 
     </span>
    </p>
   </div>
   <div class='ocr_carea' id='block_1_5' title="bbox 336 3856 2639 4048">
    <p class='ocr_par' dir='ltr' id='par_1_6' title="bbox 336 3856 2639 4048">
     <span class='ocr_line' id='line_1_32' title="bbox 339 3856 2639 3956; baseline 0.007 -37"><span class='ocrx_word' id='word_1_256' title='bbox 339 3876 372 3916; x_wconf 86' lang='lat'>«</span> <span class='ocrx_word' id='word_1_257' title='bbox 396 3856 529 3921; x_wconf 90' lang='lat' dir='ltr'>niri</span> <span class='ocrx_word' id='word_1_258' title='bbox 569 3863 859 3946; x_wconf 86' lang='lat' dir='ltr'>possent3</span> <span class='ocrx_word' id='word_1_259' title='bbox 890 3858 1045 3946; x_wconf 86' lang='lat' dir='ltr'>quia</span> <span class='ocrx_word' id='word_1_260' title='bbox 1080 3856 1464 3933; x_wconf 86' lang='lat' dir='ltr'>Ordinarius</span> <span class='ocrx_word' id='word_1_261' title='bbox 1505 3884 1679 3931; x_wconf 84' lang='lat' dir='ltr'>nova</span> <span class='ocrx_word' id='word_1_262' title='bbox 1712 3885 1910 3933; x_wconf 90' lang='lat' dir='ltr'>onera</span> <span class='ocrx_word' id='word_1_263' title='bbox 1946 3864 2179 3934; x_wconf 88' lang='lat' dir='ltr'>addere</span> <span class='ocrx_word' id='word_1_264' title='bbox 2221 3887 2334 3933; x_wconf 89' lang='lat' dir='ltr'>seu</span> <span class='ocrx_word' id='word_1_265' title='bbox 2380 3887 2639 3956; x_wconf 84' lang='lat' dir='ltr'>augere</span> 
     </span>
     <span class='ocr_line' id='line_1_33' title="bbox 336 3967 1291 4048; baseline 0.016 -28"><span class='ocrx_word' id='word_1_266' title='bbox 336 3981 371 4020; x_wconf 83' lang='lat'>«</span> <span class='ocrx_word' id='word_1_267' title='bbox 401 3979 535 4025; x_wconf 92' lang='lat' dir='ltr'>non</span> <span class='ocrx_word' id='word_1_268' title='bbox 564 3967 790 4048; x_wconf 90' lang='lat' dir='ltr'>potest.</span> <span class='ocrx_word' id='word_1_269' title='bbox 826 3989 863 4028; x_wconf 86' lang='lat'>»</span> <span class='ocrx_word' id='word_1_270' title='bbox 1285 3998 1291 4003; x_wconf 90' lang='lat'><strong>·</strong></span> 
     </span>
    </p>
   </div>
   <div class='ocr_carea' id='block_1_6' title="bbox 226 4061 2644 4491">
    <p class='ocr_par' dir='ltr' id='par_1_7' title="bbox 226 4061 2644 4491">
     <span class='ocr_line' id='line_1_34' title="bbox 416 4061 2643 4167; baseline 0.009 -39"><span class='ocrx_word' id='word_1_271' title='bbox 416 4061 724 4132; x_wconf 88' lang='lat' dir='ltr'>Canonici</span> <span class='ocrx_word' id='word_1_272' title='bbox 756 4090 913 4159; x_wconf 88' lang='lat' dir='ltr'>ergo</span> <span class='ocrx_word' id='word_1_273' title='bbox 944 4071 1059 4160; x_wconf 88' lang='lat' dir='ltr'>qui</span> <span class='ocrx_word' id='word_1_274' title='bbox 1105 4069 1404 4141; x_wconf 80' lang='lat' dir='ltr'>indevote</span> <span class='ocrx_word' id='word_1_275' title='bbox 1424 4076 1488 4139; x_wconf 87' lang='lat' dir='ltr'>et</span> <span class='ocrx_word' id='word_1_276' title='bbox 1510 4073 1873 4144; x_wconf 86' lang='lat' dir='ltr'>inordinate</span> <span class='ocrx_word' id='word_1_277' title='bbox 1901 4076 2116 4145; x_wconf 85' lang='lat' dir='ltr'>officia</span> <span class='ocrx_word' id='word_1_278' title='bbox 2134 4076 2356 4144; x_wconf 90' lang='lat' dir='ltr'>divina</span> <span class='ocrx_word' id='word_1_279' title='bbox 2377 4079 2643 4167; x_wconf 85' lang='lat' dir='ltr'>persol-</span> 
     </span>
     <span class='ocr_line' id='line_1_35' title="bbox 326 4174 2638 4274; baseline 0.007 -37"><span class='ocrx_word' id='word_1_280' title='bbox 326 4174 513 4248; x_wconf 87' lang='lat' dir='ltr'>vunt,</span> <span class='ocrx_word' id='word_1_281' title='bbox 540 4176 881 4259; x_wconf 83' lang='lat' dir='ltr'>postquam</span> <span class='ocrx_word' id='word_1_282' title='bbox 906 4178 1138 4246; x_wconf 90' lang='lat' dir='ltr'>moniti</span> <span class='ocrx_word' id='word_1_283' title='bbox 1166 4181 1344 4266; x_wconf 84' lang='lat' dir='ltr'>sunt,</span> <span class='ocrx_word' id='word_1_284' title='bbox 1374 4200 1491 4268; x_wconf 90' lang='lat' dir='ltr'>per</span> <span class='ocrx_word' id='word_1_285' title='bbox 1511 4182 1893 4270; x_wconf 68' lang='lat' dir='ltr'>praedictum</span> <span class='ocrx_word' id='word_1_286' title='bbox 1920 4183 2277 4274; x_wconf 89' lang='lat' dir='ltr'>episcopale</span> <span class='ocrx_word' id='word_1_287' title='bbox 2297 4183 2638 4264; x_wconf 88' lang='lat' dir='ltr'>edictum,</span> 
     </span>
     <span class='ocr_line' id='line_1_36' title="bbox 226 4272 2644 4379; baseline 0.006 -34"><span class='ocrx_word' id='word_1_288' title='bbox 226 4272 265 4357; x_wconf 62' lang='lat'>‚⁶</span> <span class='ocrx_word' id='word_1_289' title='bbox 325 4279 593 4367; x_wconf 89' lang='lat' dir='ltr'>possunt</span> <span class='ocrx_word' id='word_1_290' title='bbox 617 4296 811 4366; x_wconf 87' lang='lat' dir='ltr'>poena</span> <span class='ocrx_word' id='word_1_291' title='bbox 835 4283 1278 4370; x_wconf 88' lang='lat' dir='ltr'>suspensionis</span> <span class='ocrx_word' id='word_1_292' title='bbox 1306 4285 1388 4352; x_wconf 89' lang='lat' dir='ltr'>ab</span> <span class='ocrx_word' id='word_1_293' title='bbox 1416 4285 1730 4378; x_wconf 87' lang='lat' dir='ltr'>Episcopo</span> <span class='ocrx_word' id='word_1_294' title='bbox 1758 4289 1973 4379; x_wconf 87' lang='lat' dir='ltr'>plecti.</span> <span class='ocrx_word' id='word_1_295' title='bbox 2014 4288 2338 4378; x_wconf 87' lang='lat' dir='ltr'>«Hocque</span> <span class='ocrx_word' id='word_1_296' title='bbox 2371 4288 2644 4358; x_wconf 83' lang='lat' dir='ltr'>facien-</span> 
     </span>
     <span class='ocr_line' id='line_1_37' title="bbox 338 4386 2642 4491; baseline 0.008 -40"><span class='ocrx_word' id='word_1_297' title='bbox 338 4411 373 4449; x_wconf 87' lang='lat'>«</span> <span class='ocrx_word' id='word_1_298' title='bbox 399 4389 558 4455; x_wconf 88' lang='lat' dir='ltr'>dum</span> <span class='ocrx_word' id='word_1_299' title='bbox 589 4386 710 4454; x_wconf 85' lang='lat' dir='ltr'>erit</span> <span class='ocrx_word' id='word_1_300' title='bbox 751 4387 860 4479; x_wconf 87' lang='lat' dir='ltr'>(ait</span> <span class='ocrx_word' id='word_1_301' title='bbox 892 4389 1052 4457; x_wconf 90' lang='lat' dir='ltr'>ibid.</span> <span class='ocrx_word' id='word_1_302' title='bbox 1089 4389 1447 4484; x_wconf 88' lang='lat' dir='ltr'>Monacelli)</span> <span class='ocrx_word' id='word_1_303' title='bbox 1493 4398 1684 4466; x_wconf 87' lang='lat' dir='ltr'>etiam</span> <span class='ocrx_word' id='word_1_304' title='bbox 1714 4399 1854 4468; x_wconf 89' lang='lat' dir='ltr'>sine</span> <span class='ocrx_word' id='word_1_305' title='bbox 1885 4421 2211 4491; x_wconf 86' lang='lat' dir='ltr'>processu,</span> <span class='ocrx_word' id='word_1_306' title='bbox 2254 4404 2318 4468; x_wconf 92' lang='lat' dir='ltr'>et</span> <span class='ocrx_word' id='word_1_307' title='bbox 2359 4417 2437 4467; x_wconf 80' lang='lat' dir='ltr'>ex</span> <span class='ocrx_word' id='word_1_308' title='bbox 2484 4402 2642 4469; x_wconf 87' lang='lat' dir='ltr'>sola</span> 
     </span>
    </p>
   </div>
  </div>
 </body>
</html>
