2930 4982
356 339 393 394 Β
402 343 483 398 54
1329 347 1676 395 ῘΒΑΩΤΑἸἬΕ

348 471 803 561 jurisdictione
828 471 988 538 dum
1017 470 1341 538 vicarium
1371 467 1734 552 constituit;
1768 467 1877 535 sed
1891 468 2073 536 illam
2103 473 2302 535 totam
2326 477 2643 559 quantam

357 579 425 645 in
449 577 695 645 dictum
721 577 1045 645 vicarium
1070 577 1321 666 dejure
1344 577 1622 644 transire
1648 575 1893 665 absque
1919 576 2057 642 ulla
2088 576 2473 644 limitatione
2515 579 2650 647 sive

354 684 560 775 quoad
587 684 912 771 materias,
943 684 1077 751 sive
1103 684 1317 773 quoad
1341 689 1622 772 tempus.
1649 682 1718 751 ld
1765 683 2034 772 quidem
2077 682 2238 750 olim
2281 682 2350 749 in
2400 689 2652 754 contro-

353 789 557 857 versia
575 789 742 873 fuit;
774 810 955 857 nunc
981 807 1135 857 vero
1159 789 1431 857 omnino
1464 794 1740 857 certum.
1771 785 1919 855 Non
1944 809 2100 877 ergo
2145 808 2309 878 opus
2335 794 2432 855 est
2452 796 2530 857 ut
2560 813 2653 859 se-

358 895 944 986 paratimffagamus
973 896 1054 963 de
1072 896 1529 986 jurisdictione
1557 894 1826 985 capituli
1853 894 2023 961 etde
2060 889 2518 983 jurisdictione
2555 894 2649 962 vi·

357 1002 519 1070 carii
570 1001 974 1092 capitularis,
1025 1009 1101 1068 ut
1135 1001 1342 1069 fecere
1365 1000 1636 1090 quidam
1662 1001 2050 1084 canonistae3
2078 1000 2188 1067 sed
2216 1000 2391 1087 quod
2417 1000 2498 1067 de
2521 1003 2662 1067 uno¹

362 1107 657 1176 dicemus
679 1108 1050 1177 censebitur
1066 1107 1317 1176 dictum
1339 1108 1419 1176 de
1437 1108 1658 1176 altero.
1800 1105 1806 1114 ’

1289 1382 1717 1482 CAPUTnn

358 1551 476 1598 rao
500 1552 727 1600 amun
745 1553 1135 1601 commun
1155 1549 1527 1601 Annum-lm
1547 1554 1750 1602 ‘ro-rm
1765 1553 2264 1601 mmsmcnonnu
2273 1523 2664 1599 onmmmu‘

433 1658 715 1716 amscom,
749 1660 996 1705 rama
1024 1637 1157 1706 nm
1199 1661 1331 1713 011AE
1360 1662 1399 1706 A
1423 1662 1570 1706 man
1600 1660 1869 1707 connum
1898 1631 2321 1711 nnrsniuiwua
2348 1658 2629 1720 Excurrit,

455 1764 539 1808 AB
577 1765 912 1812 caria-own
950 1767 1030 1811 m·
1069 1767 1287 1812 rosi-nx
1335 1766 1415 1811 An
1455 1766 1748 1813 vmxmmr
1790 1767 2212 1812 oxma-omnm
2249 1761 2543 1820 mansum

451 1974 485 2014 «
509 1948 889 2038 Respondeo
914 1969 1182 2019 omnem
1200 1950 1833 2020 administrationem
1860 1956 1924 2018 et
1933 1950 2468 2040 Jurisdictionem
2488 1950 2653 2040 epis-

365 2080 399 2117 «
442 2056 737 2146 copalem
782 2057 1203 2142 ordinariam,
1234 2064 1369 2125 tam
1401 2060 1470 2127 in
1502 2057 1953 2150 spiritualibus
1986 2079 2184 2146 quam
2214 2058 2286 2123 in
2319 2061 2648 2147 tempora-

365 2186 398 2223 «
443 2161 618 2230 libus
645 2165 916 2232 transire
943 2165 1023 2232 ad
1070 2166 1462 2255 capitulum,
1524 2166 1672 2233 sede
1704 2170 1991 2245 vacante,
2032 2170 2095 2231 et
2123 2164 2205 2231 ab
2258 2185 2334 2231 eo
2369 2165 2647 2231 exerceri

362 2293 395 2330 α
446 2291 652 2358 posse,
703 2272 983 2361 exceptis
1011 2270 1091 2338 iis
1114 2294 1262 2361 quae
1293 2272 1512 2362 ipsum
1530 2274 1642 2362 jus
1667 2291 2018 2339 commune
2051 2269 2314 2359 excipit,
2352 2271 2459 2338 vel
2492 2269 2651 2338 Pon-

361 2400 398 2440 «
439 2377 588 2443 tifex
614 2377 974 2466 specialiter
1000 2378 1348 2445 interdicit.
1390 2404 1424 2443 »
1477 2377 1890 2466 (Leurenius,
1934 2374 2268 2445 Tractsde
2294 2399 2479 2468 cap„
2507 2373 2656 2444 sede

353 2505 532 2563 vac„
564 2490 791 2571 quaest.
826 2483 1012 2574 457.)
1059 2512 1094 2550 «
1122 2483 1214 2553 Ea
1241 2486 1465 2554 omnia
1517 2485 1902 2575 generaliter
1929 2487 1993 2551 et
2034 2482 2486 2552 universaliter
2506 2504 2650 2572 quae

362 2614 395 2652 ι(
434 2588 907 2675 jurisdictionis
934 2591 1281 2658 ordinariae
1324 2597 1502 2674 sunt,
1537 2591 1638 2657 lex
1685 2592 1823 2680 ipsa
1864 2590 2293 2680 nuncupatim
2349 2589 2644 2656 transfert

361 2720 397 2759 «
422 2693 492 2759 in
522 2692 968 2783 capitulum.»
1012 2695 1356 2783 (Lotterus,
1402 2699 1499 2762 De
1553 2695 1910 2784 beneficiiS,
1959 2696 2005 2762 l.
2067 2718 2113 2781 1,
2147 2718 2214 2786 q.
2259 2695 2356 2777 15,
2390 2715 2458 2760 n.
2491 2692 2638 2783 28.)

451 2828 487 2866 α
532 2800 612 2868 Et
640 2800 936 2890 quamvis
959 2802 1261 2875 nonnulli
1296 2803 1691 2875 constituant
1720 2803 1790 2868 in
1814 2801 1937 2873 hac
1962 2802 2232 2869 materia
2259 2801 2650 2870 contrariam

364 2933 400 2972 «
432 2908 755 2995 regulam,
807 2908 875 2976 id
911 2913 1007 2976 est
1020 2909 1573 2998 jurisdictionem,
1604 2914 1864 2977 mortuo
1894 2907 2242 2999 Episcopo,
2274 2909 2355 2976 ad
2403 2907 2651 2997 capitu-

364 3038 399 3076 «
431 3013 573 3079 lum
599 3034 732 3081 non
764 3014 1042 3098 devolvi,
1074 3014 1203 3083 nisi
1230 3017 1298 3082 in
1325 3021 1647 3105 quantum
1668 3015 2005 3085 invenitur
2032 3014 2431 3105 permissum
2446 3013 2549 3081 vel
2578 3034 2647 3080 ex

364 3117 829 3209 «indulgentia
866 3121 971 3189 vel
1008 3143 1085 3189 ex
1111 3121 1584 3190 consuetudine
1637 3121 2038 3212 praescripta,
2081 3126 2300 3188 tamen
2355 3140 2646 3188 commu-

362 3250 397 3289 «
425 3225 601 3292 niter
631 3249 858 3295 omnes
887 3238 1120 3295 contra
1162 3239 1404 3297 tenent.
1439 3252 1476 3291 »
1512 3225 1911 3316 <Fagnanus‚
1961 3227 2030 3314 in
2063 3244 2212 3317 cap.‘
2246 3228 2426 3294 Cum
2461 3224 2645 3302 olim,

353 3332 448 3396 De
494 3331 793 3417 major-it.
841 3344 905 3400 et
934 3330 1150 3422 obed.)

440 3433 561 3500 Illa
577 3441 795 3501 autem
824 3436 1195 3502 communis
1215 3437 1557 3503 doctorum
1604 3440 1946 3524 sententia,
1971 3438 2123 3506 licet
2158 3436 2474 3528 expressis
2503 3457 2641 3502 ver-

351 3536 543 3604 bisin
590 3538 742 3627 jure
778 3540 1092 3605 canonico
1134 3561 1266 3606 non
1296 3541 1668 3608 inveniatur
1695 3541 1975 3626 firmata,
2001 3565 2037 3609 e
2077 3541 2380 3631 pluribus
2422 3547 2640 3615 tamen

352 3642 628 3710 textibus
655 3642 887 3711 merito
908 3644 1343 3712 concluditur.
1387 3645 1460 3713 ln
1493 3648 1697 3736 capite
1728 3649 1897 3714 Cum
1925 3648 2085 3715 olim
2107 3647 2228 3738 (De
2250 3645 2557 3736 majorit.
2585 3656 2646 3711 et

351 3748 571 3840 obed.)
596 3749 886 3818 videmus
905 3750 1284 3820 electionem
1308 3752 1686 3841 quamdam,
1724 3755 1916 3843 cujus
1941 3754 2347 3822 confirmatio
2368 3752 2649 3842 pertine·

352 3855 463 3921 bat
489 3858 566 3923 ad
598 3857 990 3948 Episcopum
1019 3856 1522 3945 Messanensem‚
1556 3860 1876 3944 debuisse,
1900 3867 2167 3928 vacante
2189 3857 2465 3927 ecclesia
2488 3856 2647 3924 Mes·

353 3965 638 4048 salnensi,
664 3982 702 4031 a
723 3964 1008 4055 capitulo
1033 3966 1324 4054 ejusdem
1350 3966 1635 4034 ecclesiae
1662 3967 2058 4034 confirmari.
2096 3965 2207 4034 Sic
2227 3966 2407 4033 enim
2429 3965 2646 4030 decer·

352 4065 448 4132 nit
474 4065 822 4155 Gregorius
853 4069 940 4138 lX
967 4095 983 4138 ε
1031 4073 1198 4139 Cum
1223 4072 1488 4140 ecclesia
1515 4062 1949 4141 Messanensis
1985 4084 2172 4140 vacet
2214 4069 2644 4160 adpraesens,

352 4170 734 4239 electionem
751 4197 944 4242 suam
964 4178 1522 4269 confirmandam,
1547 4190 1762 4269 prout
1784 4178 2034 4269 dejure
2048 4178 2283 4268 fuerit,
2313 4175 2419 4241 vel
2443 4173 2650 4241 etiam

351 4276 863 4366 infirmandam,
898 4296 1309 4369 proesentmt
1363 4284 1655 4376 capitulo
1698 4283 2123 4353 Messanensi.
2201 4281 2370 4350 Illud
2426 4287 2647 4347 autem

355 4386 662 4473 supponit
712 4390 1021 4473 tanquam
1074 4392 1368 4477 regulam
1428 4399 1587 4460 tunc
1636 4391 1993 4459 admissum
2040 4390 2234 4457 fuisse
2278 4385 2647 4477 capitulum
