2930 4982
1079 410 1158 454 ne
1205 408 1531 454 cni-tuus.
2107 388 2114 394 “
2327 403 2451 459 497

1252 596 1366 675 §5

171 775 240 815 ΔΝ
284 774 445 813 HODIE
481 774 535 812 [N
565 773 758 813 GALLIA
784 772 957 812 LICITE
983 772 1050 811 Ac
1087 772 1285 811 VALIDE
1322 772 1523 812 PLURES
1554 772 1759 813 VIcAnn
1811 773 2166 816 CAPITULARES
2195 776 2460 819 maenum

1199 860 1448 900 VALEANT

257 1031 642 1098 Pnoposmo
672 1029 758 1096 1⁸.
792 1065 884 1080 -—
906 1027 1136 1095 Plures
1166 1027 1456 1095 vicarios
1489 1027 1895 1118 capitulares
1923 1026 2293 1118 deputandi
2314 1053 2473 1119 pra-

175 1139 311 1221 xis,
350 1136 483 1204 nisi
523 1156 566 1202 a
614 1146 903 1225 tempore
943 1133 1333 1201 concordati
1373 1134 1545 1200 armi
1586 1134 1756 1202 1802
1794 1133 2094 1224 leqz'time
2118 1136 2476 1227 praescrip-

176 1245 369 1326 serit',
423 1240 747 1311 censenda
792 1264 926 1308 non
969 1253 1063 1309 est
1104 1240 1289 1308 licita
1334 1263 1449 1308 nec
1499 1239 1749 1309 valida.
1794 1280 1885 1293 -
1927 1240 2097 1309 Nam
2147 1242 2479 1312 hodiernae

176 1352 541 1423 Galliarum
574 1349 875 1417 dioeceses
907 1370 1039 1416 non
1081 1353 1234 1415 sunt
1273 1347 1556 1436 antiquae
1592 1349 1899 1416 dioeceses
1931 1345 2347 1414 continuatae
2373 1354 2483 1415 aut

178 1457 545 1539 restitutae;
572 1454 683 1523 sed
712 1459 864 1521 sunt
888 1453 1189 1520 dioeceses
1214 1451 1468 1518 noviter
1496 1456 1721 1519 erectae
1749 1473 1824 1519 ac
1842 1457 2095 1536 creatae,
2128 1453 2486 1542 suppressis

182 1564 457 1633 omnino
480 1583 555 1629 ac
589 1558 884 1628 extinctis
913 1557 1258 1649 prioribus,
1310 1556 1523 1646 Atque
1581 1556 1757 1624 idem
1782 1556 2133 1626 dicendum
2156 1557 2234 1625 de
2260 1558 2490 1627 cathe-

185 1669 469 1738 dralibus
494 1665 816 1758 capitulis.
865 1666 1159 1754 Antiqua
1200 1664 1445 1732 scilicet
1468 1664 1730 1755 penitus
1758 1663 2034 1730 extincta
2057 1669 2211 1730 sunt
2240 1686 2315 1731 ac
2335 1686 2490 1755 sup·
2562 1684 2565 1687 ’

189 1797 437 1866 pressa3
482 1778 544 1841 et
588 1794 732 1861 quae
767 1793 944 1839 nunc
981 1776 1195 1838 extant
1247 1792 1380 1838 non
1430 1776 1582 1838 sunt
1631 1770 1899 1859 illaipsa
1953 1770 2173 1861 priora
2204 1770 2490 1862 capitula

187 1879 583 1948 continuata
604 1881 714 1944 aut
736 1875 1051 1945 restituta
1073 1896 1103 1960 ;
1130 1876 1236 1944 sed
1258 1881 1411 1944 sunt
1436 1897 1602 1944 nova
1630 1875 1934 1965 capitula,
1969 1882 2108 1966 post
2133 1878 2491 1946 concorda-

187 1990 332 2053 tum
358 1985 516 2052 anni
567 1983 736 2051 1802
797 1988 1029 2065 erecta,
1088 1981 1446 2072 suppressis
1487 1983 1633 2071 jam
1674 1988 1735 2047 et
1776 1982 2070 2049 extinctis
2121 1983 2496 2050 auctoritate

189 2090 535 2159 Pontificia
562 2088 907 2179 prioribus.
943 2086 1310 2177 Suppressit
1346 2093 1564 2155 autem
1619 2087 1775 2155 Pius
1803 2086 1924 2155 Vll
1952 2087 2151 2155 dictas
2189 2087 2496 2157 dioeceses

187 2219 263 2264 ac
293 2194 681 2262 cathedralia
710 2191 991 2282 capitula
1015 2215 1170 2259 cum
1200 2194 1510 2261 omnibus
1539 2193 1952 2283 singulorum
1970 2194 2234 2282 juribus
2262 2216 2337 2261 ac
2365 2195 2500 2285 pri·

187 2300 471 2387 vilegiiS.
500 2298 668 2386 Ergo
708 2307 862 2364 tunc
895 2299 1253 2364 extinctum
1293 2298 1414 2365 fuit
1449 2299 1914 2387 quodcumque
1945 2298 2338 2388 particulare
2360 2299 2494 2388 JUS‚

195 2403 523 2495 ejusmodi
552 2400 838 2491 antiquis
860 2401 1158 2491 capitulis
1195 2424 1268 2468 ex
1309 2402 1599 2493 legitime
1634 2404 2002 2495 praescripta
2031 2403 2501 2472 consuetudine

196 2511 548 2580 inhaerens.
613 2509 787 2597 Ergo
816 2510 868 2576 si
895 2531 1041 2597 quae
1065 2508 1288 2576 Galliae
1340 2510 1625 2599 capitula
1666 2514 1778 2600 jus
1833 2511 1992 2578 olim
2017 2511 2390 2594 habuerint,
2424 2533 2500 2580 ex

192 2619 487 2708 legitima
548 2616 1013 2684 consuetudine
1044 2622 1062 2701 3
1119 2615 1337 2704 plures
1379 2618 1654 2684 vicarios
1703 2618 2090 2707 capitulares
2113 2619 2493 2707 deputandi,

190 2728 299 2814 jus
318 2725 486 2793 illud
509 2730 666 2792 tunc
682 2743 1103 2814 suppressum
1126 2726 1187 2787 et
1211 2720 1568 2789 extinctum
1596 2722 1739 2789 fuit.
1760 2721 2045 2791 Aliunde
2070 2729 2288 2789 autem
2313 2725 2496 2792 nullo

194 2833 447 2900 decreto
472 2830 810 2898 Pontificio
860 2850 1027 2895 nova
1064 2826 1292 2895 Galliae
1333 2829 1614 2919 capitula
1657 2829 1954 2897 facultate
1980 2830 2121 2913 ista,
2149 2829 2287 2919 juri
2318 2851 2494 2897 com-

193 2937 387 3004 muni
417 2935 760 3022 contraria,
785 2933 1018 3000 donata
1054 2937 1226 2998 sunt.
1260 2933 1456 3021 Ergo,
1486 2933 1615 3000 nisi
1644 2934 2013 3003 facultatem
2030 2935 2203 3002 hanc
2233 2935 2358 3003 sibi
2389 2957 2492 3004 ac-

192 3040 580 3131 quisiverint
599 3060 712 3129 per
727 3037 903 3106 viam
927 3037 1438 3120 consuetudinis,
1463 3045 1799 3130 atempore
1815 3043 2184 3109 concordati
2203 3041 2491 3130 legitime
2567 3033 2573 3038 ¹

194 3147 610 3237 praescriptae,
651 3143 1023 3211 nullatenus
1065 3163 1209 3209 eam
1254 3142 1444 3210 hodie
1478 3144 1604 3211 sibi
1646 3145 1971 3213 vindicare
2009 3154 2299 3238 possunt.
2341 3147 2493 3215 Plu-

195 3255 371 3322 rium
409 3258 627 3320 autem
651 3251 1051 3318 vicariorum
1082 3249 1331 3332 electi0,
1365 3250 1612 3318 secluso
1640 3273 1788 3319 casu
1812 3253 2120 3341 legitimae
2149 3261 2491 3323 consuetu-

197 3360 388 3444 dinis,
425 3357 651 3425 illicita
676 3361 770 3423 est
793 3377 867 3422 ac
896 3354 1206 3441 invalida,
1245 3360 1439 3445 prout
1485 3358 1802 3446 superiori
1837 3360 2240 3450 paragrapho
2256 3362 2489 3453 proba·

196 3470 333 3533 tum
359 3469 478 3533 est.
1247 3545 1252 3552 ¹
2334 3547 2337 3552 ,

278 3573 659 3640 Pnorosrrio
687 3567 778 3634 2⁸.
802 3604 893 3619 —
919 3566 1119 3633 Dicta
1127 3565 1377 3655 praxis
1388 3566 1623 3656 plures
1653 3569 1942 3637 vicarios
1962 3570 2356 3661 capitulares
2381 3571 2490 3641 de-

192 3675 512 3763 putandi,
532 3697 666 3743 non
695 3671 958 3740 videtur
974 3694 1017 3738 a
1041 3683 1333 3761 tempore
1354 3674 1738 3743 concordati
1752 3689 1983 3744 contra
1994 3678 2114 3767 jus
2143 3699 2487 3747 commune

202 3779 495 3871 leqitz'me
503 3776 1016 3871 praescripsisse.
1043 3814 1133 3826 —
1165 3777 1402 3865 Agitur
1423 3778 1603 3847 enim
1631 3780 1741 3849 hic
1769 3783 1846 3850 de
1876 3782 2340 3850 consuetudine
2356 3806 2483 3873 per

202 3898 379 3955 actus
403 3886 720 3978 repetitos
755 3881 1145 3951 inducenda.
1178 3881 1376 3950 Porro
1405 3890 1479 3952 ut
1510 3886 1783 3976 hujusce
1825 3888 2059 3978 speciei
2087 3890 2481 3958 consuetudo

202 3990 484 4082 legitime
534 3997 757 4058 contra
795 3990 905 4080 jus
952 3987 1348 4078 praescribat,
1393 4012 1529 4058 non
1558 3993 1892 4061 sufficiunt
1907 3993 2117 4085 pauci
2129 3999 2334 4077 actuS,
2369 3994 2480 4062 sed

202 4100 623 4187 requiruntur
661 4095 887 4163 multi.
917 4094 1105 4163 Haud
1134 4094 1318 4162 facile
1344 4096 1611 4183 quidem
1630 4105 1723 4166 est
1745 4100 2027 4189 rigorose
2057 4099 2480 4170 determinare

205 4209 352 4290 quot
368 4203 639 4295 praecise
666 4224 941 4270 numero
967 4201 1384 4292 requirantur
1407 4208 1611 4288 actus,
1642 4226 1761 4273 nec
1790 4205 1869 4273 de
1897 4207 2021 4275 hoc
2041 4229 2175 4275 una
2200 4211 2294 4274 est
2316 4206 2478 4272 doc-

202 4313 407 4376 torum
435 4309 773 4377 sententia.
824 4307 946 4374 Ast
985 4307 1198 4397 quoad
1254 4307 1506 4397 praxim
1558 4309 1637 4377 de
1693 4333 1822 4399 qua
1862 4313 1972 4381 hic
2000 4314 2282 4402 agimuS‚
2320 4307 2477 4372 adeo

202 4416 382 4500 pauci
420 4420 599 4498 sunt,
625 4418 699 4480 ut
726 4412 971 4480 censeri
1013 4419 1338 4501 nequeant
1387 4411 1750 4502 legitimam
1801 4420 2205 4487 constituisse
2255 4412 2477 4478 contra

2167 4537 2234 4585 32
