2930 4982
1234 322 1313 367 ΒΕ
1355 320 1679 368 CAPrrnus.
2486 319 2510 374 1
2530 320 2612 374 35

331 464 361 504 «
390 438 841 521 minationem,
891 438 1018 506 nisi
1053 439 1135 506 ab
1164 438 1487 531 Episcopo
1505 416 1953 509 'confirmetur
1975 494 1993 530 ‚
2026 465 2241 512 carere
2283 444 2537 514 robore.
2571 472 2612 511 »

399 543 576 612 Idem
606 566 897 635 expresse
927 545 1274 613 declaravit
1302 545 1499 615 Sacra
1524 546 1948 639 Congregatio
1979 549 2073 640 (in
2107 550 2611 640 Fulqinatensi‚

322 653 397 720 26
439 652 754 719 februarii
803 651 1022 742 1639).
1074 652 1239 721 Nam
1274 656 1608 745 proposito
1651 656 1848 724 dubio
1883 682 1899 724 ι
1950 658 2053 724 Αη
2082 658 2453 749 Episcopus
2493 682 2613 726 au·

322 758 619 826 ctoritate
639 756 985 825 ordinaria
1013 760 1223 848 possit
1248 759 1317 827 in
1338 783 1460 828 sua
1482 761 1752 829 ecclesia
1777 784 1994 830 creare
2017 764 2358 831 canonicos
2378 787 2615 855 supra-

318 863 725 957 numerarios
739 864 985 954 absque
1003 866 1295 956 capituli
1310 888 1624 934 consensu
1645 878 1708 933 et
1728 867 2220 955 canonicorum,
2242 871 2606 961 respondit:

316 971 717 1061 Episcopum
753 994 888 1039 non
925 993 1149 1062 posse.
1210 972 1420 1063 (Hanc
1450 974 1959 1042 declarationem
2008 975 2199 1043 refert
2236 975 2611 1046 Scarianto-

316 1076 480 1159 niuS,
526 1077 669 1144 loco
713 1078 909 1145 modo
940 1077 1187 1168 citat0.)

398 1181 572 1250 ldem
622 1184 905 1252 tenuisse
934 1183 1150 1252 Patres
1176 1186 1352 1253 illius
1380 1185 1917 1275 Congregationis
1948 1186 2233 1254 vidimus
2282 1188 2351 1255 in
2400 1194 2617 1259 trans-

314 1288 514 1379 cripta
542 1311 740 1381 supra
777 1291 1272 1380 Fulqinatensi,
1303 1292 1345 1359 6
1375 1293 1636 1383 augusti
1674 1292 1870 1362 1808.
1912 1292 2015 1361 Ad
2059 1315 2198 1362 rem
2219 1286 2428 1363 'etiam
2463 1297 2616 1366 facit

312 1415 500 1462 causa
534 1397 950 1481 Gorz'tiensis,
999 1398 1081 1464 14
1116 1400 1404 1487 januarii
1460 1399 1665 1479 1860,
1701 1421 1904 1489 quam
1960 1400 2250 1468 referunt
2290 1402 2615 1472 Analecta

296 1499 476 1588 juris
513 1504 863 1593 Pontificii.
903 1504 1179 1594 (Janvier
1213 1503 1410 1588 1861,
1461 1526 1627 1595 page
1651 1504 1836 1595 444).

393 1607 507 1676 Jus
541 1613 757 1676 autem
786 1609 953 1677 illud
978 1610 1453 1678 simultaneum
1485 1609 1792 1702 Episcopi
1819 1617 1882 1678 et
1920 1609 2188 1700 capituli
2215 1610 2284 1677 in
2316 1611 2614 1680 creandis

304 1715 634 1782 canonicis
657 1715 1046 1800 honorariis,
1072 1717 1303 1785 intime
1331 1717 1608 1784 cohaeret
1635 1738 1790 1785 cum
1811 1719 1963 1807 jure
1982 1738 2165 1785 veros
2192 1718 2610 1786 canonicatus

309 1820 698 1905 conferendi,
733 1822 908 1911 quod
939 1822 1019 1889 ad
1048 1821 1445 1914 Episcopum
1481 1823 1678 1890 simul
1731 1831 1794 1889 et
1837 1823 2198 1913 capitulum
2230 1824 2611 1914 regulariter

302 1927 624 2014 pertinere
650 1928 1004 2018 probamus
1047 1928 1216 1995 infra
1256 1928 1459 2018 (parte
1486 1929 1764 1997 secunda
1808 1930 2016 2019 hujus
2068 1929 2454 2019 Tractatus).

388 2031 483 2099 Ex
512 2033 626 2100 illa
654 2055 805 2100 vero
847 2034 1292 2101 communiter
1320 2034 1603 2101 admissa
1631 2038 1706 2099 ut
1735 2039 1909 2102 certa
1936 2039 2283 2102 auctorum
2316 2035 2612 2104 doctrina

297 2139 624 2226 sequitur,
652 2140 1172 2213 nominationem
1205 2140 1502 2207 canonici
1521 2138 1882 2223 honorarii,
1910 2140 2011 2207 vel
2034 2161 2073 2207 a
2100 2140 2234 2208 solo
2264 2140 2618 2231 EpiscopO,

294 2242 402 2309 vel
443 2265 484 2308 a
519 2244 656 2309 solo
685 2245 970 2332 capitulo
998 2245 1263 2325 factam,
1291 2245 1650 2325 invalidam
1690 2265 2032 2309 remanere
2083 2250 2145 2308 et
2185 2245 2466 2326 irritam,
2526 2247 2613 2311 ita

290 2351 404 2426 ut,
441 2344 627 2410 verbi
657 2347 887 2432 gratia,
923 2346 1283 2435 capitulum
1306 2347 1502 2436 possit
1529 2346 1609 2413 ad
1634 2345 1923 2415 tribunal
1968 2347 2471 2416 ecclesiasticum
2503 2372 2610 2418 vo-

292 2471 452 2518 care
476 2451 873 2519 sacerdotem
900 2453 1096 2520 illum
1118 2453 1259 2543 qui,
1286 2475 1322 2521 a
1346 2453 1481 2521 solo
1497 2453 1820 2546 Episcopo
1847 2456 2195 2524 canonicus
2219 2456 2608 2528 honorarius

293 2556 704 2638 nominatus,
734 2559 1002 2627 titulum
1026 2559 1224 2626 istum
1250 2566 1362 2627 aut
1385 2560 1669 2649 insignia
1700 2564 1967 2653 capituli
1992 2564 2183 2653 gerit,
2225 2568 2417 2654 atque
2449 2586 2612 2635 eum

297 2683 532 2751 cogere
561 2669 636 2731 ut
671 2665 754 2732 ab
789 2666 927 2734 istis
953 2666 1296 2734 abstineat.

387 2770 584 2838 Posse
606 2779 821 2841 autem
851 2796 887 2841 a
909 2772 1186 2842 Summo
1206 2773 1521 2843 Pontifice
1539 2777 1887 2843 canonicos
1904 2775 2286 2844 honorarios
2308 2780 2513 2845 creari
2535 2780 2608 2847 in

301 2875 592 2963 quolibet
613 2880 846 2946 mundi
868 2880 1326 2969 capitu10,imo
1341 2886 1404 2948 et
1422 2881 1776 2947 canonicos
1791 2880 1982 2968 pleno
2001 2880 2295 2945 canoniae
2304 2882 2453 2967 jure
2465 2903 2614 2950 mu-

303 2982 496 3066 nites,
518 2983 762 3073 absque
783 2985 1214 3052 controversia
1234 2991 1325 3050 est
1345 2986 1519 3074 apud
1536 2986 1829 3052 doctores
1849 2983 2222 3067 catholicos,
2245 3005 2454 3075 neque
2472 2986 2612 3055 lici-

302 3092 444 3156 tum
470 3095 564 3156 est
594 3089 759 3156 illud
789 3090 858 3156 in
885 3089 1166 3156 dubium
1195 3109 1516 3156 revocare.
1546 3088 1737 3179 (Vide
1757 3088 1824 3153 in
1852 3093 2120 3156 tractatu
2151 3092 2245 3156 De
2260 3090 2616 3182 principiis

291 3194 469 3281 juris
498 3194 805 3261 canonici
823 3194 994 3262 dicta
1019 3195 1098 3263 de
1122 3194 1243 3262 hac
1264 3216 1357 3278 re,
1385 3195 1500 3262 ubi
1524 3193 1603 3261 de
1618 3193 1871 3283 requlis
1893 3194 2122 3262 cancel
2126 3194 2319 3262 larioe
2341 3197 2608 3287 agitur.)

393 3298 570 3380 Quid
603 3322 754 3368 vero
783 3299 1142 3369 dicendum
1171 3301 1249 3369 de
1278 3300 1748 3370 consuetudine
1772 3321 1917 3389 quae
1940 3299 2185 3367 alicubi
2234 3299 2303 3366 in
2333 3299 2539 3370 Gallia
2568 3323 2607 3369 a

304 3410 595 3496 tempore
646 3408 1013 3475 concordati
1077 3407 1238 3476 1801
1290 3407 1594 3494 invaluit,
1650 3412 1724 3474 ut
1780 3406 2075 3473 canonici
2140 3407 2473 3475 honorarii
2526 3408 2618 3474 ab·

304 3509 624 3601 Episcopo
651 3514 1100 3593 nominentur,
1130 3513 1372 3602 absque
1401 3513 1540 3581 ullo
1571 3512 1840 3604 capituli
1882 3532 2206 3579 consensu
2230 3511 2263 3578 ‘?
2291 3510 2363 3578 ln
2389 3514 2607 3601 prima

305 3617 587 3686 editione
636 3618 809 3685 dixi:
861 3616 1185 3705 Ncqanda
1234 3617 1501 3685 videtur
1549 3617 1960 3707 hypothesis.'
2017 3614 2315 3701 Singulis
2369 3635 2612 3703 nempe

304 3726 629 3814 ejusmodi
681 3723 1238 3793 nominationibus
1267 3724 1605 3789 accessisse
1642 3723 1912 3809 capituli
1950 3738 2347 3786 consensum
2385 3718 2616 3807 colligi

309 3854 486 3921 posse
512 3831 986 3916 existimabam,
1018 3851 1091 3896 ex
1128 3849 1202 3895 eo
1230 3826 1405 3917 quod
1435 3824 1718 3916 capitula
1737 3843 1881 3890 non
1920 3822 2379 3889 reclamassent
2420 3830 2482 3892 et
2501 3826 2603 3893 sic

312 3941 675 4007 nominatos
720 3936 1062 4007 canonicos
1083 3934 1463 4004 honorarios
1508 3933 1578 4000 in
1610 3931 1810 4000 choro
1837 3930 2248 4019 recepissent.
2282 3928 2368 3998 At
2396 3952 2610 4013 nunc,

311 4065 377 4113 re
404 4047 729 4113 maturius
755 4064 1094 4136 perpensa,
1134 4044 1460 4111 sufficiens
1495 4062 1628 4108 non
1674 4040 1932 4107 'videtur
1961 4037 2097 4105 haec
2136 4036 2296 4104 ratio
2328 4038 2408 4105 ad
2436 4058 2610 4105 asse-

316 4153 592 4220 rendum
645 4149 1028 4239 hujusmodi
1074 4171 1462 4218 consensum
1498 4176 1516 4234 3
1552 4148 1662 4214 sed
1692 4146 1903 4236 potius
1955 4143 2112 4212 huic
2169 4143 2247 4210 de
2276 4142 2607 4210 canonicis

318 4256 677 4328 honorariis
722 4256 1064 4346 quaestioni
1091 4253 1476 4348 applicanda
1508 4274 1643 4320 esse
1671 4273 1769 4339 ea,
1813 4273 1959 4341 quae
2004 4251 2178 4317 infra
2220 4248 2609 4315 deducimus

319 4367 530 4455 quoad
558 4364 904 4434 canonicos
934 4364 1194 4453 proprie
1218 4361 1422 4429 dictos
1443 4380 1479 4426 a
1509 4359 1642 4427 solo
1666 4357 1983 4447 Episcopo
2009 4354 2409 4425 constitutos.
