2930 4982
389 346 425 400 2
435 347 467 400 4
479 345 515 400 0
1341 350 1684 398 'rmcuws

385 475 717 545 cntionem
744 472 1080 564 impedire.
1124 471 1449 554 Secunde,
1493 494 1625 541 non
1657 467 2161 540 reclamantibus
2187 468 2488 558 capitulis
2516 491 2676 541 con·

386 582 656 650 suetudo
681 580 945 648 inducta
967 578 1154 648 estin
1187 577 1470 647 favorem
1497 578 1825 669 Episcopi.
1863 574 2106 661 Tertzb,
2138 576 2678 649 consuetudo-illa

385 693 672 756 versatur
704 687 774 754 in
797 686 1065 753 materia
1095 683 1576 774 praescriptibili
1601 706 1618 753 ε
1651 704 1807 752 nam
1834 703 2047 772 neque
2071 702 2148 751 ex
2191 687 2420 752 natura
2444 705 2564 753 sua
2586 692 2681 756 est

384 792 874 878 irrationabiliS‚
904 811 1115 879 neque
1139 797 1212 858 ut
1233 789 1376 859 talis
1393 791 1483 858 ‘ab
1501 790 1638 859 ullo
1659 788 1830 881 juris
1857 794 2031 857 textu
2055 789 2472 879 reprobatur3
2500 793 2679 863 unde

383 901 636 970 videtur
663 899 934 968 omnino
952 884 1425 965 admittendum
1457 897 1808 988 Episcopos
1851 902 2075 965 contra
2093 896 2208 986 jus
2235 896 2402 964 illud
2430 899 2679 989 capitu-

382 1008 600 1075 lorum
630 1002 1040 1095 praescribere
1065 1003 1386 1094 potuisse3
1415 1004 1504 1070 ita
1521 1008 1594 1071 ut
1625 1008 1755 1072 tota
1777 1001 2043 1092 quaestio
2069 1002 2424 1071 reducatur
2448 1005 2532 1073 ad
2560 1005 2678 1076 hos

382 1112 695 1182 terminos
719 1135 734 1179 :
764 1117 987 1177 utrum
1015 1109 1426 1200 inductaJam
1450 1109 1924 1201 Episcoporum
1942 1109 2254 1200 possessio
2267 1109 2500 1178 habeat
2521 1131 2677 1181 con-

383 1219 656 1287 ditiones
674 1215 1031 1286 ordinarias
1050 1238 1087 1283 a
1095 1217 1245 1305 jure
1273 1217 1614 1285 communi
1632 1214 1973 1305 requisitas
1989 1214 2068 1283 ad
2087 1214 2666 1305 praescribendum.

389 1327 668 1411 Quarto,
731 1323 905 1413 quod
959 1322 1210 1391 dictum
1266 1329 1363 1391 est
1410 1343 1610 1413 supra
1661 1322 1741 1389 de
1779 1321 2117 1391 collatione
2167 1321 2675 1392 canonicatuum

385 1429 624 1522 (deesse
667 1450 904 1517 nempe
943 1427 1280 1519 Episcopis
1317 1450 1524 1496 unam
1567 1450 1603 1495 e
1646 1426 2017 1496 necessariis
2065 1427 2548 1499 conditionibus
2595 1430 2677 1499 ad

381 1534 936 1625 praescribendum
983 1533 1271 1623 legitime
1300 1540 1526 1603 contra
1569 1534 1852 1625 capitula
1887 1536 2000 1624 Jus
2025 1533 2429 1602 exclusivum
2470 1534 2680 1604 colla-

383 1640 629 1730 tionis),
654 1640 722 1708 id
741 1640 962 1731 ipsum
990 1640 1124 1722 hic,
1153 1645 1214 1708 et
1240 1661 1316 1708 ex
1340 1640 1569 1708 iisdem
1600 1640 1958 1709 rationibus
1977 1639 2430 1731 applicandum
2460 1642 2673 1709 venit.

385 1746 798 1815 Remittimus
848 1767 1001 1835 ergo
1036 1746 1117 1815 ad
1166 1746 1650 1836 paragraphum
1701 1747 1785 1815 10
1816 1747 2233 1837 praecedentis
2287 1746 2533 1838 capitis.
2591 1745 2682 1814 Et

384 1851 551 1920 sicut
585 1851 679 1919 ibi
705 1852 1086 1920 conclusum
1116 1851 1264 1935 fuit,
1289 1852 1505 1919 adhuc
1523 1851 1718 1919 hodie
1748 1853 1819 1919 in
1849 1850 2061 1920 Gallia
2088 1851 2389 1943 capitulis
2412 1872 2679 1942 compe-

383 1961 516 2025 tere
536 1956 649 2045 jus
673 1956 1029 2024 collationis
1056 1956 1459 2025 simultaneae
1493 1978 1625 2025 non
1657 1957 1948 2026 obstante
1985 1958 2303 2026 contraria
2323 1958 2682 2048 Episcopo·

385 2084 537 2130 rum
591 2062 1013 2153 possessione,
1041 2063 1130 2130 ita
1170 2068 1233 2131 et
1275 2063 1509 2132 iisdem
1539 2064 1839 2155 capitulis
1871 2069 2236 2155 competere
2271 2063 2504 2148 vicarii
2541 2084 2682 2154 per·

386 2169 564 2259 petui
595 2170 976 2238 cathedralis
1022 2170 1564 2259 nominationem,
1610 2194 1744 2241 non
1787 2171 2081 2242 obstante
2122 2170 2327 2241 simili
2360 2173 2682 2240 contraria

387 2276 593 2365 praxi,
627 2276 1155 2347 concludendum
1185 2277 1461 2347 videtur.

1472 2552 1598 2630 §4

476 2731 551 2770 AN
583 2730 828 2771 VICARIUS
866 2731 1105 2772 cunnus
1140 2732 1508 2773 CATHEDRALIS
1534 2734 1743 2774 DEBEAT
1766 2735 2095 2777 NECESSARIO
2124 2736 2250 2776 ESSE
2285 2734 2595 2775 PERPETUUS

479 2911 853 2981 Pnoposrno
884 2913 945 2979 1⁸
984 2948 1076 2962 —
1100 2899 1324 2979 Potest
1352 2909 1753 3004 Episcopus,
1784 2911 1848 2982 si
1874 2914 1978 2983 ita
2015 2926 2480 3006 opportunum
2499 2912 2691 3001 judi-

388 3017 663 3096 caverit,
690 3017 1087 3108 permittere
1122 3017 1425 3108 capitulo
1473 3029 1552 3085 ut
1593 3041 1827 3087 curam
1867 3005 2163 3089 exerceat
2183 3040 2313 3111 per
2354 3016 2690 3085 vicarium

385 3121 839 3190 amovibilem.
871 3162 962 3175 —
988 3121 1094 3192 Sic
1126 3124 1409 3192 decrevit
1442 3123 1825 3194 Tridentina
1856 3126 2183 3215 synodus:
2217 3122 2558 3213 Beneficia
2593 3145 2692 3192 ec-

386 3226 752 3296 clesiastica
788 3240 1024 3298 curata
1060 3251 1208 3319 quae
1251 3228 1746 3300 cathedralibus
1782 3254 2058 3314 ‚annexa
2093 3230 2546 3323 reperiuntur,
2603 3228 2692 3297 ab

393 3330 765 3401 Ordinariis
797 3335 1098 3403 locorum
1123 3335 1406 3427 sinqulis
1430 3337 1624 3405 annis
1643 3338 1997 3407 visitentur
2021 3361 2048 3403 .·
2076 3338 2197 3429 qui
2217 3335 2503 3406 sollicite
2511 3355 2693 3425 pro·

386 3436 609 3506 videre
620 3452 1008 3529 procurent,
1040 3454 1119 3510 ut
1138 3464 1263 3533 per
1289 3441 1556 3511 idoneos
1579 3443 1859 3512 vicarios
1899 3437 2524 3536 (etiam'perpetuoffi
2556 3441 2695 3510 nis-i

383 3545 542 3636 ipsis
584 3543 954 3615 Ordinariis
1016 3548 1218 3617 aliter
1255 3547 1563 3639 empedire
1604 3548 1986 3642 videbitur),
2038 3573 2200 3620 cura
2236 3539 2692 3617 laudabiliter

384 3664 760 3724 exerceatur
773 3654 943 3743 (sess.
972 3656 1038 3737 7,
1060 3677 1119 3724 c.
1145 3655 1182 3721 7
1208 3657 1307 3722 De
1325 3654 1518 3747 ref.).
1539 3655 1707 3725 Cum
1732 3656 1903 3725 dicat
1923 3663 2144 3726 sancta
2162 3655 2452 3746 synodus
2476 3654 2693 3722 etiam

382 3773 756 3851 perpetum,
784 3760 927 3828 nisi
950 3758 1108 3851 ipsis
1141 3759 1516 3829 Ordinariis
1556 3761 1759 3831 aliter
1807 3761 2117 3854 expedire
2142 3760 2505 3840 videbitur,
2538 3779 2698 3851 pro-

388 3865 550 3934 fecto
576 3868 870 3958 sequitur
899 3889 1082 3959 posse
1104 3867 1472 3958 capitulum
1497 3869 1839 3938 nominare
1859 3868 2180 3938 vicarium
2204 3868 2287 3935 ab
2314 3866 2554 3935 eodem
2580 3885 2697 3934 ca·

387 3972 594 4059 pitulo
615 3974 1073 4062 revocabilem,
1107 3973 1369 4063 quando
1397 3974 1463 4043 id
1493 3975 1834 4065 permittit,
1861 3981 1924 4046 et
1949 3975 2206 4045 attentis
2235 3974 2696 4042 circumstan-

387 4074 492 4142 tiis
515 4077 675 4145 utile
700 4086 954 4170 reputat
978 4079 1360 4172 Episcopus,

394 4255 406 4267 ς
475 4179 689 4271 objici
736 4183 1014 4272 quidem·
1053 4192 1258 4278 potest
1307 4186 1638 4257 decretum
1684 4188 1978 4279 ejusdem
2025 4184 2289 4256 concilii
2335 4184 2512 4275 (sess.
2570 4184 2700 4271 24,

387 4310 444 4355 c.
481 4286 615 4378 13),
637 4287 707 4356 in
733 4310 862 4379 quo
891 4290 984 4358 sic
1007 4293 1348 4361 statuitur:
1383 4294 1455 4363 in
1489 4293 1569 4362 iis
1598 4316 1856 4386 quoque
1891 4293 2073 4379 locis,
2113 4291 2233 4360 ubi
2251 4289 2705 4383 parochiales

389 4394 670 4463 ecclesiae
697 4390 909 4465 certos'
932 4418 1069 4465 non
1089 4395 1334 4465 habent
1355 4400 1546 4489 fines,
1579 4423 1698 4470 nee
1736 4399 1967 4471 earum
2004 4409 2284 4468 rectores
2315 4394 2706 4487 proprium
