2930 4982
1371 325 1449 372 un
1495 325 1821 373 carneus.
2621 319 2747 378 365

541 444 758 515 Monet
795 450 1013 536 postea
1051 445 1213 514 Rota
1241 446 1738 535 relinquendam
1760 467 1893 514 esse
1933 448 2317 516 sententiam
2344 447 2592 536 lmolae‚
2632 453 2746 541 qui

452 550 593 619 vult
614 551 973 619 consilium
1000 551 1388 641 requisitum
1408 551 1608 641 alege
1635 551 2125 641 intelligendum
2153 575 2288 625 esse
2304 554 2388 622 de
2402 578 2741 626 consensu.

450 657 704 727 Relutat
731 659 927 727 etiam
965 659 1347 748 objicientes
1371 659 1608 727 inutile
1650 658 1844 727 fuisse
1867 659 2128 750 injungi
2151 662 2467 754 Episcopo
2488 663 2750 733 adbibi-

450 764 696 833 tionem
749 766 1026 849 consilii,
1083 764 1212 833 nisi
1269 766 1468 833 simul
1517 765 1685 834 illud
1731 767 1917 856 sequi
1974 772 2298 837 teneretur
2327 796 2345 853 3
2405 770 2747 839 ostendens

435 878 709 959 quantae
727 872 1022 940 utilitatis
1044 871 1125 939 sit
1145 872 1312 941 illud
1334 872 1707 957 consilium,
1726 872 1879 941 licet
1896 880 2231 943 remaneat
2246 874 2558 966 Episcopo
2578 876 2744 945 illud

448 998 583 1044 non
624 979 938 1068 sequendi
977 978 1261 1045 libertas.
1296 977 1404 1047 Sic
1431 978 1713 1046 stabilita
1730 979 1929 1071 thesi,
1958 979 2254 1049 concedit
2274 979 2463 1058 Rota,
2496 987 2556 1049 et
2585 1004 2748 1050 enu-

446 1088 661 1151 merat
679 1089 809 1152 tres
834 1106 1022 1151 casus
1041 1084 1113 1150 in
1132 1083 1377 1172 quibus
1397 1084 1758 1173 requiritur
1776 1086 2046 1176 capituli
2067 1108 2446 1166 consensus,
2468 1108 2702 1178 nempe
2728 1112 2744 1156 ι

445 1186 1031 1277 deqradationem,
1077 1188 1570 1278 suspensionem
1605 1201 2027 1280 perpetuam,
2057 1202 2123 1257 et
2160 1189 2593 1259 interdictum
2624 1195 2753 1259 Ec·

450 1292 695 1360 clesioe.
739 1293 1081 1363 Concludit
1107 1294 1365 1361 tandem
1397 1301 1688 1363 auctores
1712 1296 1927 1385 plures
1959 1318 2177 1363 errare
2196 1296 2357 1363 dum
2409 1299 2754 1386 requirunt

443 1415 842 1465 consensum
884 1397 1153 1491 capituli
1205 1399 1275 1465 in
1322 1398 1630 1465 omnibus
1660 1401 1872 1468 causis
1900 1400 2356 1468 criminalibus
2404 1402 2744 1489 qravibus.

484 1580 490 1586 .
536 1499 753 1571 Refert
776 1508 990 1593 postea
1018 1503 1347 1592 quomodo
1377 1504 1553 1573 idem
1585 1505 1873 1572 tribunal
1909 1504 2085 1575 Rotae
2114 1505 2463 1596 aliquando
2492 1507 2749 1575 baesita-

442 1608 616 1680 verit
640 1611 902 1700 (nempe
931 1609 1003 1676 in
1032 1608 1358 1676 decisione
1387 1609 1454 1692 9,
1488 1616 1670 1701 parte
1702 1612 1764 1696 1,
1798 1610 2070 1701 recent.)
2107 1636 2123 1679 ε
2167 1638 2200 1678 «
2232 1612 2422 1680 Tunc
2450 1611 2636 1701 Rota,
2668 1613 2752 1681 ob

456 1747 493 1784 «
529 1719 911 1809 gravitatem
934 1715 1195 1783 articuli
1225 1721 1288 1782 et
1309 1716 1680 1784 varietatem
1702 1716 2075 1806 aliquorum
2109 1719 2446 1788 doctorum
2478 1718 2751 1809 loquen-

458 1851 494 1890 «
529 1828 702 1893 tium
723 1824 792 1890 in
818 1822 1029 1890 causis
1053 1821 1272 1890 arduis
1296 1826 1359 1889 et
1387 1824 1647 1911 magnis
1670 1825 1863 1892 modo
1892 1825 1969 1892 de
1997 1846 2348 1909 consensu,
2375 1826 2569 1894 modo
2594 1848 2747 1895 vero

454 1957 492 1996 «
530 1933 608 1999 de
633 1928 929 2012 consilio,
957 1928 1131 1994 nihil
1152 1927 1583 1995 determinare
1612 1928 1838 2012 voluit,
1871 1930 2283 2021 injunxitque
2315 1936 2388 1998 ut
2419 1930 2746 1999 informa-

453 2063 493 2102 «
535 2041 738 2119 retur,
788 2035 1247 2125 primosuper
1282 2034 1775 2100 auctoritatibus
1813 2034 2155 2103 doctorum
2201 2041 2265 2103 et
2312 2035 2583 2104 illorum
2610 2059 2743 2106 nu-

461 2170 498 2206 «
537 2163 739 2225 mero,
772 2146 834 2207 et
860 2139 1145 2208 secundo
1166 2160 1363 2229 super
1399 2138 1765 2207 rationibus
1790 2167 1809 2226 3
1840 2140 2081 2229 quibus
2108 2141 2325 2209 dubiis
2351 2148 2566 2232 postea
2595 2164 2749 2233 pro-

467 2245 783 2337 «·positiS,
836 2245 1020 2312 nulla
1075 2246 1219 2334 capi
1274 2245 1486 2333 potuit
1541 2244 1874 2328 resoluti0‚
1930 2245 2089 2335 quia
2145 2244 2439 2313 doctores
2482 2249 2750 2338 confuse

462 2379 499 2419 «
542 2350 1073 2443 loquebantur...
1118 2349 1372 2418 Verum
1411 2349 1921 2441 introspiciendo
1960 2352 2202 2421 viscera
2245 2353 2641 2442 quaestionis,
2679 2375 2753 2422 ea

461 2484 496 2525 «
532 2463 701 2529 certe
727 2457 966 2550 pendet
981 2478 1018 2525 a
1042 2456 1484 2545 dignoscendo
1508 2477 1808 2547 quaenam
1825 2478 2032 2527 causae
2044 2456 2280 2527 arduae
2295 2465 2359 2528 et
2373 2459 2592 2549 quales
2612 2479 2747 2529 non

463 2591 496 2631 «
533 2567 774 2635 arduae.
810 2564 894 2633 Et
926 2564 1004 2640 in
1040 2564 1165 2632 boc
1186 2585 1381 2654 passu
1411 2562 1579 2632 illud
1615 2564 1984 2634 absolutum
2014 2571 2108 2633 est
2147 2567 2478 2656 pontifices
2514 2567 2750 2636 arduas

462 2700 496 2739 «
542 2672 931 2742 existimasse
996 2692 1221 2739 causas
1291 2671 1805 2760 degradationis,
1884 2671 2212 2741 interdicti
2281 2663 2612 2753 Ec'clesiae,
2689 2678 2752 2740 et

466 2804 503 2844 «
544 2776 977 2867 suspensionis
1001 2783 1362 2867 perpetuae3
1389 2778 1551 2845 dum
1577 2778 1649 2845 in
1674 2778 1814 2846 istis
1833 2779 2191 2845 noluerunt
2218 2783 2294 2844 ut
2304 2778 2612 2868 Episcopi
2633 2777 2754 2846 soli

443 2867 989 2972 «procederent,
1023 2883 1133 2948 sed
1164 2884 1235 2948 in
1279 2883 1519 2971 primis
1554 2882 2004 2950 adhibendum
2044 2904 2181 2950 esse
2219 2882 2756 2972 praescripserunt

431 3039 440 3048 .
467 3014 503 3054 «
535 2987 871 3077 judicium
901 2985 1195 3076 plurium
1222 2985 1723 3075 Episcoporum,
1757 2985 1916 3053 etin
1936 2987 2235 3055 secundis
2256 2986 2424 3055 illud
2455 2989 2743 3080 capituli.

417 3133 428 3136 -
461 3121 495 3160 «
542 3093 953 3184 Quapropter
972 3091 1030 3159 si
1039 3092 1262 3181 aliqui
1283 3090 1661 3181 interpretes
1679 3090 2047 3160 elicuerunt
2067 3093 2550 3165 conclusionem
2579 3097 2751 3186 quod

464 3227 499 3265 «
540 3201 612 3268 in
637 3197 870 3268 ‘arduis
886 3197 1258 3287 requiratur
1283 3203 1640 3267 consensus
1661 3198 2043 3289 capituliw.
2061 3200 2417 3269 dicendum
2446 3207 2538 3271 est
2563 3202 2751 3271 intel-

465 3333 501 3371 «
541 3305 766 3375 lexisse
793 3305 875 3374 de
916 3303 1056 3373 illis·
1077 3304 1323 3385 arduis,
1367 3326 1654 3394 quorum
1707 3326 1893 3376 casus
1916 3313 2089 3390 ⁴sunt
2123 3308 2401 3396 expressi
2447 3308 2516 3375 in
2545 3311 2743 3400 jure;

465 3439 522 3480 α·
543 3412 781 3503 absque
802 3434 878 3480 eo
894 3411 1070 3502 quod
1088 3412 1316 3480 exinde
1332 3411 1648 3482 trahenda
1662 3410 2218 3501 sitconsequentia
2240 3415 2556 3503 generalis
2569 3413 2748 3505 quod

466 3547 502 3587 «
537 3521 607 3588 in
631 3519 941 3596 omnibus
984 3517 1126 3586 aliis
1151 3518 1373 3586 arduis
1396 3539 1434 3584 a
1462 3518 1616 3608 jure
1655 3539 1789 3585 non
1834 3518 2149 3609 expressis
2173 3518 2347 3587 idem
2376 3523 2751 3610 requiratur

468 3648 859 3695 «assensus,
890 3623 1083 3692 Juxta
1114 3622 1292 3691 enim
1325 3624 1498 3691 hanc
1518 3623 2017 3712 intelligentiam
2053 3625 2488 3693 conciliantur
2519 3644 2749 3691 omnes

466 3757 502 3798 ι(
535 3732 706 3822 juris
733 3729 1032 3799 canonici
1066 3733 1304 3814 textus,
1347 3727 1784 3796 conciliantur
1823 3729 2139 3816 doctores,
2184 3734 2247 3797 et
2282 3732 2584 3797 arcentur
2608 3727 2751 3799 lites

429 3871 436 3876 -
470 3864 504 3903 «
538 3837 862 3915 continnae
889 3856 1082 3926 super
1105 3834 1477 3923 cognitione
1508 3845 1853 3901 causarum
1879 3835 2260 3919 arduarum,
2290 3854 2435 3923 qnae
2462 3839 2557 3900 est
2578 3833 2750 3905 diffi-

470 3946 804 4014 «=cillima.
854 3942 1301 4031 Eamdemque
1336 3939 1715 4033 opinionem
1748 3942 2045 4031 sequitur
2084 3940 2279 4009 Sacra
2323 3937 2749 4034 Congregatio

467 4049 809 4120 «concilii
833 4046 1199 4117 Tridentini
1228 4068 1374 4137 quae
1402 4046 1471 4113 in
1499 4046 1612 4115 illa
1636 4048 2000 4135 quaestione·
2024 4046 2392 4133 frequenter
2420 4046 2747 4119 intendem

473 4183 506 4223 «
537 4156 769 4248 agitari
796 4155 1004 4243 solita,
1029 4177 1109 4223 an
1140 4154 1500 4245 Episcopus
1527 4154 1600 4219 in
1628 4150 2032 4243 decernendo
2060 4156 2122 4217 et
2147 4155 2485 4244 statuendo
2503 4178 2581 4224 ea
2606 4176 2751 4245 quae

470 4290 504 4330 «
539 4264 665 4333 sibi
695 4264 863 4333 bene
885 4262 1295 4331 visa-fuerint
1325 4261 1397 4327 in
1432 4255 1678 4347 synodo
1705 4258 2069 4326 dioecesana
2098 4258 2328 4330 debeat
2355 4260 2662 4328 adhibere
2691 4264 2753 4323 et

472 4397 506 4436 «
545 4372 732 4461 sequi
786 4368 1135 4438 consilium
1204 4364 1499 4455 capituli,
1564 4385 1818 4454 semper
1880 4366 2264 4455 respondere
2333 4364 2512 4439 solet,
2577 4358 2751 4446 quod
