2930 4982
1164 365 1246 410 DE
1283 363 1604 411 cAPt‘rnus.
2407 361 2439 412 3
2454 361 2486 413 3
2498 362 2531 414 5

257 496 313 554 et
361 504 491 551 non
543 482 758 550 aliam
803 483 1128 575 formam,
1178 485 1669 575 professionem
1696 482 2096 574 praedictam
2149 486 2536 557 solemniter

248 575 409 682 fieri,
440 590 842 657 auctoritate
870 591 921 657 A
927 589 1255 680 postolica
1287 601 1511 657 tenore
1535 590 1971 681 praesentium
2022 589 2322 660 districte
2345 617 2531 684 μνω-

251 691 530 785 cipiendo
575 692 998 780 mandamus,
1048 691 1436 785 hujusmodi
1470 693 1593 762 sub
1651 704 1870 760 tenore
1908 715 1930 761 .·
1975 697 2122 786 qu
2179 697 2267 768 N.
2300 700 2528 789 firma

244 798 390 889 fide,
413 805 534 867 etc.

322 903 730 972 25Formula
755 902 859 970 Pii
883 902 975 972 IV
1000 925 1134 972 non
1160 905 1381 972 minus
1408 903 1792 994 obligatoria
1823 909 1918 972 est
1945 923 2145 993 quam
2175 904 2529 995 ipsummet

242 1007 557 1077 decretum
589 1006 1083 1075 Tridentinum.
1126 1007 1317 1076 Unde
1352 1009 1468 1099 qui
1499 1009 1966 1099 professionem
1996 1009 2146 1078 fidei
2186 1012 2528 1091 emitteret,

237 1115 337 1182 sed
364 1116 489 1183 alia
533 1114 844 1200 formula,
894 1135 1028 1181 non
1067 1113 1273 1203 magis
1303 1120 1625 1205 praecepto
1653 1116 2045 1184 satisfaceret
2066 1137 2268 1206 quam
2299 1118 2355 1184 si
2387 1117 2536 1185 nul-

234 1222 366 1290 lam
417 1222 738 1291 emitteret
775 1220 923 1287 fidei
964 1220 1449 1310 professionem.
1489 1220 2032 1290 Constitutionem
2079 1222 2263 1291 enim
2294 1222 2397 1290 Pii
2442 1222 2532 1292 lV

230 1347 453 1395 omnes
471 1327 648 1395 orbis
668 1324 961 1394 catholici
972 1326 1257 1395 ecclesiae
1274 1328 1559 1418 recipere
1574 1327 1967 1411 debuerunt,
1985 1333 2049 1395 et
2064 1328 2143 1395 de
2169 1328 2334 1397 facto
2358 1349 2531 1398 rece-

233 1439 498 1524 perunt:
529 1434 617 1500 ita
639 1438 712 1500 ut
741 1433 1006 1500 nullum
1036 1432 1117 1499 sit
1144 1432 1423 1500 dubium
1453 1435 1617 1521 quin
1646 1432 1836 1502 faciat
1856 1436 1964 1522 jus
1988 1433 2363 1501 constitutio
2389 1435 2523 1502 illa.

311 1540 372 1608 3.
407 1539 771 1629 Dignitates
799 1543 861 1606 et
890 1538 1193 1606 canonici
1218 1539 1695 1607 cathedralium
1735 1545 2043 1608 tenentur
2068 1541 2251 1608 illam
2292 1541 2532 1631 profes-

234 1647 469 1715 sionem
485 1647 640 1714 fidei
663 1647 956 1714 emittere
978 1667 1110 1714 non
1132 1646 1343 1714 solum
1367 1667 1589 1714 coram
1609 1646 1931 1737 Episcopo
1958 1647 2058 1715 vel
2077 1648 2216 1737 ejus
2235 1648 2520 1731 officiali,

231 1753 554 1820 sedetiam
590 1752 667 1819 in
706 1751 1012 1841 capitulo.
1061 1750 1259 1841 quue
1284 1754 1363 1819 ad
1393 1753 1754 1819 minimum
1809 1753 1982 1820 intra
2035 1754 2198 1821 duos
2241 1774 2516 1822 menses.

230 1858 397 1928 Patet
432 1882 516 1927 ex
540 1864 717 1926 textu
747 1857 990 1926 decreti
1022 1856 1414 1925 Tridentini.

308 1967 373 2034 4.
417 1965 742 2035 Omittens
788 1963 1032 2030 dictam
1077 1961 1541 2051 professionem
1568 1960 1743 2047 fidei,
1779 1963 2021 2029 amittit
2063 1963 2308 2030 fructus
2356 1985 2524 2052 prae-

228 2069 476 2153 hendae,
515 2091 671 2137 cum
703 2068 875 2135 dicat
902 2066 1391 2149 Tridentinum,
1425 2067 1692 2154 fructus
1746 2088 1880 2133 non
1934 2067 2199 2155 saciant
2225 2090 2378 2135 suos
2385 2088 2418 2152 ,·
2462 2076 2525 2137 et

225 2177 312 2244 ita
332 2181 555 2243 tenent
575 2172 972 2241 unanimiter
997 2173 1371 2239 canonistae.

316 2281 387 2349 5.
420 2279 551 2348 Nec
577 2285 782 2370 potest
803 2279 1050 2345 fructus
1071 2275 1434 2382 praebendae
1461 2273 1649 2365 (quos
1671 2283 1932 2364 propter
1950 2274 2258 2342 omissam
2285 2274 2526 2342 dictam

224 2386 694 2486 professionem
718 2405 853 2451 non
878 2382 1030 2450 fecit
1056 2380 1228 2471 suos)
1272 2375 1553 2448 retinere
1579 2379 2270 2448 donec·declai·etur1is
2308 2377 2524 2470 priva-

225 2499 468 2587 tusper
487 2493 874 2564 'sententiam
916 2488 1190 2581 judicis;
1223 2467 1383 2557 sed
1362 2508 1506 2579 lpso
1554 2488 1739 2556 facto
1760 2487 2154 2572 omissioniS,
2176 2486 2520 2557 fructibus

225 2600 350 2669 illis
390 2602 675 2692 privatus
712 2599 945 2667 existit.
993 2596 1465 2719 (Ceccoperius,
1502 2595 1547 2663 l.
1582 2594 1700 2680 IV,
1730 2595 1827 2662 tit.
1878 2595 1986 2679 10,
2030 2617 2100 2664 n.
2135 2595 2202 2723 4,
2233 2601 2297 2664 et
2326 2615 2520 2663 cano·

226 2707 407 2776 nistae
432 2706 916 2794 communiter.)

253 2812 381 2877 6.
414 2810 693 2878 Fructus
716 2817 933 2878 autem
972 2809 1331 2899 praebendae
1357 2808 1451 2876 sic
1486 2807 1733 2892 amissi,
1787 2811 2172 2873 accrescunt
2205 2803 2514 2911 capitulo.

224 2913 704 3006 (Geccoperius‚
737 2914 896 2981 ibid.
910 2932 1026 2997 ,n.
1054 2913 1151 3004 3.)
1550 2926 1553 2935 '
2178 2928 2185 2937 ⁵

307 3021 394 3089 7.
395 3021 545 3102 Qui
568 3021 809 3088 omittit
839 3017 1316 3109 professionem
1356 3011 1534 3094 fidei,
1562 3015 1858 3104 privatur
1899 3019 2155 3083 tantum
2198 3012 2519 3092 fructibus

227 3126 617 3216 praebendae,
638 3148 772 3195 non
796 3146 952 3193 vero
972 3122 1623 3191 distributionibus-et
1640 3120 2058 3209 aliisjuribus
2083 3122 2208 3189 sibi
2228 3124 2517 3217 alioquin

228 3233 763 3328 competentibuS‚
793 3229 979 3299 verbi
1000 3230 1229 3319 gratia,
1257 3248 1413 3297 voce
1433 3228 1503 3294 in
1528 3225 1838 3318 capitulo}
1858 3232 2024 3305 etc.,
2009 3238 2022 3269 ⁵
2049 3248 2311 3298 sensum
2335 3234 2513 3301 enim

227 3338 498 3410 istorum
520 3339 895 3424 verborum,
926 3338 1194 3426 fructus
1220 3357 1360 3403 non
1388 3333 1669 3424 faciant
1679 3340 1854 3420 suos,
1885 3356 2002 3401 nee
2038 3333 2171 3402 illis
2186 3356 2510 3426 possesszo

226 3448 658 3538 suffraqetur,
681 3446 771 3513 ita
790 3442 1135 3510 declaravit
1160 3440 1353 3511 Sacra
1373 3430 1801 3529 Congregatio
1829 3438 2115 3524 concilii,
2146 3448 2218 3509 ut
2242 3449 2515 3513 testatur

228 3550 397 3622 Galle
409 3558 586 3620 mart
626 3551 727 3641 (ad
754 3566 896 3638 cap.
932 3546 1013 3615 12
1036 3548 1331 3616 sessionis
1360 3547 1501 3633 24),
1538 3552 1621 3614 et
1641 3534 2066 3689 Geeeoperius
2097 3547 2269 3638 (loco
2284 3537 2522 3631 citato,

230 3682 290 3729 11.
321 3660 419 3755 5).
447 3660 618 3730 Vide
644 3655 1083 3746 Pignatellum
1120 3655 1438 3746 (consult.
1429 3653 1557 3738 77,
1570 3659 1751 3719 tom.
1765 3651 1984 3742 Vl)·.›==

310 3769 370 3836 8.
410 3766 734 3856 Obligatio
756 3764 834 3833 ad
852 3763 1313 3857 professionem
1339 3736 1515 3827 fidei
1505 3743 2048 3846 attingittantum
2077 3757 2425 3846 dignitates
2450 3766 2511 3827 et

233 3875 567 3943 canonicos
580 3874 1073 3957 cathedralium,
1087 3891 1221 3937 non
1239 3886 1392 3934 vero
1406 3864 1891 3954 collegiatarum
1910 3864 2132 3931 etiam
2113 3863 2501 3954 msignium.

232 3977 314 4048 lta
363 3982 662 4050 decisum
705 4004 742 4048 a
788 3979 984 4050 Sacra
1031 3973 1544 4065 Congregatione
1569 3918 1884 4054 Dconcilii,
1927 3973 2083 4037 teste
2125 3967 2519 4060 Ceccoperio.

237 4085 386 4177 (loco
417 4089 639 4174 citato,
667 4110 733 4154 n.
765 4086 896 4176 10).
931 4083 1071 4153 Nisi
1097 4089 1317 4151 tamen
1345 4079 1503 4146 dicti
1528 4077 1873 4164 dignitates
1902 4078 1965 4139 et
1994 4073 2290 4141 canonici
2314 4075 2519 4143 colle-t

236 4194 548 4282 giatarum
584 4213 899 4262 annexam
935 4191 1249 4258 haberent
1288 4203 1519 4254 curam
1560 4179 1967 4264 animarum3
2017 4177 2174 4266 quia
2228 4184 2386 4246 tunc
2433 4188 2520 4242 ex¹

237 4299 347 4370 hoc
382 4303 597 4390 titulo,
627 4303 999 4368 tenerentur
1047 4295 1126 4364 ad
1167 4288 1606 4386 profitendum
1629 4306 1846 4354 coram
1874 4283 2207 4375 Episcopo
2224 4288 2519 4381 tantum.

238 4398 321 4475 lta
341 4409 627 4480 doctores
655 4402 1112 4474 communiter.
