2930 4982
1191 345 1272 391 nn
1311 343 1638 392 enimus.
2434 339 2553 398 461

283 486 318 527 «
363 461 613 552 ptismi,
654 461 754 529 vel
800 461 1231 530 assistendum
1267 462 1682 531 matrimonio
1713 467 1774 529 et
1820 461 2108 531 similia?
2130 502 2222 516 —
2250 465 2329 533 Et
2370 465 2564 538 Sacra

285 593 321 634 «
368 567 639 636 Rituum
671 567 1123 667 Congregati07
1148 569 1303 636 visis
1325 574 1388 636 et
1412 567 1828 637 consideratis
1838 570 2102 658 juribus
2140 572 2430 661 allegatis
2465 597 2565 644 re·-

284 699 319 740 «
361 675 616 764 spondit
646 698 662 742 ε
738 674 1079 764 Neqative‚
1145 676 1227 743 12
1284 676 1504 744 martii
1557 674 1753 742 1678.
1812 700 1844 739 >>
1898 676 2113 767 (Apud
2173 678 2556 763 Gardelliui,

273 796 345 848 n.
390 780 619 871 2712.)

369 910 406 950 ι(
452 885 769 953 Nonnulli
800 885 1094 953 canonici
1119 886 1602 955 concionatores
1625 886 1966 954 humiliter
1989 886 2359 958 institerunt
2389 895 2561 983 apud

282 1015 320 1058 «
360 991 944 1081 Congregationem
969 994 1166 1062 sacris
1187 993 1419 1061 ritibus
1443 993 1855 1083 praepositam
1883 993 2174 1081 decerni,
2197 1018 2326 1085 quo
2339 998 2562 1069 habitu

282 1122 322 1165 «
360 1099 458 1166 nti
484 1099 708 1165 debeat
736 1099 1087 1166 canonicus
1118 1099 1396 1188 alicujus
1425 1099 1837 1183 cathedraliS,
1878 1098 1977 1165 vel
2010 1100 2363 1189 collegiatae
2412 1105 2567 1174 insi·

273 1229 321 1270 ,α
367 1205 537 1293 gniS,
583 1206 741 1273 dum
787 1204 1168 1273 concionem
1206 1205 1400 1272 habet
1436 1206 1505 1272 in
1571 1204 1787 1293 aliqua
1823 1204 2087 1272 ecclesia
2129 1208 2299 1275 intra
2349 1215 2567 1281 tamen

280 1336 320 1377 ε(
366 1312 723 1398 diaecesim,
772 1332 927 1379 cum
982 1312 1277 1380 videatur
1322 1333 1397 1380 ex
1444 1311 1820 1401 praescripto
1867 1312 2044 1379 sacri
2089 1318 2566 1386 coeremonialis

277 1443 318 1484 «
364 1440 546 1507 posse
568 1419 665 1486 uti
685 1418 914 1485 habitu
936 1418 1049 1506 qui
1076 1417 1353 1486 fueritin
1377 1439 1451 1486 ea
1470 1418 1733 1485 ecclesia
1750 1418 2053 1507 proprius
2067 1420 2530 1492 canonicorum
2544 1477 2559 1495 .

279 1548 319 1588 ι(
357 1523 437 1590 Et
484 1523 986 1592 eminentissimi
1035 1523 1252 1591 Patres
1289 1523 1769 1613 responderunt
1802 1546 1818 1590 ε
1878 1527 2030 1595 Νοη
2070 1523 2265 1594 licere
2296 1528 2403 1596 uti
2442 1530 2565 1598 lza-

274 1654 315 1694 «
359 1629 503 1697 bitu
528 1629 909 1697 canonicali
928 1629 1061 1697 nisi
1079 1630 1150 1696 in
1168 1630 1462 1721 propria
1492 1629 1755 1697 ecclesia
1786 1629 1906 1697 ubi
1923 1641 2017 1698 est
2045 1633 2420 1702 canonicus.
2448 1635 2564 1705 Die

272 1758 314 1799 «
363 1735 447 1803 10
488 1736 870 1826 septembris
920 1735 1115 1803 1650.
1149 1760 1184 1800 »
1218 1736 1435 1827 (Apud
1462 1728 1846 1822 Gardellini,
1877 1759 1943 1803 n.
1981 1738 2204 1828 1472.)

358 1841 539 1909 Idem
594 1862 885 1931 expresse
941 1842 1341 1909 declaratum
1392 1842 1719 1931 Capuanis
1795 1844 2124 1911 canonicis
2178 1845 2283 1913 die
2332 1846 2414 1913 15
2450 1849 2563 1935 ju-

263 1947 344 2014 lii
376 1948 540 2016 1651
592 1947 1000 2038 (Gardellini,
1033 1969 1104 2015 n.
1144 1947 1371 2032 1479),
1402 1947 1555 2014 licet
1576 1970 1650 2014 ex
1676 1948 1931 2014 indulto
1957 1948 2327 2037 Apostolico
2355 1952 2562 2019 facul-

263 2058 468 2120 tatem
492 2054 806 2125 haberent
820 2053 1044 2119 utendi
1078 2073 1280 2142 cappa
1302 2056 1365 2119 et
1391 2053 1682 2119 rochetto
1705 2062 1838 2119 tam
1868 2053 1935 2119 in
1967 2055 2227 2143 propria
2269 2075 2470 2142 quam
2493 2054 2564 2122 in

268 2157 431 2223 aliis
460 2157 767 2225 ecclesiis.
817 2155 984 2237 Quia
1024 2179 1258 2246 nempe
1296 2158 1461 2225 illud
1519 2157 1856 2224 indultum
1893 2157 2277 2245 intelligitur
2306 2159 2385 2225 de
2410 2179 2564 2225 casu

268 2282 407 2350 quo
456 2260 751 2329 canonici
809 2261 1245 2352 capitulariter
1295 2263 1374 2340 ad
1425 2262 1621 2329 aliam
1675 2263 2012 2331 ecclesiam
2041 2264 2386 2347 accedunt;
2430 2284 2563 2331 non

263 2391 426 2439 vero
446 2371 527 2437 de
551 2392 700 2438 casu
729 2392 859 2460 quo
894 2370 1131 2459 aliquis
1180 2370 1532 2438 canonicus
1568 2371 1636 2437 in
1690 2371 1899 2438 aliena
1940 2371 2208 2439 ecclesia
2257 2371 2560 2462 praedicat

264 2476 548 2545 aliamve
572 2477 819 2568 peragit
845 2476 1254 2546 functionem
1276 2498 1549 2545 sacram.

356 2585 554 2653 Anno
579 2586 839 2652 tandem
873 2584 1069 2670 1817,
1097 2585 1180 2653 ad
1204 2584 1538 2673 sequentia
1557 2584 1796 2652 dubia:

366 2691 559 2758 1⁰An
597 2690 901 2759 canonici
929 2687 1335 2758 cathedralis
1357 2690 1432 2758 in
1468 2689 2050 2760 administratione
2098 2703 2558 2758 sacramento·

276 2820 456 2876 rum,
484 2812 621 2866 tam
640 2800 821 2867 intra
866 2822 1072 2889 quam
1097 2812 1290 2866 extra
1310 2797 1762 2866 cathedralem
1804 2797 2164 2875 ecclesiam,
2207 2807 2560 2863 teneantur

274 2901 589 2993 deponere
612 2927 927 2996 cappam,
949 2916 1149 2994 atque
1171 2903 1279 2971 uti
1296 2900 1777 2994 superpelliceo
1797 2913 1862 2968 et
1879 2901 2053 2969 stola
2064 2901 2278 2990 juata
2304 2902 2561 2971 rituale

269 3013 685 3077 romanum?

361 3114 431 3181 2ο
458 3116 566 3183 An
588 3127 942 3183 teneantur
966 3114 1136 3183 dicti
1165 3112 1480 3181 canonici
1503 3134 1793 3203 cappam
1823 3108 2170 3202 deponere,
2200 3122 2340 3179 tam
2374 3112 2557 3182 intra

269 3242 482 3311 quam
508 3233 701 3289 extra
728 3219 1206 3299 cathedralem,
1230 3218 1392 3287 dum
1408 3219 1677 3287 verbum
1701 3218 1824 3285 Dei
1829 3218 2236 3309 proedicant,
2265 3218 2560 3311 aliasque

270 3348 724 3418 quascumque
745 3349 878 3395 non
908 3326 1318 3419 capitulares
1353 3324 1735 3417 functiones
1760 3335 2058 3392 exercent
2076 3327 2114 3392 ?
2154 3323 2560 3417 Responsum

269 3439 411 3501 est:

363 3538 480 3607 Ad
501 3542 529 3608 1
568 3541 1003 3633 affirmative.
1030 3539 1244 3609 —Ad
1257 3540 1298 3606 2
1316 3541 1628 3629 neqative
1658 3540 1729 3606 in
1750 3540 2030 3629 propria
2053 3537 2330 3612 ecclesia
2359 3537 2560 3603 etiam

272 3648 351 3715 in
381 3647 797 3716 concionibus
838 3647 1116 3737 aliisque
1145 3644 1615 3738 functionibus
1663 3644 1957 3734 (excepta
1988 3653 2560 3709 sacramentorum

270 3752 864 3822 administratione
883 3752 957 3820 in
994 3775 1130 3843 qua
1163 3749 1483 3818 utendum
1528 3760 1624 3816 est
1652 3745 2119 3838 superpelliceo
2148 3757 2212 3812 et
2238 3744 2442 3828 stola,
2483 3759 2561 3814 ut

271 3859 369 3927 ad
388 3860 477 3951 1).
511 3861 561 3930 A
569 3858 947 3951 ffirmative
981 3869 1171 3926 extra
1190 3855 1549 3948 propriam
1579 3852 1919 3921 ecclesiam
1940 3863 2005 3919 et
2021 3850 2215 3918 detur
2233 3848 2561 3921 decretum

268 3966 584 4058 qenerale
614 3966 706 4057 (in
731 3966 1104 4034 collectione
1127 3963 1643 4045 Gardelliana,n.
1684 3958 1910 4051 4386).
1928 3958 2129 4027 Dictae
2165 3958 2560 4028 collectionis

272 4079 502 4140 auctor
522 4072 603 4140 de
631 4074 755 4141 hoc
781 4074 1033 4141 decreto
1054 4072 1147 4139 sic
1170 4072 1422 4140 disserit
1448 4071 1518 4137 in
1548 4074 1700 4136 nota
1723 4088 1869 4157 quae
1890 4066 2167 4134 habetur
2205 4068 2441 4157 pagina
2471 4066 2558 4135 36

273 4182 439 4254 tomi
462 4180 551 4250 Vl
592 4206 608 4250 z
638 4206 672 4247 α
713 4180 972 4249 Nemini
997 4181 1278 4249 dubium
1302 4177 1480 4269 quod
1507 4175 1803 4244 canonici
1842 4196 2059 4267 cappae
2089 4197 2344 4265 magnae
2363 4194 2559 4241 usum

283 4313 319 4354 ι(
370 4289 686 4357 habentes
706 4293 819 4357 aut
863 4288 1007 4356 aliis
1052 4287 1353 4377 insigniis
1382 4283 1690 4362 decorati,
1740 4283 1859 4351 ista
1882 4284 2186 4351 adhibere
2215 4280 2460 4371 possint
2489 4277 2561 4340 in

283 4420 319 4463 «
366 4395 634 4489 propria
660 4394 927 4465 ecclesia
951 4417 1161 4465 sacras
1183 4392 1546 4462 functiones
1561 4396 1932 4482 peragentes
1969 4384 2430 4480 capitulariter,
2462 4379 2561 4446 vel
