2930 4982
1109 383 1185 426 DE
1233 382 2384 444 CA91TUL1S.Q
2399 392 2429 445 7
2444 393 2480 444 ὅ

228 524 255 564 «
291 507 359 566 ut
406 501 674 570 censuit
710 498 905 570 Sacra
959 502 1388 591 Congregatio
1430 506 1693 574 concilii
1740 508 1835 600 (in
1888 515 2207 582 Sarnensi
2235 515 2319 583 27
2360 520 2481 607 Ju-

218 630 246 671 «
287 606 375 673 nii
414 606 711 781 ΞΞΟΒ).»
762 605 1298 699 (Scarfantoniu5‚
1340 615 1500 679 tom.
1528 609 1609 694 11,
1642 636 1708 704 p.
1739 614 1956 702 6017,
1997 620 2193 689 editio
2223 620 2482 692 Lucen-

207 716 303 800 siS‚
334 714 413 781 17
535 714 556 803 )
697 725 702 728 ’

1251 861 1441 976 §12

313 1067 387 1106 DE
413 1065 545 1105 JURE
571 1063 805 1104 EPISCOPI
832 1064 1104 1103 VISITANDI
1142 1063 1562 1119 CATHEDRALEM,
1595 1065 1957 1107 COLLEGIATAS
1988 1068 2053 1108 ΕΤ
2079 1057 2339 1114 'CAPITULA

239 1248 535 1315 Certum
575 1239 683 1314 01
655 1265 1133 1314 mconcussum
1183 1246 1323 1314 est
1295 1265 1408 1336 Jus
1452 1237 1617 1314 illud
1660 1246 2006 1340 Episcopi:
2041 1253 2347 1345 capitula
2373 1279 2482 1325 ca-

196 1350 587 1421 tlzedralium
610 1362 675 1419 et
702 1350 1001 1419 aliarum
1031 1351 1372 1441 majorum
1409 1351 1865 1433 ecclesiarum,
1879 1351 2298 1449 illorumque
2315 1384 2481 1452 per-

189 1477 378 1549 sonoe,
407 1457 627 1527 nullis
649 1453 1204 1549 eoeemptionibus,
1243 1455 1849 1548 consuetudinibus,
1890 1460 2259 1552 sententiis,
2280 1466 2487 1554 jtzm.

189 1555 413 1635 nientz‘s
460 1578 521 1634 et
567 1565 932 1635 concordiis
957 1564 1129 1656 (quoe
1175 1575 1449 1631 tantum
1474 1586 1631 1632 suos
1654 1557 1969 1654 obliyent‘
1992 1567 2318 1651 auctores,
2340 1587 2491 1642 ‘non

186 1672 377 1740 etiam
405 1672 844 1762 successores),
883 1671 1053 1739 tueri
1074 1676 1147 1737 se'
1165 1670 1455 1762 possint,
1495 1671 1856 1760 quominus
1890 1693 1934 1737 a
1960 1672 2098 1740 suis
2124 1673 2487 1771 Episcopis

185 1790 238 1844 et
280 1780 436 1847 aliis
467 1778 841 1869 major-ibus
885 1775 1222 1867 praelatis,
1241 1799 1369 1867 per
1411 1776 1651 1867 seipsos
1687 1771 1891 1856 solos,
1928 1776 2041 1845 vel
2067 1777 2217 1848 illis
2243 1783 2487 1873 quibus

181 1884 298 1952 sibi
317 1884 652 1955 videbitur
676 1884 1039 1976 adjunctis,
1061 1884 1275 1973 juxta
1304 1883 1656 1949 canonicas
1685 1882 2060 1964 sanctiones
2097 1887 2291 1956 toties
2323 1912 2486 1980 quo·

183 1988 484 2081 tiesopus
502 1983 733 2081 fuerit,
751 1988 1059 2073 visitari,
1092 1987 1340 2077 corriqi
1361 1999 1424 2054 et
1443 1985 1807 2075 emendari,
1840 1983 2048 2056 etiam
2073 1993 2486 2065 auctoritate

178 2097 567 2186 apostolica,
607 2095 881 2189 possint
937 2105 1001 2163 et
1053 2093 1357 2161 valeant.
1411 2091 1620 2182 (Trid.
1682 2113 1838 2160 sess.
1896 2093 1964 2181 6,
1995 2117 2053 2162 c.
2091 2097 2161 2185 4,
2189 2100 2287 2166 De
2330 2102 2485 2191 ref.)

171 2198 321 2281 Quae
357 2193 621 2270 deerant
647 2203 809 2270 huic
837 2202 1093 2270 decreto
1123 2199 1456 2288 supplevit
1478 2199 1706 2266 eadem
1746 2197 2121 2285 Synodus,
2103 2223 2174 2267 m
2209 2221 2328 2270 sua
2356 2226 2482 2272 ses-

161 2309 351 2376 sione
375 2307 586 2392 25‚-c.
619 2306 844 2391 6,1100
870 2305 1117 2378 modo·
1156 2304 1422 2370 Statuit
1460 2314 1699 2370 sancta
1717 2302 2030 2392 Synodus
2058 2315 2137 2373 ut
2162 2305 2236 2374 in
2255 2311 2483 2377 omni-

162 2414 286 2481 bus
314 2398 606 2483 ecclesiis·
628 2407 1131 2479 cathedralibus
1161 2420 1228 2477 et
1252 2408 1654 2501 colleyiatiS,
1695 2405 2111 2479 decretum...
2149 2413 2391 2504 quod
2360 2438 2478 2484 zn-

163 2520 349 2611 cipit,
400 2519 695 2611 Capitula
751 2502 1257 2603 cathedralium,
1310 2517 1694 2585 observetur
1737 2539 1876 2584 non
1926 2519 2149 2588 solum
2204 2523 2471 2613 quando

163 2626 546 2718 Episcopus
562 2625 979 2714 visitaverit,
1020 2623 1137 2693 sed
1178 2636 1245 2693 et
1272 2623 1525 2716 quoties
1552 2646 1634 2691 ex
1679 2623 1903 2715 officio
1933 2625 2044 2693 vel
2080 2626 2469 2719 adpetitio

162 2748 308 2796 nem
339 2731 652 2822 αἰέαῳῑιε,
681 2744 918 2800 contra
947 2730 1252 2829 aliquem
1273 2752 1355 2798 ex
1378 2729 1707 2798 contentis.
1737 2732 1810 2796 in
1834 2730 2010 2797 dicto
2031 2732 2287 2799 decreto
2301 2756 2471 2823 pro-

162 2834 400 2903 cedat:
423 2838 525 2902 ita
556 2848 779 2904 tamen
805 2849 908 2924 ut,
940 2859 1090 2904 cum
1117 2848 1316 2905 extra
1339 2826 1799 2902 visitationem
1825 2837 2253 2925 processerit,
2285 2838 2475 2926 infra

164 2941 418 3032 scripta
448 2941 678 3007 omnia
700 2941 919 3009 locum
941 2941 1284 3008 habeant:
1310 2940 1616 3007 videlicet
1638 2951 1717 3005 ut
1737 2938 2121 3041 capitulum
2140 2941 2334 3010 initio
2360 2966 2487 3012 cu—

154 3042 442 3133 juslibet
490 3045 662 3114 anni
704 3045 916 3137 eliqat
957 3064 1039 3113 eoe
1091 3044 1392 3135 capitulo
1441 3034 1630 3128 duos,
1659 3042 1739 3110 de
1771 3065 2055 3132 quorum
2086 3048 2358 3118 consilio
2389 3050 2472 3117 'et

168 3160 452 3222 assensu
482 3152 857 3246 Episcopus
894 3151 1004 3220 vel
1031 3153 1174 3242 ejus
1197 3151 1512 3237 vicarius,
1550 3161 1694 3219 tam
1729 3151 1799 3220 in
1815 3152 2179 3241 formando
2201 3174 2465 3244 proces-

168 3281 336 3344 sum,·
383 3283 590 3349 quam
618 3260 690 3328 in
722 3258 973 3328 caeteris
1001 3257 1326 3327 omnibus:
1345 3257 1635 3369 actibus,
1663 3280 1867 3350 mque
1894 3257 1992 3333 ad
2010 3259 2220 3350 finem
2245 3282 2462 3330 causoe

166 3363 515 3434 inclusive
557 3366 822 3457 (coram
863 3352 1160 3434 notario
1187 3374 1424 3434 tamen
1458 3365 1666 3457 insius
1698 3365 2036 3459 'Episcopi
2083 3378 2149 3436 et
2194 3368 2277 3439 in
2322 3371 2481 3460 ejus

167 3467 354 3539 domo
406 3483 528 3540 aut
574 3482 878 3540 consueto
938 3471 1287 3561 tribunali)
1324 3471 1678 3563 procedere
1718 3484 2048 3542 teneatur.
2087 3476 2324 3542 Unum
2331 3497 2458 3542 au-

173 3587 320 3644 tem
345 3566 616 3647 tantum
665 3578 758 3646 sit
799 3577 1145 3668 utriusque
1202 3590 1460 3665 votum,
1493 3579 1857 3669 possitque
1889 3579 1964 3645 al
1970 3590 2071 3645 ter
2117 3580 2461 3668 Episcopo

170 3682 478 3754 accedere.
523 3683 721 3768 Quod
735 3683 798 3751 si
842 3678 1036 3750 ambo
1063 3683 1147 3749 ab
1180 3683 1512 3771 Episcopo
1549 3680 1930 3748 discordes..
1947 3672 2271 3768 .fuerint‚
2308 3693 2467 3749 tunc

171 3786 347 3857 intra
372 3813 489 3859 sea*
513 3790 772 3858 dierum
797 3787 1096 3881 spatium
1122 3809 1276 3854 cum
1305 3785 1637 3876 Episcopo
1659 3778 1936 3889 tertium
1976 3783 2258 3873 eliqant.
2292 3778 2468 3855 Etsi
2542 3872 2545 3873 ⁷

169 3892 233 3961 in
254 3894 571 3967 electione
600 3896 810 3965 tertii'
811 3895 1028 3964 'etiam
1054 3891 1453 3978 discordent,
1501 3890 1597 3961 ad
1617 3880 2009 3960 viciniorem
2045 3888 2458 4005 Episcopum

166 4000 390 4071 electio
430 4003 855 4073 devolvatur.
888 4002 986 4071 Εἰ
997 4003 1212 4093 juata
1240 4024 1385 4071 eam
1411 4012 1680 4093 partem
1711 4021 1864 4069 cum
1889 4022 2024 4091 qua
2051 4000 2287 4075 tertius
2309 4022 2461 4073 0011·-

169 4107 428 4193 veniet,·
455 4096 785 4177 articulus
823 4108 898 4176 in
913 4122 1048 4198 quo
1073 4106 1219 4176 erat
1263 4105 1596 4176 discordia
1622 4105 2038 4175 terminetur.
2080 4105 2273 4178 Alias
2293 4128 2460 4201 proh

170 4230 371 4280 cessus
421 4228 484 4284 et
535 4213 718 4283 inde>
755 4223 977 4283 secuta
1007 4213 1221 4282 ‘nulla
1267 4213 1488 4281 sint...
1537 4202 1697 4279 Haec
1738 4213 1963 4279 autem
2018 4214 2246 4282 omnia
2269 4212 2342 4282 in
2364 4212 2461 4278 'ns

164 4317 432 4388 ecclesiis
482 4322 705 4390 locum
730 4338 863 4390 non
899 4319 1161 4389 babent
1210 4320 1286 4387 in
1310 4318 1546 4410 quibus
1584 4316 1986 4410 Episcopi...
2022 4334 2107 4385 eoe·
2129 4317 2463 4384 constitu-⁶

170 4420 550 4497 tionibus...
592 4438 712 4498 aut
755 4425 1430 4498 consuetudinibus...
1489 4446 1604 4494 seu
1649 4443 2058 4515 quocumque
2120 4419 2262 4486 alio
2282 4416 2467 4501 jure,
