2930 4982
399 327 435 381 4
446 326 480 379 4
491 325 527 380 9.
1366 329 1715 378 macutus

393 452 763 523 dentinum.
791 450 873 519 Et
908 452 1000 518 sic
1029 450 1217 518 facile
1235 450 1715 541 ·introspicitur
1735 453 1867 517 tota
1913 468 2098 515 mens
2125 451 2191 515 et
2215 445 2685 537 sapientissima

394 557 712 629 ordinatio
756 556 1153 625 Tridentinae
1194 556 1445 646 synodi.
1480 556 1554 626 ln
1600 554 1976 645 regulandis
2015 552 2258 622 scilicet
2283 575 2431 643 quae
2470 553 2683 646 respi-

394 665 580 735 ciunt
605 665 995 733 clericorum
1016 664 1351 732 seminarii
1381 662 1878 746 institutionem,
1910 661 2327 751 disciplinam
2351 666 2414 728 et
2442 682 2679 748 moreS‚

394 794 434 841 a
463 770 717 840 duobus
759 775 1013 839 tantum
1055 775 1306 838 tenetur
1335 769 1692 891 Episcopus
1731 766 2087 837 consilium
2124 768 2489 857 requirere,
2518 791 2681 859 quos

390 878 530 969 ipse
550 878 653 947 vel
696 878 1122 998 praedecessor
1148 879 1315 945 inter
1355 876 1704 946 canonicos
1739 876 1941 944 semel
1963 897 2083 966 pro
2105 895 2362 965 semper
2389 875 2677 967 elegerit.

394 984 482 1053 At
508 1006 665 1052 vero
691 985 765 1052 in
787 1006 856 1052 re
881 984 1222 1076 temporali
1267 981 1780 1053 administranda
1818 986 2096 1071 quatuor
2123 980 2478 1050 consiliarii
2502 981 2680 1051 adhi-

393 1089 592 1159 bendi
615 1096 805 1173 sitnm
838 1095 1000 1159 etex
1041 1091 1177 1159 illis
1196 1091 1338 1161 duo
1383 1094 1561 1159 sunt
1554 1110 1729 1178 quos
1767 1087 2126 1179 Episcopus
2154 1107 2287 1155 non
2317 1085 2539 1176 eligit3
2562 1087 2680 1160 sed

400 1193 614 1265 altoea
636 1196 948 1287 capitulo,
985 1196 1148 1267 alter
1171 1219 1210 1265 a
1231 1196 1411 1265 clero
1448 1195 1819 1286 deputatur.
1850 1192 1993 1275 Quo
2030 1193 2128 1276 fit,
2161 1213 2294 1262 non
2322 1197 2585 1265 tantum
2608 1201 2680 1265 -ut

394 1303 627 1394 majori
655 1303 999 1395 prudentia
1021 1309 1084 1371 et
1123 1302 1427 1371 firmitate
1461 1299 1933 1371 administratio
1982 1299 2317 1369 seminarii
2353 1300 2676 1390 wecedat,

394 1410 506 1478 sed
532 1410 800 1500 insuper
823 1414 900 1477 ut
927 1410 1010 1478 ab
1051 1409 1369 1501 Episcopo
1397 1412 1806 1476 removeatur
1827 1408 1931 1474 vel
1950 1407 2275 1488 levissima
2304 1405 2557 1477 fraudis
2576 1414 2681 1477 aut

392 1516 731 1606 injustitia}
752 1517 1055 1608 suspicio,
1084 1517 1244 1585 dum
1276 1538 1391 1607 per
1422 1516 1711 1584 conscios
1738 1514 1884 1582 illos
1911 1514 1991 1583 de
2016 1514 2188 1582 cler-o
2209 1519 2271 1581 et
2294 1513 2381 1581 de
2400 1513 2679 1604 capitulo

393 1622 754 1712 deputatoS,
782 1623 1046 1713 publica
1064 1623 1347 1713 quadam
1366 1622 1852 1691 authenticitate
1880 1621 2205 1695 donantur
2231 1619 2469 1709 singuli
2492 1619 2681 1710 Epis-

393 1729 634 1819 copulis
674 1728 1247 1797 administrationis
1270 1734 1478 1796 actus.
1512 1726 1594 1795 Et
1615 1728 1879 1795 tandem
1916 1727 2255 1795 neminem
2284 1726 2451 1816 iugi-t
2471 1748 2509 1794 a
2533 1726 2678 1797 dili-

392 1835 572 1924 genti
617 1835 1018 1923 regulatione
1046 1857 1265 1903 annua
1291 1842 1755 1925 computorum
1796 1836 2123 1925 praecipue
2144 1834 2427 1925 pendere
2455 1834 2681 1923 hujus·

388 1941 570 2009 modi
605 1940 1092 2010 institutionum
1134 1942 1626 2032 prosperitatem
1656 1964 1672 2008 z
1707 1940 1911 2008 voluit
1939 1962 2094 2031 ergo
2136 1946 2353 2008 sancta
2400 1940 2682 2029 synodus

385 2043 457 2112 in
481 2045 645 2113 tanti
672 2047 986 2115 momenti
1016 2069 1087 2115 re
1128 2047 1450 2136 duplicari
1483 2045 1832 2114 consilium
1874 2045 2202 2135 Episcopi,
2235 2044 2503 2113 adscitis
2527 2064 2679 2134 qua·

388 2154 538 2218 tuor
564 2152 732 2238 aliis,
778 2175 944 2242 quos
972 2176 1104 2222 non
1134 2153 1271 2245 ipse
1298 2153 1686 2244 Episcop.uS‚
1720 2154 1830 2221 sed
1854 2153 2215 2243 capitulum
2244 2158 2306 2220 et
2330 2152 2555 2221 clerus
2575 2171 2681 2221 no-

392 2255 693 2325 minaret.
726 2257 887 2338 Quae
909 2260 1577 2329 administrandorum
1599 2259 2101 2326 seminariorum
2136 2258 2466 2326 ordinatio
2484 2280 2678 2349 (fuam

392 2364 670 2452 sapienS‚
722 2387 922 2452 quam
949 2372 1116 2453 tuta,
1150 2389 1351 2456 quam
1379 2367 1676 2435 absoluta
1703 2366 1806 2448 sit,
1836 2365 1939 2433 vel
1974 2366 2285 2456 tantisper
2320 2365 2679 2439 attendenti

391 2470 634 2559 patebit
653 2472 985 2540 facillime.

476 2590 699 2669 Quoad
728 2601 1007 2681 quatuor
1037 2597 1301 2663 ultimos
1335 2596 1696 2687 deputatoS,
1735 2598 2138 2665 adhibendos
2162 2619 2389 2685 nempe
2420 2601 2671 2663 tantum

388 2697 550 2764 dum
581 2698 871 2766 redditur
892 2723 1111 2769 annua
1139 2702 1719 2770 administrationis
1738 2704 1930 2790 ratio,
1950 2706 2167 2793 quaeri
2194 2708 2382 2794 potest
2409 2723 2493 2768 an
2525 2723 2670 2792 per·

392 2803 568 2894 petui
597 2806 749 2891 sint,
773 2829 856 2874 an
873 2830 1022 2876 vero
1039 2808 1314 2876 debeant
1338 2812 1688 2898 quotannis
1711 2810 1889 2900 eligi.
1926 2812 2129 2901 Cujus
2158 2807 2544 2879 difficultatis
2572 2831 2675 2877 so-

389 2911 709 2980 lutionem
739 2914 1016 2982 fatemur
1043 2916 1351 2983 >nondum
1379 2916 1572 2984 nobis
1598 2917 1974 2985 occurrisse.
2007 2917 2166 2984 Silet
2193 2918 2271 2985 de
2291 2917 2415 3013 hac
2432 2933 2510 2983 re
2533 2912 2675 2982 Tri-

394 3018 676 3088 dentinae
695 3022 857 3108 legis
878 3028 1106 3106 textus,
1138 3044 1259 3089 nec
1281 3022 1568 3090 vidimus
1592 3022 1655 3090 id
1685 3023 1879 3091 fuisse
1903 3046 1941 3091 a
1960 3023 2154 3092 Sacra
2170 3021 2674 3111 Congregatione

395 3127 658 3194 concilii
702 3128 1123 3195 declaratum.
1177 3129 1493 3197 Auctores
1537 3136 1840 3220 praeterea
1887 3132 2001 3219 qui
2030 3130 2471 3219 quaestionem
2500 3128 2673 3196 illam

394 3234 816 3297 tractent·non
857 3233 1161 3321 legimus.
1191 3232 1393 3301 Nobis
1422 3243 1643 3301 autem
1672 3237 1949 3303 relatum
1996 3236 2116 3301 fuit
2145 3256 2360 3324 nuper
2398 3239 2673 3303 exortam

397 3354 531 3400 esse
556 3340 1054 3404 controversiam
1095 3340 1272 3405 illam
1310 3342 1378 3405 in
1413 3339 1759 3408 Tiburtina
1796 3342 2053 3409 dioecesi
2084 3340 2488 3431 Episcopum
2517 3341 2675 3408 inter

397 3443 460 3506 et
490 3446 770 3527 quatuor
788 3442 929 3508 illos
949 3444 1283 3532 deputatos
1306 3446 1384 3510 de
1407 3447 1648 3533 quibus
1673 3446 2031 3536 loquimur.
2065 3446 2162 3513 llli
2189 3446 2436 3514 scilicet
2463 3469 2530 3514 se
2542 3466 2672 3513 esse

396 3551 737 3635 perpetuos
786 3548 1209 3616 contendunt.
1265 3548 1639 3619 Hodiernus
1685 3575 1838 3620 vero
1879 3553 2266 3621 Tiburtinus
2294 3552 2667 3642 EpiscopuS,
2720 3564 2727 3570 ’

400 3674 596 3741 quem
628 3652 843 3719 ferunt
867 3654 935 3721 in
959 3655 1106 3743 jure
1137 3660 1450 3725 canonico
1485 3680 1617 3726 non
1647 3660 2058 3727 mediocriter
2072 3666 2429 3744 versatum,
2454 3658 2673 3727 existi·-

402 3765 539 3825 mat
563 3760 627 3827 id
661 3781 791 3825 non
831 3782 1012 3849 posse
1038 3782 1111 3828 ex
1159 3763 1293 3830 ulla
1321 3771 1694 3833 auctori-tate
1731 3766 2107 3856 probari‚2et
2138 3766 2541 3832 contrarium
2554 3783 2673 3854 po-

403 3866 532 3933 tius
551 3888 686 3934 esse
713 3868 1094 3936 tenendum.
1124 3870 1225 3937 Ad
1256 3869 1519 3939 Sacram
1543 3872 2124 3961 Congregationem
2139 3873 2415 3942 concilii
2439 3893 2580 3942 mox
2592 3870 2674 3941 tis

405 3970 746 4057 deferetur,
781 3982 892 4043 aut
920 3976 1078 4044 forte
1094 3979 1235 4065 jam
1263 3978 1470 4045 delata
1499 3979 1753 4068 pendet.
