2930 4982
1175 351 1253 395 ne
1292 350 1612 396 CAPrrULls.
2415 342 2530 397 501

255 473 371 539 etsi
404 471 686 561 ingentis
716 471 1107 539 auctoritatis
1142 470 1224 536 sit
1264 469 1675 558 provincialis
1704 470 1964 539 concilii
1997 469 2364 561 judicium,
2409 491 2539 538 non

258 586 478 646 tamen
528 577 1004 646 infallibilitatis
1033 574 1455 666 praerogativa
1485 575 1859 665 protegitur.
1888 576 2060 666 Ergo
2083 577 2374 645 absolute
2397 598 2549 645 con-

256 688 507 776 tingere
576 691 779 775 potest
848 690 922 753 ut
1008 683 1405 775 provinciale
1463 681 1818 750 concilium
1865 683 2224 772 legitimam
2254 685 2547 774 aliquam

255 794 504 884 praxim
554 814 817 859 erronee
845 790 1268 883 pronuntiet3
1305 791 1407 858 vel
1455 789 1652 857 etiam
1681 794 1991 878 tanquam
2025 791 2396 880 legitimum
2437 791 2549 860 de-

256 904 500 982 cernat,
534 900 707 989 quod
737 899 815 966 de
837 900 986 989 jure
1026 898 1363 966 communi
1401 904 1495 964 est
1523 896 1968 986 illegitimum.
2018 896 2160 976 Quo
2206 920 2357 968 casu
2397 898 2549 968 nul-

255 1007 395 1075 lurn
441 1016 503 1073 et
544 1005 803 1073 irritum
850 1004 1133 1095 profecto
1182 1005 1301 1073 erit
1354 1004 1710 1072 decretum.
1763 1002 1845 1070 Et
1895 1002 1985 1070 ita
2032 1024 2255 1070 revera
2310 1003 2549 1092 pluries

252 1112 626 1201 contigisse,
670 1106 821 1178 satis
862 1111 1054 1202 (inter
1085 1111 1210 1177 alia
1238 1108 1652 1200 documenta)
1693 1108 1989 1199 patefacit
2017 1113 2324 1176 tractatus
2352 1106 2551 1177 Bene·

253 1221 414 1287 dicti
439 1217 616 1303 XIV,
653 1222 749 1285 De
772 1216 1027 1308 synodo
1052 1217 1424 1285 dioecesana
1448 1215 1819 1306 inscriptus.

343 1325 423 1393 ll.
462 1326 638 1393 Casu
665 1348 792 1416 quo
813 1324 965 1392 null
970 1348 1083 1391 um
1113 1322 1191 1390 de
1219 1345 1284 1390 se
1316 1333 1381 1390 et
1408 1322 1682 1389 irritum
1708 1321 1793 1388 sit
1813 1318 2100 1410 aliquod
2108 1318 2552 1409 provincialis

254 1432 522 1502 concilii
561 1431 927 1512 decretum,
976 1428 1280 1497 validari
1314 1429 1544 1517 nequit
1588 1427 1728 1494 nisi
1749 1448 1878 1516 per
1906 1426 2155 1493 summi
2202 1426 2551 1515 Pontificis

254 1539 852 1629 confirmationem,
884 1549 948 1605 et
973 1535 1236 1627 quidem
1256 1535 1330 1602 in
1349 1535 1577 1624 forma
1598 1534 1927 1624 specifica.
1955 1573 2045 1585 —
2079 1558 2113 1598 «
2135 1532 2554 1603 Confirmatio

263 1670 297 1707 «
330 1651 650 1732 quantum
679 1642 759 1710 ad
784 1643 1214 1734 propositum,
1247 1646 1340 1708 est
1377 1639 1550 1730 juris
1599 1660 2020 1728 quocumque
2062 1638 2255 1706 modo
2297 1636 2551 1726 quaesiti

263 1775 295 1812 «
326 1772 441 1840 per
477 1749 851 1838 legitimum
894 1749 1294 1838 superiorem
1340 1747 1502 1814 facta
1542 1744 2058 1813 corroboratiO...
2098 1742 2350 1811 Dicitur
2361 1742 2551 1832 juris

262 1881 297 1919 «
327 1878 734 1945 quocumque
756 1854 953 1923 modo
983 1852 1276 1943 quoesz‘tz‘,
1322 1853 1402 1920 ad
1431 1850 1988 1941 complectendam
2012 1855 2358 1939 utramque
2387 1869 2547 1916 con-

260 1961 702 2027 «firmationis
732 1961 1037 2050 speciem,
1080 1958 1381 2025 videlicet
1412 1962 1543 2023 tam
1577 1957 1742 2023 datae
1797 1955 1871 2022 in
1901 1957 2126 2044 forma
2178 1954 2543 2040 communi,

256 2091 291 2129 «
320 2087 521 2153 quam
555 2089 638 2133 esc
678 2076 856 2132 certa
896 2064 1180 2131 scientia
1208 2085 1230 2129 .·
1273 2070 1742 2150 nam.utraque
1773 2063 1885 2151 jus
1908 2061 2126 2148 aliquo
2156 2059 2347 2126 modo
2370 2079 2547 2147 quae-

252 2197 288 2234 ι(
319 2173 521 2237 situm
571 2172 975 2239 corroborat:
1024 2170 1136 2237 illa
1168 2171 1277 2259 jus
1308 2170 1602 2257 legitime
1640 2169 2025 2257 quaesitum3
2077 2166 2218 2232 haec
2239 2167 2347 2255 jus
2388 2165 2544 2232 nul-

251 2300 287 2338 «
320 2274 471 2342 liter
512 2283 572 2342 et
625 2277 704 2343 de
745 2277 909 2343 facto
952 2278 1279 2344 dumtaxat
1328 2277 1698 2365 quaesitum.
1748 2299 1783 2339 >³
1834 2273 1926 2340 lta
1964 2270 2408 2350 Reiffenstuel,
2461 2271 2542 2338 ad

238 2381 513 2448 titulum
560 2380 647 2449 30
690 2382 844 2450 libri
882 2405 925 2449 11
962 2380 1421 2466 Decretalium,
1455 2405 1526 2449 n.
1562 2382 1603 2449 2
1645 2387 1706 2448 et
1743 2379 1808 2448 3.
1838 2379 1919 2447 Et
1946 2377 2159 2468 quoad
2188 2399 2327 2444 rem
2367 2374 2437 2443 in
2468 2399 2542 2445 ea

243 2487 557 2556 tradenda
599 2491 857 2557 notione
905 2490 1301 2558 concordant
1341 2490 1656 2575 doctoreS,
1702 2493 1896 2577 prout
1939 2485 2145 2554 videri
2182 2487 2386 2574 potest
2424 2480 2539 2550 ubi

246 2594 593 2683 explanant
633 2595 924 2681 citatum}
954 2596 1244 2682 titulum,
1309 2596 1424 2684 qui
1464 2595 1848 2663 inscribitur
1900 2597 1994 2660 De
2034 2590 2540 2681 confirmatione

247 2700 412 2767 utili
435 2701 543 2769 vel
571 2701 820 2770 inutili.

337 2805 753 2874 Unanimiter
792 2807 988 2874 etiam
1020 2807 1251 2875 docent
1278 2807 1612 2897 duplicem
1644 2803 2174 2893 distinguendam
2213 2824 2349 2870 esse
2375 2823 2534 2869 con·

245 2912 637 2978 firmationis
666 2913 970 3001 speciem,
1005 2913 1325 2980 nimirum
1369 2912 1443 2980 in
1465 2914 1696 3003 forma
1719 2911 2060 2978 commu-ni
2100 2917 2161 2978 et
2201 2909 2277 2976 in
2311 2910 2534 2999 forma

242 3015 560 3106 specifica
579 3035 609 3098 ,·
648 3024 710 3083 et
746 3038 861 3105 per
895 3016 1462 3085 confirmationem
1505 3017 1580 3083 in
1605 3018 1831 3107 forma
1862 3016 2201 3084 communi
2240 3014 2534 3082 validum

244 3123 625 3191 nullatenus
650 3121 822 3189 effici
847 3127 1067 3191 actum
1099 3124 1176 3191 de
1206 3145 1271 3191 se
1297 3123 1559 3190 nullum
1587 3132 1651 3190 et
1678 3123 1939 3190 irritum
1967 3146 1983 3203 ;
2017 3146 2050 3190 e
2076 3127 2300 3190 contra
2320 3125 2534 3188 autem

242 3252 360 3320 per
384 3228 941 3296 confirmationem
970 3230 1044 3296 in
1069 3232 1299 3320 forma
1335 3229 1514 3319 speci
1513 3229 1672 3318 fica,
1700 3230 1973 3297 validari
2002 3235 2245 3313 actum,
2279 3225 2531 3295 etiamsi

244 3335 321 3404 de
370 3358 439 3403 se
489 3335 712 3402 nullus
754 3341 914 3404 esset
964 3344 1027 3405 et
1065 3338 1314 3405 irritus.
1345 3336 1552 3416 >Quod
1595 3357 1750 3402 cum
1802 3341 1975 3403 extra
2027 3332 2530 3428 controversiam

244 3463 514 3510 omnem
574 3443 859 3533 positum
900 3444 1023 3531 sit,
1085 3466 1300 3511 unum
1355 3442 1692 3509 dumtaxat
1746 3440 2084 3509 citabimus
2151 3440 2461 3508 Holsman
2507 3462 2523 3506 ε

254 3549 489 3633 «Alia,
538 3548 773 3637 inquit,
817 3549 1004 3616 datur
1036 3550 1110 3618 in
1141 3552 1367 3639 forma
1416 3548 1780 3630 communi,
1822 3570 1949 3637 qua
1987 3548 2306 3639 superior,
2342 3545 2524 3613 nulla

245 3655 346 3722 vel
375 3675 515 3721 non
546 3654 821 3743 perfecta
842 3655 1212 3742 cognitione
1243 3656 1509 3746 praevia,
1539 3663 1756 3724 actum
1783 3655 2125 3723 confirmat
2155 3653 2339 3742 quasi
2363 3673 2530 3719 con-

244 3761 638 3830 ditionaliter
668 3765 962 3828 tantum:
997 3761 1122 3829 alia
1148 3762 1459 3852 informa
1483 3761 1785 3853 speciali,
1819 3783 1947 3849 qua
1966 3760 2259 3851 superior
2288 3758 2528 3849 praevia

245 3866 617 3957 cognitione
655 3866 732 3933 de
779 3872 906 3935 tota
945 3890 1160 3952 causa,
1208 3868 1555 3936 confirmat
1582 3874 1800 3935 actum
1826 3866 2114 3934 absolute
2142 3885 2254 3955 per
2281 3863 2526 3936 similes

246 3973 589 4056 clausulaS,
637 3997 719 4041 eoe
759 3985 938 4042 certa
965 3975 1265 4056 scientia,
1300 3974 1575 4067 coquita
1601 3997 1822 4054 causa,
1848 3983 2046 4064 parte
2069 3971 2274 4038 citata
2318 3980 2383 4036 et
2411 3991 2529 4037 au·

246 4078 412 4161 dita,
448 4103 528 4147 ex
545 4080 969 4170 plenitudine
985 4082 1367 4173 potestatis,
1406 4079 1769 4172 supplendo
1800 4079 1978 4169 juris
2023 4082 2084 4145 et
2113 4077 2288 4167 facti
2322 4076 2526 4166 defec-

250 4198 377 4269 tus,
411 4211 552 4255 non
587 4188 883 4257 obstante
912 4212 1324 4279 quacumque
1353 4190 1496 4281 leqe
1526 4189 1632 4256 vel
1665 4183 2126 4255 consuetudine
2161 4186 2234 4253 in
2264 4195 2524 4255 contra-

246 4294 419 4362 rium
431 4315 460 4378 ;
479 4300 590 4362 aut
605 4302 824 4362 tenore
845 4302 974 4364 toto
994 4298 1324 4366 sententiae
1347 4295 1692 4386 privilegii,
1714 4300 1834 4362 etc.
1849 4346 1868 4382 ,
1885 4294 2057 4383 quod
2078 4293 2521 4370 confirmatur,

246 4396 484 4468 inserto
513 4401 636 4490 ipsi
662 4402 1164 4472 confirmationi.
1201 4404 1619 4473 Confirmatio
1661 4403 1735 4470 in
1773 4402 1982 4472 forma
2010 4394 2350 4469 communi
2391 4408 2522 4459 non
