2930 4982
371 349 494 405 206
1358 354 1698 403 rnAcrArus

369 476 793 569 perseveravit
845 480 1062 543 tamen
1110 473 1365 542 collatio
1412 474 1823 543 simultanea.
1870 496 1906 538 «
1943 472 2037 541 Ex
2079 473 2204 540 hac
2255 475 2658 563 primordiali

379 610 413 650 «
458 583 926 650 communione
959 580 1320 665 redituum,
1366 582 1456 649 ait
1486 579 1970 650 Soart'antonius
1995 579 2065 668 (t.
2104 579 2158 668 1,
2189 604 2255 670 p.
2292 582 2400 660 11,
2435 603 2506 648 n.
2551 583 2652 666 16,

380 715 414 758 «
457 689 612 758 edit.
664 689 859 756 Lucae
880 742 898 775 ‚
948 686 1144 777 1723)
1189 688 1497 777 profluxit
1535 687 1709 777 quod
1751 687 2007 755 collatio
2054 688 2559 757 canonicatuum
2601 696 2660 758 et

376 822 411 861 «
459 796 953 888 praebendarum
1001 794 1286 862 ecclesiae
1332 795 1740 878 cathedralis,
1785 794 1868 862 ab
1910 793 2228 885 Episcopo
2271 799 2334 862 et
2376 796 2658 885 capitulo

379 928 410 967 «
457 901 840 970 simultanee
889 900 1198 990 explenda
1245 907 1407 969 esset
1451 900 1546 992 (in
1588 906 1740 968 text.
1782 900 1854 967 in
1903 921 2045 990 cap.
2100 900 2533 988 Postulastis‚
2566 901 2657 970 De

380 1033 415 1072 «
457 1028 740 1075 concess
787 1006 1053 1099 praeb.);
1106 1014 1181 1074 ut
1223 1008 1750 1075 animadvertunt
1791 1008 2233 1075 communiter
2283 1008 2655 1087 canonistae,

383 1144 414 1181 «
455 1123 517 1185 et
549 1117 879 1204 signanter
912 1112 1264 1202 Fagnanus
1291 1112 1384 1203 (in
1421 1135 1566 1202 cap.
1606 1114 1773 1180 Cum
1806 1114 2079 1181 ecelesia
2111 1113 2538 1200 Vulterrana,
2570 1113 2663 1181 De

382 1252 416 1289 «
462 1224 674 1308 elect,
700 1244 768 1288 n.
801 1222 874 1287 11
907 1226 968 1286 et
990 1220 1179 1308 seq.).
1211 1218 1300 1286 lta
1326 1225 1547 1286 tamen
1574 1226 1647 1287 ut
1676 1227 1804 1287 tam
1828 1241 2025 1311 penes
2045 1220 2442 1311 Episcopum
2466 1241 2660 1309 quam

382 1357 415 1395 ι(
463 1327 825 1419 capitulum
854 1327 928 1392 in
955 1325 1237 1393 solidum
1268 1326 1542 1394 resideat
1571 1330 1844 1417 potestas
1871 1331 1934 1394 et
1952 1327 2065 1416 jus
2092 1325 2462 1394 conferendi
2496 1346 2660 1416 prae-

381 1461 415 1501 «
458 1435 659 1504 dictas
685 1430 1057 1522 praebendas
1085 1430 1490 1533 cathedralis.
1520 1457 1555 1496 ›>

460 1541 608 1609 Alia
643 1538 804 1616 ratio
833 1559 1031 1627 quam
1063 1539 1269 1606 solent
1297 1537 1526 1606 afferre
1569 1539 1942 1623 canonistae,
1969 1544 2031 1606 et
2072 1558 2219 1629 quae
2255 1537 2442 1605 valde
2470 1536 2664 1604 etiam

374 1649 596 1713 notatu
626 1642 825 1732 digna
849 1648 970 1730 est,
995 1642 1361 1711 desumitur
1388 1665 1465 1710 ex
1502 1665 1578 1711 eo
1614 1644 1789 1732 quod
1824 1644 2180 1735 Episcopus
2208 1649 2269 1711 et
2303 1641 2664 1733 capitulum

374 1772 589 1821 unum
640 1749 928 1817 efficiant
972 1771 1207 1840 corpus
1253 1756 1566 1838 tanquam
1614 1756 1804 1840 caput
1853 1773 2009 1819 cum
2055 1750 2407 1837 membris;
2457 1751 2545 1816 ita
2593 1755 2667 1816 ut

375 1879 508 1927 non
538 1857 762 1925 debeat
799 1859 993 1944 caput
1022 1856 1394 1946 separatim,
1420 1855 1533 1923 sed
1559 1878 1691 1924 una
1720 1880 1872 1925 cum
1912 1858 2228 1926 membris
2264 1858 2665 1947 operationes

374 1986 521 2033 suas
549 1961 874 2053 perficere.
903 1959 1266 2028 Canonistis
1293 1966 1511 2028 autem
1535 1963 1605 2029 in
1628 1960 1943 2031 tradenda
1971 1963 2350 2054 hujusmodi
2368 1962 2668 2029 doctrina

373 2072 710 2160 praeiverat
740 2067 948 2155 glossa
975 2065 1047 2133 in
1080 2072 1274 2157 caput
1313 2067 1821 2136 CumEeclesia
1869 2068 2297 2156 Vulterrana‚
2330 2068 2426 2136 De
2450 2067 2663 2152 elect„

374 2198 521 2265 qua}
550 2174 643 2242 sic
669 2172 907 2240 habet:
1023 2220 1026 2225 .

475 2307 508 2344 «
556 2278 796 2368 Arguit
826 2282 1049 2345 contra
1087 2275 1177 2366 (1)
1210 2276 1440 2345 titulus
1481 2276 1560 2344 de
1596 2278 1699 2345 his
1734 2285 1881 2369 quoe
1913 2280 2096 2370 fiunt
2121 2301 2164 2346 a
2190 2278 2507 2370 praelatas
2533 2279 2671 2348 sine

385 2414 418 2451 «
468 2407 784 2453 consensu
825 2382 1133 2473 capituli,
1170 2382 1244 2449 in
1283 2384 1520 2466 Seme,
1564 2407 1711 2474 cap.
1758 2384 2003 2452 Primis
2033 2409 2058 2451 .·
2088 2386 2239 2474 quia
2282 2385 2671 2474 hujusmodi

385 2519 418 2558 «
461 2482 1155 2564 ecclesiasticadebent
1181 2488 1385 2557 facere
1414 2488 1509 2580 (2)
1540 2489 1618 2558 de
1651 2490 1968 2559 consensu
2014 2490 2301 2582 capituli,
2335 2499 2403 2557 ut
2429 2490 2528 2557 ibi
2572 2491 2676 2559 di-

382 2623 417 2662 «
460 2598 632 2665 citur
675 2617 692 2661 t
735 2600 795 2660 et
836 2615 991 2660 cum
1040 2593 1279 2681 quibus
1322 2599 1417 2661 est
1458 2594 1528 2660 in
1578 2594 1966 2680 ministerio,
2014 2618 2170 2664 cum
2214 2597 2314 2663 his
2363 2596 2678 2685 disponat

384 2727 416 2765 «
462 2700 599 2793 (93,
625 2699 718 2767 De
748 2700 1058 2787 diacon.).
1087 2697 1426 2785 Praeterea,
1448 2722 1523 2767 ex
1552 2721 1626 2767 eo
1656 2699 1829 2789 quod
1861 2700 2021 2769 dicit
2044 2701 2134 2794 (3)
2162 2702 2230 2768 in
2255 2703 2406 2785 fine,
2434 2701 2494 2767 si
2517 2724 2674 2769 con·

384 2834 416 2872 «
463 2804 739 2875 suetudo
766 2815 862 2871 est
891 2800 1069 2892 quod
1091 2803 1397 2870 canonici
1428 2804 1686 2894 eliqant
1713 2804 2084 2895 irrequisito
2108 2807 2464 2898 Episcop0‚
2498 2813 2673 2898 patet

385 2939 418 2977 «
466 2912 640 3001 quod
674 2911 751 2978 de
787 2912 938 2999 jure
979 2910 1316 2976 communi
1354 2909 1556 2976 simul
1594 2910 1865 2979 debeant
1905 2913 2180 3001 eligere3
2218 2915 2386 2982 sicut
2430 2918 2496 2981 et
2544 2913 2670 2981 alia

384 3042 416 3080 «
459 3016 715 3106 negotia
738 3012 940 3083 simul
962 3013 1168 3082 facere
1188 3014 1447 3099 debent,
1478 3023 1633 3083 cum
1654 3015 2015 3108 Episcopus
2039 3020 2122 3086 sit
2148 3026 2342 3110 caput
2366 3018 2669 3110 capituli,

382 3147 417 3187 «
460 3128 523 3191 et
551 3120 843 3189 canonici
873 3120 1169 3186 membra
1213 3119 1312 3208 (de
1350 3121 1454 3187 his
1492 3144 1637 3210 quae
1679 3122 1848 3189 fiunt
1875 3145 1914 3190 a
1945 3124 2127 3214 prael.
2169 3126 2309 3193 sine
2342 3133 2703 3194 consensu‘

382 3252 417 3291 «
456 3227 748 3317 capituli,
798 3246 938 3315 cap.
973 3223 1210 3309 Novit,
1252 3230 1314 3291 et
1352 3226 1559 3315 capite
1609 3228 1926 3317 Quanto).
1966 3228 2048 3296 Et
2095 3231 2269 3319 quod
2307 3229 2509 3298 simul
2558 3231 2672 3299 eli-

327 3317 330 3328 ’
381 3360 415 3397 α
458 3356 606 3422 gere
648 3330 941 3412 debeant,
986 3330 1182 3397 hahes
1217 3329 1407 3397 titulo
1448 3335 1544 3397 De
1591 3333 1993 3402 concessione
2013 3334 2420 3426 praebendae,
2459 3335 2673 3427 capite

384 3467 417 3505 (ι
459 3434 884 3505 Postulastis.
929 3433 1090 3501 Dico
1126 3435 1301 3522 quod
1345 3435 1423 3502 de
1459 3438 1610 3524 jure
1647 3440 1989 3506 communi
2038 3442 2236 3508 simul
2272 3442 2351 3508 ad
2398 3440 2672 3531 Episco-

385 3574 416 3612 «
457 3566 620 3637 pum
665 3546 728 3610 et
773 3540 1133 3631 capitulum
1182 3540 1461 3630 pertinet
1505 3542 1759 3611 collatio
1803 3545 2268 3614 beneficiorum
2290 3600 2309 3630 ‚
2355 3568 2479 3636 per
2515 3549 2673 3636 jura

384 3679 416 3716 «
463 3650 753 3742 proxime
779 3646 973 3730 dicta,
1006 3652 1069 3714 et
1102 3645 1220 3713 hic
1243 3647 1315 3713 in
1345 3645 1473 3712 fine
1509 3647 1659 3714 satis
1697 3653 1870 3737 patet
1912 3649 2004 3717 ita
2046 3673 2202 3719 esse.
2241 3650 2365 3719 Sed
2396 3672 2676 3720 consue-

381 3784 413 3821 «
461 3757 617 3825 tudo
647 3756 714 3823 in
746 3754 1047 3844 pluribus
1073 3751 1356 3819 ecclesiis
1380 3752 1645 3841 derogat
1670 3752 1831 3822 huic
1853 3755 2020 3843 juri,
2046 3763 2124 3823 ut
2149 3758 2259 3824 hic
2285 3760 2352 3824 in
2383 3757 2521 3825 fine
2548 3758 2675 3824 hu·

383 3889 415 3925 «
454 3864 564 3950 jus
603 3859 863 3928 decreti.
902 3857 1028 3926 Sed
1055 3858 1166 3925 illa
1196 3858 1593 3947 consuetudo
1630 3880 1762 3926 non
1800 3865 1892 3927 est
1923 3861 2319 3928 rationabilis
2353 3885 2371 3929 :
2405 3863 2548 3930 imo
2579 3867 2678 3929 est

383 3992 416 4056 ς(
465 3969 688 4032 contra
711 3962 905 4030 decus
924 3961 1253 4043 Ecclesiae,
1278 3984 1421 4050 quae
1447 3962 1591 4029 ideo
1617 3985 1749 4031 non
1775 3970 1870 4032 est
1896 3967 2428 4058 praescriptibiliS.
2458 3991 2494 4032 »

461 4068 832 4136 Notandum
879 4073 1094 4135 autem
1140 4067 1311 4135 hanc
1358 4068 1639 4157 glossam
1660 4120 1678 4149 ,
1722 4069 1873 4137 licet
1911 4071 2291 4161 antiquitate
2339 4094 2676 4140 veneran-

437 4258 450 4311 (
461 4259 497 4317 1)
535 4254 723 4315 Nempe
752 4257 926 4303 contra
958 4254 1260 4315 objectiones
1295 4268 1418 4318 quas
1447 4255 1739 4305 immediate
1763 4259 1913 4305 antea
1935 4256 2029 4306 sibi
2050 4264 2378 4329 proposuerat
2397 4259 2676 4321 glossator.

435 4331 498 4395 (2)
533 4331 723 4392 Nempe
751 4328 1000 4393 Episcopi.

439 4414 500 4472 (3)
539 4410 728 4474 Nempe
760 4415 911 4474 caput
938 4409 1065 4459 Cum
1094 4408 1302 4459 ecclesia
1335 4411 1659 4473 Vestem-ana,
1685 4412 1822 4474 quod
1849 4413 1917 4464 tbi
1943 4414 2187 4477 glossator
2215 4416 2464 4480 explanat.
