2930 4982
342 366 365 418 1
386 364 419 417 5
429 364 464 417 4
1318 368 1661 416 TRACTATUS

337 511 617 560 crescere
687 489 1150 580 praesentibus3
1208 493 1272 554 et
1340 485 1758 577 applicandas
1830 490 2083 553 tantum
2152 507 2287 554 esse
2353 487 2629 572 fabricae

339 597 626 666 ecclesiae
650 608 771 664 aut
800 596 1007 664 alteri
1021 595 1137 686 pio
1163 595 1305 662 loco
1337 593 1826 661 distributiones
1856 612 2019 681 quas
2046 593 2356 660 amittunt
2382 593 2512 660 illae
2535 594 2629 660 di·

336 704 631 793 gnitates,
665 726 810 793 quae
834 704 1077 771 habent
1104 707 1457 793 proventus
1482 722 1520 769 a
1544 722 1755 769 massa
1775 721 1886 769 seu
1918 699 2109 767 bonis
2132 699 2398 790 capituli
2424 699 2633 768 diver-

340 832 440 878 sos
463 816 526 877 ct
547 815 884 900 separatos.

428 919 494 984 4.
523 915 617 984 Ex
644 914 920 982 concilio
945 912 1327 982 Tridentino
1366 914 1542 1004 (sess.
1588 913 1702 996 21,
1730 935 1787 981 c.
1823 911 1887 1003 3)
1911 911 1990 980 ad
2013 911 2412 1003 Episcopum
2442 914 2634 1002 perti-

338 1027 448 1088 net
499 1020 769 1087 modum
830 1019 1261 1086 determinare
1318 1041 1451 1108 quo
1507 1018 1998 1087 distributiones
2040 1018 2430 1107 quotidianae
2491 1018 2631 1085 fieri

338 1127 610 1194 debeant
639 1148 655 1192 ε
692 1127 949 1194 Statuit
986 1137 1220 1194 sancta
1247 1124 1621 1215 synodus...
1662 1125 1929 1193 tertiam
1945 1136 2301 1214 partem...
2330 1126 2637 1214 separari

340 1234 565 1302 debere
588 1244 653 1300 et
676 1233 746 1300 in
768 1232 1267 1301 distributiones
1291 1232 1719 1323 quotidianas
1748 1232 2036 1300 converti
2059 1254 2207 1321 quoe
2224 1230 2396 1298 inter
2420 1230 2631 1321 diqni·

343 1351 511 1407 tates
539 1353 601 1407 et
629 1351 895 1407 coeteros
926 1337 1168 1406 divinis
1205 1339 1449 1430 officiis
1481 1340 1960 1418 interessenteS,
2001 1336 2626 1429 proportionaliter,

324 1446 533 1535 juata
572 1444 961 1514 divisionem
1003 1446 1087 1513 ab
1112 1446 1533 1538 Episcopo...
1573 1446 1983 1537 faciendam,
2032 1443 2445 1512 dividantur.

1269 1721 1560 1784 CAPUT
1609 1722 1704 1780 ΙΙΙ

338 1902 419 1947 ΑΝ
468 1901 784 1948 PENSIONES
832 1900 1146 1946 GANONICIS
1207 1901 1388 1947 RODIE
1440 1903 1506 1946 IN
1557 1901 1768 1947 GALLIA
1826 1900 1987 1946 SOLVI
2041 1899 2293 1956 SOLITAE,
2353 1898 2637 1944 HABEANT

416 2007 726 2054 RATIONEM
754 2006 1088 2052 PRAEBENDAE
1122 2006 1229 2051 SEU
1261 2007 1565 2053 BEN'EFIGII
1593 2006 2026 2052 ECCLESIASTIGI
2053 2009 2069 2065 ς
2102 2007 2180 2050 ΕΤ
2208 2007 2334 2051 mm
2362 2005 2637 2052 OBNOXIAE

418 2114 552 2159 SINT
610 2114 970 2160 TRIDENTINO
1030 2112 1348 2159 PRAECEPTO
1405 2114 1482 2158 DE
1546 2113 1973 2160 CONVERTENDA
2032 2112 2256 2159 TERTIA
2316 2112 2511 2157 PARTE
2575 2114 2635 2158 IN

415 2219 815 2282 QUOTIDIANAS
845 2220 1346 2266 DISTRIBUTIONES.

431 2400 805 2468 PRoPosmo
841 2401 924 2467 1².
969 2438 1062 2451 —
1110 2400 1379 2468 Certum
1408 2414 1505 2468 est
1533 2398 1743 2467 dictas
1765 2400 2108 2491 pensiones
2143 2399 2472 2468 rationem
2509 2398 2644 2466 Iza-

343 2504 488 2570 bere
518 2505 658 2571 veri
684 2505 981 2595 beneficii
997 2506 1435 2574 ecclesiastici.
1459 2544 1551 2557 —
1572 2505 1753 2574 Licet
1772 2505 2198 2595 quaestionem
2222 2504 2647 2572 instituamus

338 2609 416 2677 de
446 2609 595 2676 solis
622 2611 969 2694 canoniciS‚
1005 2612 1232 2678 eadem
1262 2634 1527 2702 prorsus
1573 2618 1666 2680 est
1693 2613 1905 2701 quoad
1931 2612 2268 2703 pensiones
2290 2632 2460 2701 quae,
2493 2617 2649 2678 tum

340 2715 640 2805 parochis
664 2717 1017 2807 perpetuiS‚
1043 2723 1185 2784 tum
1210 2718 1368 2808 ipsis
1397 2719 1590 2787 etiam
1613 2719 1949 2810 Episcopis
1967 2719 2353 2790 aGubernio
2376 2717 2649 2785 solvun-

339 2826 466 2889 tur.
494 2820 736 2902 Quanti
757 2828 972 2890 autem
995 2824 1311 2891 momenti
1334 2825 1707 2913 sithuaestio
1728 2825 1865 2905 illa,
1892 2827 2081 2895 facile
2104 2825 2323 2915 colligi
2344 2829 2550 2915 potest
2569 2843 2649 2891 ex

339 2928 769 2996 consectariis
805 2927 874 2997 Si
900 2930 1080 2996 enim
1112 2931 1437 3020 ejusmodi
1462 2930 1804 3022 pensiones
1832 2955 1952 3021 pro
1969 2932 2138 3000 veris
2161 2930 2494 2999 beneficiis
2517 2930 2649 2997 ha-

339 3032 568 3101 bendae
592 3035 744 3118 sint,
778 3034 936 3124 ipsis
963 3037 1352 3128 applicanda
1380 3039 1659 3107 veniunt
1681 3039 1837 3128 jura
1862 3040 2107 3127 omnia,
2151 3060 2299 3128 quae
2327 3038 2406 3106 de
2433 3037 2649 3105 bene-

339 3137 503 3206 ficiis
527 3159 600 3206 ac
628 3138 823 3207 ⁴bonis
850 3142 1299 3211 ecclesiasticis
1344 3143 1718 3212 decernunt.
1755 3143 1952 3213 Secus
1982 3165 2155 3224 vem,
2191 3144 2245 3213 si
2273 3143 2482 3212 forent
2511 3162 2651 3208 me·

341 3263 495 3308 rum
538 3242 858 3313 Gubernii
904 3247 1242 3332 salarium,
1290 3271 1410 3317 nec
1453 3251 1626 3318 inter
1666 3254 1840 3321 bona
1881 3249 2308 3318 ecclesiastica
2355 3246 2654 3337 reputari

341 3347 669 3416 deberent.
701 3350 967 3420 Thesim
996 3359 1213 3422 autem
1241 3355 1674 3445 defendimus,
1703 3378 1838 3425 non
1859 3362 1933 3423 ut
1962 3355 2335 3447 opinionem
2357 3352 2463 3420 cui
2485 3372 2653 3419 con-

340 3453 651 3522 tradicere
674 3455 953 3524 liberum
985 3462 1223 3550 cuique
1254 3464 1362 3549 sit,
1394 3463 1504 3529 sed
1549 3469 1624 3530 ut
1653 3468 1895 3532 certam
1920 3464 2194 3531 omnino
2223 3465 2287 3528 et
2315 3459 2395 3528 ab
2418 3458 2650 3526 omni-

341 3559 467 3627 bus
495 3561 863 3629 tenendam.

428 3666 767 3735 Probatur
801 3668 865 3734 1⁰
896 3690 978 3735 eoe
1016 3672 1228 3740 variis
1261 3671 1710 3741 decisionibus,
1748 3712 1839 3725 -
1889 3700 1924 3739 «
1963 3673 2067 3740 An
2104 3670 2353 3756 salaria,
2387 3689 2535 3758 quae
2578 3668 2652 3735 in

351 3797 386 3836 «
417 3771 642 3862 Belgio
673 3797 710 3842 a
751 3773 1101 3845 Gubernio'
1123 3778 1465 3848 solvuntur
1509 3779 1873 3870 pastoribus
1900 3783 1961 3845 et
1998 3774 2327 3845 canonicis
2368 3772 2656 3841 induant

351 3902 385 3939 «
416 3886 715 3947 naturam
760 3880 1231 3951 beneficiorum
1273 3909 1387 3953 seu
1416 3886 1743 3954 bonorum
1774 3883 2379 3963 ecclesiasticorum,
2415 3886 2481 3947 et
2520 3900 2655 3947 an-

351 4009 387 4046 «
414 4004 644 4051 nexam
684 3985 968 4055 habeant
1013 3989 1475 4078 obligationem
1519 3991 1947 4059 inhaerentem
1992 3989 2096 4058 his
2140 3987 2356 4074 bonis,
2405 3985 2658 4054 scilicet

353 4113 387 4152 (ι
416 4088 701 4157 strictam
725 4098 785 4158 et
803 4096 1187 4164 canonicam
1210 4096 1674 4187 obligationem
1707 4097 2115 4189 expendendi
2138 4093 2467 4186 superflua
2490 4113 2656 4182 pau·

354 4221 387 4260 «
417 4195 683 4285 peribus
723 4217 836 4264 seu
881 4201 1008 4287 piis
1042 4204 1276 4288 causiS,
1311 4209 1375 4273 et
1408 4203 1771 4273 residentiae
1804 4205 1927 4274 sub
1967 4207 2161 4295 poena
2198 4222 2331 4270 non
2367 4198 2658 4267 faciendi

355 4328 389 4367 «
419 4300 662 4369 fructus
687 4322 837 4369 suos
855 4303 888 4367 ‘t
924 4340 1013 4356 -—
1044 4305 1236 4375 Sacra
1270 4309 1773 4394 Poenitentiaria‚
1806 4310 2136 4401 perpensis
2169 4305 2499 4398 expositis,
2536 4326 2656 4378 re-

357 4431 392 4471 «
422 4409 715 4497 spondet,
756 4409 894 4497 jam
925 4407 1079 4478 alias
1112 4434 1148 4479 a
1183 4421 1399 4482 sancta
1428 4414 1617 4502 Sede,
1647 4415 1726 4483 de
1755 4416 2026 4484 consilio
2061 4413 2310 4483 selectae
2346 4411 2654 4500 Congre-
