2930 4982
1125 330 1205 374 ΒΕ
1250 328 1574 377 cam-rums.
2373 327 2495 385 239

219 465 403 534 quam
423 443 749 534 parochus
763 446 1025 536 proprie
1038 446 1248 516 dictus
1268 470 1284 527 ;
1318 454 1381 515 et
1407 449 1761 539 improprie
1776 454 2046 519 vocatur
2066 450 2368 522 vicarius
2385 477 2502 524 cu-

218 555 403 631 ratus»,
423 549 686 638 quando
704 550 931 618 nullus
951 556 1120 619 extat
1137 560 1350 621 rector
1364 554 1747 645 principalis
1756 577 1985 624 curam
2006 554 2256 626 babens
2267 558 2498 629 saltem

218 656 546 725 inhabitu.
586 655 773 724 Unde
821 657 934 725 tali
959 664 1181 727 curato
1221 660 1615 751 applicanda
1638 660 1907 730 veniunt
1936 664 2159 733 eadem
2173 667 2326 755 jura
2349 688 2497 756 quae

219 762 445 830 caeterls
461 760 783 852 parochis.
803 760 872 829 ld
904 768 1023 850 est,
1047 763 1252 854 ipsius
1280 766 1645 834 nominatio
1679 787 1811 835 non
1836 767 2115 858 pertinet
2141 768 2222 837 ad
2244 773 2498 863 capitu·-

217 865 372 953 lum,
391 866 501 934 sed
512 864 765 934 institui
780 867 968 935 debet
981 868 1144 938 facto
1164 892 1490 939 concursu
1500 878 1563 939 et
1572 872 1873 941 examine
1887 895 2004 963 per
2012 895 2081 962 sy
2089 875 2346 946 nodales
2356 900 2495 947 exa·

219 975 582 1042 minatores.
608 972 801 1064 (Vide
813 974 1144 1063 Garciam‚
1169 981 1264 1045 De
1282 977 1489 1069 benef.
1505 1030 1522 1063 ‚
1538 985 1718 1070 parte
1734 1001 1828 1065 xl,
1856 1001 1914 1048 c.
1933 980 2002 1064 2,
2020 1002 2088 1049 n.
2110 982 2315 1051 229et
2337 984 2497 1075 seq.)

291 1079 648 1169 Hucusque
700 1081 894 1149 facilt
919 1103 1145 1171 gressu
1178 1084 1350 1172 juris
1376 1087 1749 1154 communis
1802 1087 2130 1155 tramitem
2179 1092 2503 1180 prosecuti

218 1206 459 1272 sumus,
473 1190 806 1275 praeeunte
829 1185 1078 1255 scilicet
1093 1188 1551 1257 auctoritatum
1573 1189 1728 1257 face.
1755 1190 1840 1259 At
1852 1211 2031 1261 nunc
2051 1192 2213 1261 dum
2234 1195 2315 1262 ad
2336 1216 2503 1286 proe-

218 1297 447 1360 sentem
480 1292 901 1361 ecclesiarum
921 1293 1146 1362 Galliae
1167 1299 1403 1362 statum
1426 1296 1830 1381 devenimus,
1856 1298 2191 1388 reliquum
2223 1300 2345 1368 viae
2377 1322 2497 1391 pro

216 1397 576 1487 quaestionis
605 1398 885 1467 novitate
910 1398 1030 1467 soli
1055 1399 1356 1489 cogimur
1374 1401 1718 1470 decurrere
1746 1408 1940 1499 atque
1968 1406 2243 1495 aperire.
2266 1405 2344 1474 In
2367 1428 2499 1496 quo

216 1505 263 1572 si
288 1505 440 1594 quid
484 1506 566 1574 ad
590 1505 916 1574 dexteram
953 1506 1059 1574 vel
1081 1506 1417 1576 sinistram
1444 1508 1842 1594 deflexerim,
1889 1515 2031 1601 post
2078 1533 2186 1580 me
2211 1513 2502 1582 venturis

216 1611 572 1681 cursoribus
594 1613 1056 1704 corrigendum
1085 1612 1365 1682 libenter
1392 1614 1727 1684 submitto,

1283 1897 1411 1974 §3

255 2069 376 2116 Qum
414 2070 565 2110 sums
595 2068 775 2116 ‘Quoan
814 2069 1199 2127 carnssnRALEs
1229 2069 1536 2107 nonmnms
1566 2068 1772 2107 GALLIAE
1800 2069 1864 2108 m·
1889 2069 2131 2109 armana
2160 2070 2443 2111 aneloxcu

715 2154 870 2212 'QUAE
894 2166 1240 2206 conconnaro
1279 2165 1418 2204 ANNI
1460 2150 1591 2204 1801
1627 2152 1950 2204 assumunt

299 2347 363 2410 1.
398 2343 667 2410 Certum
693 2348 787 2410 est
809 2344 881 2409 in
918 2342 1241 2433 plerisque
1271 2340 1408 2408 istis
1430 2339 1906 2410 cathedralibus
1935 2364 2160 2411 curam
2206 2341 2505 2433 capitulis

202 2448 403 2517 fuisse
429 2449 708 2536 unitam,
750 2446 838 2517 ita
875 2446 1400 2535 decernentibuS,
1456 2452 1600 2515 tum
1641 2446 1873 2539 primis
1927 2454 2068 2540 post
2116 2449 2501 2542 praedictum

209 2555 667 2624 concordatum
713 2554 1073 2647 Episcopis,
1114 2578 1152 2623 a
1207 2553 1538 2623 Cardinali
1590 2553 1873 2646 Caprara
1902 2556 2110 2646 legato
2164 2555 2502 2626 Pontificio

209 2662 409 2751 quoad
457 2662 837 2752 hujusmodi
886 2662 1342 2754 dispositiones
1388 2661 1811 2751 perficiendas
1862 2663 2321 2753 subdelegatiS,
2354 2670 2501 2731 tum

214 2768 400 2835 etiam
429 2768 500 2835 in
541 2769 927 2837 dioecesibus
954 2769 1293 2837 nonnullis
1323 2789 1361 2834 a
1396 2768 1882 2836 successoribus
1907 2768 2333 2835 Praesulibus.
2370 2767 2504 2846 Uni

212 2872 458 2947 scilicet,
479 2894 515 2938 e
534 2873 864 2941 canonicis
898 2895 1055 2941 cura
1079 2874 1153 2940 in
1174 2876 1567 2963 perpetuum
1587 2871 1913 2940 committi
1936 2870 2117 2939 solet.

248 3043 253 3048 ,
290 2978 359 3046 2.
402 2976 672 3046 Peracta
706 2977 831 3046 hac
878 2977 1150 3063 unione,
1204 2982 1461 3044 certum
1504 2983 1598 3042 est
1646 2976 1725 3042 de
1746 2978 1899 3064 jure
1927 2975 2267 3043 communi
2310 2997 2507 3069 supra

218 3084 510 3175 exposito,
543 3083 613 3150 in
635 3083 823 3157 dictis
848 3079 1327 3152 cathedralibus
1361 3080 1741 3148 electionem
1772 3086 1834 3147 et
1861 3081 2375 3150 nominationem
2404 3084 2505 3151 vi-

221 3190 365 3258 carii
392 3190 596 3260 curati
612 3190 689 3258 ad
707 3189 1073 3281 capit-ulum
1097 3185 1490 3281 pertinuisse
1510 3193 1572 3255 et
1592 3188 1946 3279 pertinere3
1971 3189 2500 3281 approbationem

223 3315 357 3365 vero
384 3297 465 3366 ad
486 3296 898 3387 Episcopum.

301 3400 362 3471 3.
401 3403 489 3474 At
515 3426 648 3472 non
670 3403 890 3476 minus
916 3409 1169 3476 certum
1192 3410 1288 3473 est
1314 3402 1688 3497 praedictam
1714 3401 2093 3476 electionem
2112 3409 2174 3472 et
2198 3405 2499 3476 nomina-

230 3504 450 3578 tionem
479 3510 558 3580 de
586 3510 764 3582 facto.
797 3532 835 3578 a
862 3510 1012 3578 solis
1048 3510 1390 3603 Episcopis
1421 3535 1462 3580 a
1482 3516 1772 3600 tempore
1809 3511 2173 3580 concordati
2216 3512 2297 3580 ad
2321 3511 2509 3583 hunc

229 3631 413 3704 usque
438 3617 615 3685 diem
645 3614 844 3686 fuisse
882 3621 1231 3703 peractam.
1261 3614 1450 3695 Quod
1476 3614 1746 3703 quidem
1773 3616 1830 3686 si
1853 3637 1929 3682 ex
1956 3616 2214 3684 indulto
2236 3615 2505 3703 Aposto-

229 3716 339 3789 lico
372 3722 614 3792 alicubi
638 3726 899 3812 gestum
924 3722 1031 3806 sit,
1066 3720 1798 3810 nullamdiificultatem
1820 3719 2044 3799 habet,
2074 3740 2231 3787 cum
2260 3716 2503 3790 Sanctae

231 3822 361 3896 Sedi
379 3852 511 3898 non
533 3829 696 3898 desit
715 3833 987 3919 potestas
1001 3826 1146 3918 J'uri
1170 3825 1510 3897 communi
1539 3824 1920 3913 derogandi.

302 3935 366 4004 4.
398 3936 485 4005 At
508 3959 660 4005 vero
686 3958 910 4008 casum
928 3931 1802 4027 expendimusabstrahendo
1825 3932 1907 4002 ab
1932 3932 2314 4024 hujusmodi
2342 3957 2498 4006 con-

235 4041 495 4110 cessione
520 4042 855 4133 Episcopis
886 4063 922 4108 a
960 4039 1234 4110 Summo
1262 4039 1568 4109 Pontifice
1594 4039 1794 4114 lacta.
1837 4039 1918 4108 Et
1941 4039 2033 4109 sic
2065 4039 2269 4131 posita
2313 4066 2502 4133 quae-

236 4143 418 4214 stione
437 4148 584 4215 -haec
611 4147 914 4214 videntur
942 4145 1390 4215 concludenda
1420 4169 1437 4213 ε
1470 4144 1728 4227 PrimO,
1772 4144 1955 4212 initio
1986 4145 2289 4235 potuisset
2317 4148 2502 4237 capi-

235 4247 432 4319 tulum
473 4253 811 4321 nominare
862 4258 1054 4342 atque
1080 4252 1397 4343 Episcopo
1437 4250 1934 4341 approbandum
1979 4275 2177 4321 suum
2220 4253 2502 4321 electum

236 4364 620 4445 praesentare,
661 4358 1217 4429 et-nominationis
1247 4359 1330 4427 ab
1351 4358 1682 4449 Episcopo
1725 4358 1906 4430 factae
1933 4359 2036 4426 via
2050 4357 2339 4447 juridica
2366 4360 2505 4409 exe-
