2930 4982
408 314 530 370 372
1373 317 1721 365 TnAcrAws

419 443 576 511 1601
598 493 615 527 ,
641 462 865 510 coram
891 436 1305 529 Pamphilio.
1343 436 1550 528 (Rota,
1594 438 1833 505 decisio
1869 435 2065 522 1129,
2104 456 2324 504 coram
2350 433 2589 525 Pegna,
2617 437 2673 503 in

407 570 597 617 causa
619 546 1060 630 verdunensi,
1095 544 1136 612 5
1160 543 1324 633 julii
1349 542 1577 633 1604.)

499 660 594 722 De
623 654 807 745 jure,
854 652 927 719 in
969 650 1055 718 iis
1109 672 1256 740 quae
1308 673 1444 717 non
1506 662 1903 718 concernunt
1943 661 2199 716 statum
2244 649 2678 718 universalem

403 761 712 843 ecclesioe,
746 756 1127 849 capitulum
1151 756 1353 823 etiam
1377 756 1516 823 sine
1544 778 1856 824 consensu
1886 754 2212 846 Episcopi
2227 765 2451 841 potest
2475 755 2679 844 facere

401 880 682 937 statuta.
713 865 1167 957 <Auctoritates
1192 885 1340 931 vero
1359 865 1439 931 ad
1461 864 1854 932 firmandam
1881 864 2051 931 hanc
2071 863 2433 930 doctrinam
2456 861 2560 929 hae
2591 862 2678 929 ad-

403 978 770 1045 ducuntur:
795 971 1016 1040 Glossa
1034 973 1104 1037 in
1124 978 1319 1060 caput
1338 972 1407 1049 2,
1426 975 1522 1039 De
1539 971 1886 1039 verborum
1902 970 2427 1061 siqnificatione.
2441 1006 2534 1018 —
2547 967 2679 1036 Cal·

403 1082 619 1163 derue,
651 1101 827 1149 0035.
860 1078 930 1165 2,
959 1101 1026 1145 n.
1062 1078 1127 1145 2.
1157 1115 1248 1129 -
1275 1078 1544 1148 Abhas
1529 1101 1598 1146 ln
1626 1083 1817 1169 caput
1845 1078 2010 1145 Cum
2041 1076 2477 1156 accessissent,
2519 1098 2601 1142 n
2623 1077 2673 1141 4.

400 1226 490 1240 —-
509 1186 744 1254 131013
729 1208 795 1251 ιη
822 1190 1017 1274 caput
1044 1184 1210 1250 Cum
1240 1205 1487 1267 omnes,
1516 1207 1583 1251 n.
1618 1184 1685 1260 4.
1717 1220 1808 1234 -
1833 1182 2258 1273 Praepositus
2243 1204 2307 1248 m
2332 1186 2528 1270 caput
2564 1181 2678 1248 Ca-

404 1293 652 1360 tlzolzca
684 1289 1111 1381 distinctionis
1167 1290 1272 1357 11.
1320 1328 1410 1342 —
1451 1290 1797 1367 Ferreum,
1845 1295 2050 1357 const.
2113 1287 2272 1374 286,
2316 1310 2384 1354 n.
2425 1288 2490 1368 1,
2537 1286 2673 1374 etc.)

403 1401 604 1467 Addit
655 1376 859 1467 Rota:
921 1400 1017 1464 Et
1076 1396 1158 1463 in
1209 1396 1417 1486 specie
1480 1394 1560 1463 de
1622 1395 2158 1463 concernentibus
2205 1393 2677 1461 ordinationem

404 1506 589 1574 chori
626 1506 764 1596 fuit
800 1502 1054 1571 dictum
1092 1503 1164 1569 in
1208 1525 1416 1570 causa
1463 1501 1790 1570 Ilerdensi
1820 1502 1926 1591 (19
1955 1502 2190 1569 martii
2230 1500 2426 1581 1597,
2465 1522 2676 1568 coram

409 1609 769 1698 Corduba).
804 1612 946 1675 Hoc
990 1620 1221 1674 autem
1269 1609 1485 1675 multo
1529 1609 1745 1697 maqis
1772 1620 2000 1698 potest
2041 1610 2265 1699 facere
2314 1607 2675 1697 capitulum

399 1714 842 1781 consentiente
868 1713 1230 1802 Episcopo,
1260 1735 1348 1801 qu
1359 1712 1427 1779 ia
1459 1712 1593 1779 tali
1612 1735 1770 1780 casu
1779 1725 2006 1805 potest
2029 1725 2319 1780 statuere
2346 1711 2546 1780 etiam
2572 1735 2674 1779 ar·

398 1816 534 1885 dua
563 1829 627 1885 et
660 1816 1118 1884 concernentia
1150 1816 1608 1884 universalem
1639 1831 1896 1886 statum
1934 1818 2236 1901 ecclesiae,
2283 1829 2361 1883 ut
2414 1815 2675 1885 tradunt

400 1947 707 1992 omneS...
728 1944 757 2008 ;
787 1935 848 1990 et
876 1924 1017 2014 fuit
1047 1922 1303 1990 dictum
1333 1925 1404 1991 in
1434 1924 1758 1993 Ilerdensi
1810 1947 2009 1993 causa
2043 1924 2292 2012 (coram
2324 1921 2669 2011 Corduba),

398 2031 477 2099 de
523 2054 654 2122 qua
706 2052 934 2121 supra.
992 2029 1199 2122 (Rota,
1252 2030 1323 2096 in
1378 2052 1570 2098 causa
1630 2031 1959 2114 Paduana,
2019 2029 2104 2097 26
2147 2032 2433 2120 januarii
2487 2028 2671 2110 1618,

399 2145 576 2228 parte
606 2138 672 2213 4,
705 2136 980 2225 recent.)

487 2246 583 2309 De
590 2242 750 2331 jure
773 2241 1109 2309 communi
1114 2252 1413 2331 potestas
1430 2241 1695 2332 ferendi
1717 2241 1916 2332 leqes‚
1935 2265 2047 2310 seu
2067 2254 2328 2311 statuta
2344 2241 2666 2325 condendi,

393 2373 588 2439 super
615 2346 807 2415 rebus
829 2360 893 2414 et
920 2346 1199 2437 neqotiis
1237 2346 1332 2413 ad
1363 2348 1705 2416 ecclesiam
1731 2349 2206 2441 spectantibus,
2237 2361 2303 2417 et
2318 2373 2456 2441 pro
2486 2349 2670 2440 ipsius

397 2454 768 2544 tranquillo
802 2452 1148 2541 reqimine,
1199 2452 1440 2521 residet
1470 2477 1677 2545 penes
1729 2456 2098 2547 capitulum
2111 2478 2142 2540 ;
2188 2458 2295 2524 cui
2336 2467 2672 2546 tamquam

389 2558 649 2647 corpori
682 2557 962 2644 mystico
1010 2558 1376 2646 Pontifices
1427 2561 1860 2628 contulerunt
1886 2561 2434 2652 jurisdictionem,
2485 2562 2672 2649 cujus

390 2661 749 2732 essentialis
783 2672 970 2727 actus
997 2674 1091 2727 est
1135 2662 1250 2728 lex
1267 2683 1298 2744 ;
1324 2674 1387 2729 et
1419 2676 1752 2732 statutum
1788 2667 1895 2734 vel
1927 2665 2318 2742 consuetudo
2341 2666 2484 2755 ipsa
2519 2687 2666 2733 eam

394 2770 654 2850 tribuit,
684 2769 955 2858 favente
989 2766 1189 2834 tacito
1226 2767 1528 2857 ipsorum
1557 2772 1965 2861 Pontificum
2005 2794 2307 2841 consensu
2347 2771 2440 2860 (ut
2483 2770 2670 2838 colli·

389 2878 578 2968 qitur
605 2898 687 2943 ex
717 2873 933 2963 capite
960 2873 1132 2940 Cum
1162 2896 1415 2958 omnes,
1448 2878 1546 2943 De
1586 2890 1827 2961 const.‚
1856 2892 1918 2946 et
1948 2881 2166 2971 capite
2193 2878 2385 2946 unico
2408 2878 2505 2946 Ne
2532 2878 2670 2945 sede

389 2989 654 3050 vacante
678 2981 748 3047 in
774 2981 940 3066 6...;
987 2993 1051 3047 et
1088 2980 1244 3048 bene
1282 2980 1545 3072 disserit
1585 2986 1996 3070 Suarez,-De
2024 2986 2305 3077 leqibus,
2336 2988 2381 3054 l.
2420 2988 2489 3068 4,
2517 3008 2570 3053 c.
2600 2984 2664 3063 6,

390 3109 460 3155 n.
496 3090 567 3155 11
609 3093 673 3155 et
702 3085 835 3175 12).
877 3085 1113 3153 Clerici
1138 3099 1365 3154 autem
1394 3102 1456 3156 et
1487 3090 1863 3180 beneficiati
1880 3115 2014 3161 non
2052 3105 2210 3169 sunt
2237 3091 2317 3161 de
2348 3089 2663 3183 capitulo,

389 3218 504 3262 nec
520 3195 641 3261 sub
666 3191 947 3283 capituli
965 3194 1416 3283 appellatione
1445 3197 2110 3287 comprehenduntur.
2128 3251 2142 3266 .
2157 3250 2170 3265 .
2186 3220 2217 3283 ,⁰
2245 3210 2667 3290 etpropterea

388 3299 482 3366 ad
503 3300 677 3389 ipsos
709 3299 1125 3387 beneficiatos
1149 3300 1271 3389 jus
1307 3302 1651 3372 statuendi
1687 3316 1984 3393 spectare
2010 3305 2405 3373 nullatenus
2424 3314 2658 3395 potest.

392 3404 595 3494 (Rota,
624 3401 801 3494 perte
832 3404 896 3487 7,
931 3404 1167 3476 decisio
1197 3404 1310 3491 76,
1345 3405 1385 3473 3
1419 3406 1786 3476 decembris
1820 3409 2015 3495 1635,
2047 3401 2318 3501 recenti)

477 3511 701 3598 Neque
726 3507 900 3574 enim
926 3506 1205 3574 dubium
1236 3520 1356 3586 est,
1390 3509 1554 3599 quin
1582 3533 1660 3578 ea
1689 3514 2112 3598 auctoritate,
2147 3538 2278 3604 qua
2299 3513 2595 3583 canonici
2607 3526 2663 3579 et

385 3615 765 3707 capitulum
793 3612 1024 3680 valent
1056 3613 1326 3681 condere
1352 3625 1616 3682 statuta
1639 3617 1710 3683 in
1735 3617 2101 3688 utilitatem
2133 3643 2211 3702 ac
2238 3620 2664 3710 honorificen-

386 3723 550 3789 tiam
576 3719 881 3801 ecclesiae,
904 3720 1289 3809 praesertim
1315 3734 1649 3789 annuente
1693 3723 2051 3814 Episcopo,
2079 3725 2309 3796 eadem
2339 3736 2665 3817 potestate

384 3829 652 3894 valeant
675 3827 1048 3916 antiquiori
1076 3826 1414 3917 deroqare.
1464 3828 1671 3918 (Rota,
1708 3836 1887 3919 parte
1921 3831 2027 3917 17,
2062 3833 2260 3901 deciS.
2301 3833 2414 3915 37,
2451 3853 2512 3898 n.
2552 3831 2664 3912 11,

408 3932 775 4019 30januarii
818 3932 1017 4014 1671,
1052 3930 1321 4022 recent.)
1910 3999 1911 4006 χ

467 4037 599 4101 In
573 4039 654 4103 iis
684 4060 829 4126 quoe
851 4048 1246 4105 concernunt
1271 4038 1711 4106 mutationem
1739 4062 1852 4108 seu
1879 4042 2380 4111 innovationem
2409 4040 2675 4130 antiqui

378 4153 591 4211 status
620 4155 682 4208 et
715 4155 1127 4212 statutorum
1175 4144 1479 4229 ecclesioe,
1530 4148 1885 4216 necessario
1927 4150 2293 4238 requiritur
2325 4170 2671 4219 consensus

379 4249 715 4343 Episcopi,
747 4270 875 4338 quo
927 4251 1198 4336 secluso,
1245 4265 1544 4321 remanet
1585 4253 2037 4346 quodcumque
2071 4268 2405 4325 statutum
2454 4255 2670 4324 etiam

376 4354 842 4445 capitulariter
888 4366 1147 4442 qestum
1192 4356 1438 4446 absque
1481 4358 1732 4427 robore.
1783 4360 1990 4451 (Rota,
2032 4361 2097 4429 in
2139 4384 2331 4433 causa
2376 4358 2671 4432 113115ὃο-
