2930 4982
390 326 515 394 552,
1358 336 1702 387 ‘suenrus

388 456 767 548 capitular13
803 477 877 523 ex
917 476 1050 544 quo
1096 456 1489 545 sequebatur
1536 457 1898 547 capitulum
1935 458 2151 525 adhuc
2198 481 2535 527 remanere
2564 484 2674 527 ve·

386 585 538 632 rum
570 562 888 630 vicarium
933 562 1239 651 Episcopi
1281 562 1600 646 defuncti,
1632 571 1696 630 et
1733 564 2051 631 vicarium
2081 565 2500 654 capitularem
2544 589 2677 633 non

383 691 515 737 esse
552 669 677 736 nisi
704 668 1057 757 quemdam
1089 669 1456 757 delegatum
1498 669 1791 759 capituli.
1836 669 1930 736 Ex
1957 692 2090 759 quo
2114 677 2331 738 autem
2363 673 2431 738 id
2459 672 2683 740 subla·

384 785 525 844 tum
552 782 649 844 est
664 774 1040 843 auctoritate
1057 782 1122 843 et
1139 775 1684 844 declarationibus
1714 777 2180 844 recentioribus
2205 776 2681 867 Congregatio-

388 902 551 948 num
571 878 1018 948 Romanarum
1044 887 1108 948 et
1130 879 1379 950 Sanctae
1403 879 1584 949 Sedis
1604 882 1813 971 praxi,
1823 882 1967 970 jam
1994 880 2500 971 derelinquenda
2527 892 2685 953 sunt

384 1008 530 1076 quae
572 987 643 1053 in
662 1006 926 1054 sensum
950 987 1318 1077 oppositum
1347 987 1416 1054 in
1445 987 1733 1077 antiquis
1759 988 2133 1055 auctoribus
2158 995 2538 1058 occurrunt.

475 1092 583 1162 tu.
628 1091 1140 1162 Consectarium.
1175 1131 1263 1145 —
1291 1091 1591 1161 Vicarius
1620 1093 1992 1184 capitularis
2023 1115 2153 1162 non
2192 1100 2451 1162 tenetur
2476 1096 2680 1164 ratio-

387 1219 539 1267 nem
589 1220 725 1266 suae
789 1200 1371 1268 administrationis
1440 1200 1710 1267 reddere
1762 1199 2069 1290 capitulo.
2122 1238 2215 1252 —
2272 1200 2443 1269 Illud
2501 1205 2679 1271 enim

392 1307 637 1393 exigere
665 1310 921 1376 tantum
957 1313 1165 1397 posset
1199 1307 1565 1397 capitulum
1596 1308 1658 1373 vi
1683 1306 1964 1397 alicujus
1983 1306 2456 1397 jurisdictionis
2505 1312 2680 1401 epis-

387 1413 630 1501 copalis
665 1433 865 1501 quam
892 1412 1283 1480 retinuisset.
1318 1411 1440 1481 Sed
1473 1412 1728 1480 nullam
1770 1413 1971 1502 hujus
1981 1413 2455 1502 jurisdictionis
2486 1417 2682 1506 parti-

388 1518 610 1585 culam
633 1518 749 1585 reti
760 1519 902 1585 nuit
925 1546 942 1605 ;
968 1540 1127 1607 ergo
1153 1519 1414 1586 nullum
1443 1521 1558 1608 jus
1581 1518 1775 1586 habet
1799 1519 2100 1608 exigendi
2125 1520 2249 1587 sibi
2272 1522 2457 1589 reddi
2488 1525 2683 1591 ratio-

385 1645 537 1690 nem
604 1646 645 1690 a
695 1625 1034 1714 capitulari
1090 1625 1356 1693 vicario.
1418 1625 1514 1693 De
1582 1625 2074 1694 auctoritatibus
2123 1623 2346 1695 autem
2399 1651 2538 1717 quae
2599 1631 2670 1696 in

384 1730 782 1798 contrarium
829 1730 1045 1799 afferri
1097 1736 1392 1821 possunt,
1436 1731 1612 1799 idem
1665 1733 2021 1801 dicendum
2063 1753 2138 1801 ac
2175 1733 2247 1801 in
2287 1734 2677 1815 consectario

385 1835 790 1926 proecedenti.

474 1943 587 2012 lV.
637 1942 1149 2013 Consectarium.
1193 1982 1284 1997 —
1321 1944 1468 2014 Non
1517 1952 1722 2037 potest
1765 1908 2127 2037 capitulum
2172 1969 2567 2038 cognoscere
2605 1949 2681 2016 de

385 2050 773 2118 criminibus
813 2051 1056 2138 quibus
1102 2057 1517 2120 accusaretur
1564 2053 1848 2121 vicarius
1892 2054 2308 2143 capitulariS,
2365 2077 2492 2122 nec
2534 2076 2677 2123 eum

377 2156 673 2243 judicare
697 2155 1021 2223 autetiam
1045 2131 1407 2244 syndicare.
1437 2195 1531 2209 —
1560 2156 1834 2248 Semper
1853 2180 1929 2226 ex
1948 2159 2169 2226 eadem
2197 2160 2476 2243 ratione,
2514 2159 2678 2250 quod

384 2264 511 2325 tota
531 2261 901 2348 jurisdictio
937 2263 1322 2352 episcopalis
1366 2285 1570 2352 quam
1619 2263 1896 2331 habebat
1936 2266 2353 2355 capitulum
2335 2288 2408 2332 in
2445 2268 2680 2358 capitu-

384 2364 585 2433 larem
616 2367 936 2434 vicarium
960 2367 1289 2435 transierit
1316 2392 1334 2451 ;
1380 2374 1442 2435 et
1474 2391 1687 2458 neque
1712 2370 1822 2437 hic
1858 2370 2068 2438 obstat
2093 2372 2514 2460 antiquorum
2540 2373 2682 2441 doc-

387 2479 603 2539 torum
621 2482 683 2539 et
705 2474 1127 2562 antiquarum
1152 2475 1559 2544 decisionum
1584 2477 1951 2546 auctoritas,
1968 2476 2181 2546 Potest
2210 2484 2425 2546 tamen
2455 2502 2681 2568 quem-

386 2577 743 2661 admodum
807 2581 1206 2673 Episcopum
1235 2636 1252 2668 ,
1310 2586 1397 2650 ita
1449 2606 1488 2650 a
1546 2583 1793 2651 fortiori
1853 2585 2177 2652 vicarium
2252 2585 2671 2674 capitularem

387 2703 674 2766 monere,
707 2683 761 2750 si
788 2706 952 2774 opus
979 2688 1084 2769 sit,
1118 2691 1194 2753 ut
1220 2686 1516 2772 resideat,
1550 2694 1613 2755 et
1640 2688 1722 2755 ad
1754 2688 2128 2774 legitimum
2156 2688 2431 2756 tribunal
2461 2695 2672 2756 trans-

389 2790 642 2857 mittere
664 2789 742 2857 de
767 2792 1156 2860 criminibus
1185 2792 1311 2882 ipsi
1334 2794 1604 2883 objectis
1636 2794 1958 2861 notitiam.

480 2894 561 2963 V.
595 2895 1103 2966 Consectarium.
1134 2900 1320 2966 —In
1337 2900 1521 2967 nullo
1553 2921 1704 2968 casu
1724 2900 2006 2967 vicarius
2031 2901 2407 2990 capitularis
2434 2901 2678 2990 indiget

393 3003 695 3069 mandato
726 3006 987 3094 speciali
1035 3006 1326 3095 capituli.
1361 3044 1452 3056 —-
1482 3005 1666 3074 Sicut
1691 3006 1975 3074 vicarius
2001 3006 2332 3098 Episcopi,
2377 3008 2528 3075 licet
2558 3010 2674 3097 ju-

392 3107 832 3176 risdictionem
875 3111 1271 3178 ordinariam
1320 3132 1644 3194 exercenS,
1690 3114 1760 3179 in
1791 3112 2184 3200 quibusdam
2214 3112 2469 3201 indiget
2500 3133 2671 3178 man-

398 3214 543 3281 dato
562 3217 819 3305 speciali
841 3219 942 3284 sui
963 3216 1286 3300 PraesuliS,
1308 3218 1451 3306 pari
1475 3219 1668 3285 modo
1683 3219 2006 3286 vicarium
2023 3219 2447 3308 capitularem
2461 3218 2674 3287 eadem

402 3341 525 3383 non
554 3341 736 3408 posse
760 3343 948 3408 agere
975 3323 1102 3390 nisi
1134 3321 1408 3412 speciale
1436 3323 1821 3390 mandatum
1852 3346 1890 3391 a
1914 3324 2196 3415 capitulo
2224 3326 2521 3414 recipiat,
2549 3345 2677 3392 sus-

398 3423 684 3489 tinebant
738 3425 895 3490 olim
934 3433 1227 3492 auctores
1276 3427 1494 3494 multi.
1544 3426 1669 3494 Sed
1723 3428 1834 3495 illa
1881 3430 2102 3520 opinio
2143 3431 2476 3498 nitebatur
2520 3451 2676 3520 saepe

392 3531 562 3598 dicto
602 3528 949 3619 principio,
982 3529 1346 3619 capitulum
1374 3552 1510 3598 non
1539 3535 1994 3613 transfundere
2024 3542 2223 3605 totam
2259 3559 2451 3604 suam
2488 3537 2676 3626 juris-

393 3641 736 3708 dictionem
766 3639 837 3706 in
865 3638 1186 3706 vicarium
1215 3639 1663 3728 capitularem.
1697 3640 1887 3722 Quod
1930 3644 2336 3734 principium
2366 3666 2521 3712 cum
2545 3648 2673 3734 jam

395 3749 477 3814 sit
524 3746 1129 3832 derelinquendum,
1169 3752 1232 3812 et
1270 3753 1523 3813 certum
1561 3749 1852 3832 evaserit,
1901 3751 2152 3817 nullam
2197 3756 2452 3841 partem
2486 3751 2678 3839 juris·

396 3852 695 3926 dictionis
738 3852 1137 3943 Episcopalis
1185 3853 1397 3942 quoad
1443 3854 1824 3922 exercitium
1870 3877 2205 3924 remanere
2251 3857 2320 3922 iu
2373 3855 2672 3947 capitulo,

396 3959 688 4041 sequitur
715 3958 1116 4026 nec-admitti
1140 3957 1371 4025 debere
1404 3957 1476 4024 in
1504 3959 1642 4026 ullo
1671 3981 1825 4028 casu
1862 3962 2305 4028 necessitatem
2340 3961 2676 4030 obtinendi

396 4082 433 4125 a
467 4062 748 4148 capitulo
777 4063 1065 4152 praedicti
1090 4063 1376 4131 mandati
1422 4063 1738 4154 specialis.
1775 4065 2012 4135 Totum
2060 4068 2301 4135 scilicet
2336 4070 2514 4157 quod
2560 4090 2676 4159 po-

396 4169 556 4233 terat
594 4166 839 4232 tradere
868 4169 1254 4256 capitulum,
1304 4169 1569 4237 tradidit
1606 4170 1744 4260 ipso
1783 4178 1929 4240 actu
1970 4173 2322 4265 deputandi
2351 4175 2674 4243 vicarium

395 4267 834 4360 capitularem.

483 4373 593 4442 Vl.
629 4371 1134 4442 Consectarium.
1169 4415 1257 4430 —-
1285 4379 1429 4449 Non
1471 4387 1673 4470 potest
1714 4384 2500 4474 capitulumconstituere
2538 4386 2672 4456 offi-
