2930 4982
415 420 436 471 1
459 417 536 473 16
1377 420 1717 469 ΤΒΑΕΤΑΤῧδ

1339 673 1624 738 CAPUT
1679 675 1768 734 XI

933 857 1010 902 DE
1052 855 1393 911 Pulmcssmo
1407 889 1421 917 ,
1464 856 1746 903 SACRISTA
1789 856 1867 901 ΕΤ
1909 856 2166 904 CUSTODE

498 1074 533 1113 «
569 1043 990 1135 Primicerius
1045 1044 1137 1112 sic
1171 1044 1385 1111 dictus
1430 1043 1513 1111 ab
1558 1044 1787 1112 ordine
1830 1064 1991 1113 cerae
2032 1043 2151 1135 (1),
2192 1065 2322 1134 quo
2375 1043 2695 1112 nimirum

376 1138 379 1143 ’
415 1181 447 1219 «
476 1154 728 1247 primus
750 1149 1109 1239 descriptus
1129 1147 1313 1215 estin
1341 1148 1626 1239 catalogo
1654 1171 1766 1217 seu
1783 1147 2021 1217 tabulis
2047 1150 2298 1217 ceratis,
2335 1148 2409 1216 ln
2435 1171 2693 1238 genere,

413 1288 446 1325 «
471 1256 883 1350 primicerius
924 1254 1034 1322 ille
1060 1259 1327 1323 vocatur
1355 1255 1566 1344 quiin
1597 1255 1937 1345 quibusvis
1965 1255 2196 1323 officiis
2221 1277 2367 1345 quae
2395 1255 2696 1347 pluribus

416 1394 449 1431 «
476 1364 1051 1434 communicantur
1089 1361 1380 1454 primum
1434 1361 1657 1429 locum
1699 1367 1895 1430 tenet.
1931 1360 2205 1430 Sanctus
2251 1361 2616 1455 Stephanus
2659 1384 2697 1431 a

409 1500 442 1537 «
468 1473 616 1542 divo
638 1470 1004 1558 Augustino
1032 1473 1297 1535 vocatur
1309 1468 1742 1557 primicerius
1765 1481 2163 1559 martyrum.
2199 1467 2348 1535 Pari
2392 1470 2587 1536 modo
2621 1471 2691 1537 in

411 1605 445 1644 «
473 1578 700 1647 ordine
723 1575 1045 1643 secundus
1075 1574 1317 1641 dicitur
1343 1573 1829 1643 secundicerius
1854 1575 1975 1668 (uti
1999 1574 2353 1664 Gregorius
2388 1573 2688 1664 Magum,

363 1718 370 1724 ·
412 1710 447 1749 «
475 1685 523 1752 l.
558 1705 647 1766 v1,
680 1682 865 1772 epist.
894 1677 1006 1770 29)
1044 1702 1061 1746 z
1091 1679 1349 1765 tertius,
1377 1680 1804 1762 tertiocerius,
1838 1686 1959 1749 etc.

503 1787 845 1856 «Nomine
883 1784 1241 1876 primicerii
1271 1785 1625 1854 hodiedum
1669 1786 1801 1855 fere
1823 1786 2001 1855 venit
2023 1787 2140 1877 qui
2168 1787 2367 1855 choro
2403 1787 2694 1878 psallen-

414 1923 446 1960 «
474 1896 641 1963 tium
684 1899 747 1961 et
787 1892 1022 1960 scholae
1060 1897 1403 1960 cantorum
1434 1899 1685 1984 praeest.
1731 1892 2033 1983 Soletque
2059 1893 2274 1960 vocari
2321 1898 2543 1960 cantor
2579 1914 2695 1961 seu

414 2028 446 2065 «
468 2010 837 2090 praecentor
866 1996 1050 2088 (dum
1089 1998 1204 2086 qui
1256 1999 1398 2088 ejus
1421 2000 1595 2066 vices
1623 2000 1810 2089 gerit,
1847 2004 2116 2068 vocatur
2137 1996 2495 2085 succentor)
2529 2024 2547 2084 ;
2592 1997 2696 2064 vel

414 2135 444 2170 «
474 2108 666 2177 etiam
687 2107 757 2173 in
783 2105 1106 2194 aliquibus
1130 2105 1410 2173 ecclesiis
1435 2105 1887 2192 scholasticam.

503 2240 536 2277 «
559 2212 861 2282 Officium
885 2210 1065 2277 illius
1089 2215 1182 2277 est
1200 2209 1415 2301 (prout
1435 2212 1830 2280 describitur
1867 2235 2012 2280 can.
2038 2211 2381 2298 Perlectis,
2399 2212 2541 2280 dist.
2572 2210 2692 2298 25,

413 2347 446 2383 «
477 2325 539 2385 et
571 2339 711 2407 cap.
746 2317 972 2402 unic0,
1000 2319 1096 2382 De
1124 2316 1349 2406 officio
1367 2317 1766 2409 primicerii)
1799 2319 2102 2387 diaconos
2126 2322 2187 2386 et
2223 2324 2478 2386 caeteros
2499 2315 2698 2383 cleri-

413 2451 447 2487 «
481 2445 588 2493 cos
617 2422 695 2490 ad
727 2423 1004 2490 chorum
1033 2423 1367 2513 deputatos
1395 2425 1927 2493 doceremodum
1958 2430 2020 2491 et
2047 2423 2342 2491 ordinem
2374 2422 2700 2513 psallendi

415 2556 448 2594 «
482 2531 552 2597 in
598 2529 794 2597 choro
841 2550 957 2619 pro
1002 2530 1305 2597 varietate
1346 2535 1409 2597 et
1455 2531 1856 2599 solemnitate
1883 2536 2302 2620 temporum3
2356 2527 2699 2617 lectioneS‚

413 2663 446 2700 «
476 2636 902 2725 responsoria,
928 2634 1183 2724 aliaque
1214 2635 1595 2724 hujusmodi
1621 2638 1948 2725 assignare
1977 2642 2039 2702 et
2063 2632 2477 2718 distribuere,
2505 2653 2583 2701 ac
2609 2635 2702 2704 ita

412 2767 445 2804 «
501 2742 699 2808 choro
727 2761 1014 2830 praeesse.
1045 2739 1354 2821 Quamvis
1381 2743 1523 2810 haec
1551 2744 1618 2809 in
1645 2742 1968 2833 plerisque
1995 2739 2279 2807 ecclesiis
2309 2739 2702 2808 cathedrali-

413 2874 446 2911 «
473 2846 620 2929 bus,
645 2846 967 2935 praecipue
986 2843 1376 2933 Germaniae,
1398 2846 1761 2914 succentori
1783 2846 2236 2933 relinquantur
2262 2870 2280 2931 3
2305 2845 2469 2934 quin
2494 2845 2698 2914 etiam

411 2978 445 3015 «
476 2975 594 3041 pro
621 2952 980 3020 diversitate
1003 2953 1422 3021 ecclesiarum
1467 2953 1634 3021 etde
1654 2957 1805 3043 jure
1830 2952 2119 3044 speciali,
2153 2952 2293 3041 ejus
2338 2956 2610 3041 potestas
2635 2960 2702 3021 et

415 3085 448 3122 «
475 3060 818 3127 auctoritas
863 3059 943 3125 sit
978 3059 1165 3147 longe
1208 3061 1485 3140 diversa,
1527 3061 1735 3150 major
1762 3065 1876 3127 aut
1908 3060 2147 3127 minor.
2198 3056 2292 3124 De
2320 3064 2565 3142 caeter0,
2610 3058 2699 3125 li-

401 3190 433 3227 «
470 3173 568 3235 cet
589 3166 949 3254 pertineant
976 3167 1058 3233 ad
1084 3188 1241 3233 eum
1276 3169 1594 3257 acolythi,
1635 3168 1988 3257 psalmistae
2009 3172 2071 3233 et
2087 3167 2383 3241 lectoreS‚
2429 3164 2698 3231 incum-

413 3271 705 3359 «batque
756 3274 815 3338 ei
846 3293 1025 3349 cura,
1085 3278 1157 3339 ut
1201 3272 1411 3361 quoad
1445 3273 1724 3340 chorum
1759 3273 2180 3362 potissimum
2222 3272 2392 3337 inter
2420 3268 2697 3337 clericos

414 3405 447 3442 «
475 3398 607 3445 suae
629 3398 802 3444 curae
839 3379 1217 3445 commissos
1242 3379 1618 3446 observetur
1646 3377 2012 3467 disciplina,
2045 3400 2201 3446 cum
2239 3383 2453 3444 tamen
2481 3374 2547 3441 id
2590 3376 2694 3466 ip-

412 3509 445 3546 «
477 3504 623 3550 sum
668 3503 802 3549 non
862 3482 986 3549 nisi
1029 3482 1408 3567 directione,
1464 3484 1825 3551 monitione
1869 3490 1930 3551 et
1978 3484 2373 3552 correctione
2416 3480 2692 3549 omnino

414 3619 445 3657 «
482 3586 944 3678 extrajudiciali
979 3587 1241 3671 efficiat,
1279 3589 1367 3655 ita
1411 3595 1487 3656 ut
1532 3588 1814 3656 defectus
1849 3589 1918 3656 in
1949 3589 2052 3657 his
2099 3590 2478 3657 commissos
2524 3607 2692 3675 quos

411 3726 446 3764 «
475 3700 564 3765 ita
597 3695 938 3764 emendare
960 3694 1213 3782 nequit,
1242 3694 1322 3760 ad
1350 3693 1748 3787 Episcopum
1792 3697 2122 3764 autetiam
2153 3696 2232 3763 ad
2280 3692 2690 3763 archidiaco-

411 3829 444 3865 «
479 3823 645 3867 num
666 3801 913 3867 deferre
942 3798 1167 3867 debeat
1195 3801 1758 3889 3jurisdictionem
1792 3802 2072 3891 proprie,
2103 3807 2214 3869 aut
2237 3802 2432 3868 etiam
2458 3820 2690 3867 curam

407 3934 439 3972 ι(
466 3908 865 3992 animarum,
891 3912 1210 3994 quantum
1225 3911 1318 3972 est
1339 3908 1416 3973 de
1446 3930 1513 3974 se
1531 3928 1645 3974 seu
1665 3910 1819 3997 jure
1843 3908 2206 3991 communi,
2234 3929 2368 3975 non
2397 3906 2616 3973 habet.
2647 3931 2686 3971 n

398 4010 805 4097 (Leurenius,
849 4012 1096 4077 Forum
1145 4007 1330 4093 eccl.,
1362 4016 1587 4099 quaest.
1634 4011 1766 4079 664
1798 4017 1862 4080 et
1905 4011 2089 4105 665.)
2120 4012 2384 4081 Certum
2415 4016 2510 4079 est
2537 4011 2692 4101 pri-

396 4117 804 4183 miceriatum
858 4136 969 4181 seu
1015 4114 1370 4183 cantoriam
1413 4137 1547 4183 non
1597 4138 1731 4185 esse
1773 4118 2156 4207 dignitatem
2202 4118 2281 4185 de
2316 4119 2466 4207 jure
2504 4137 2692 4185 com-

396 4220 609 4306 muni,
641 4217 751 4285 sed
774 4223 979 4308 potest
1004 4240 1139 4287 esse
1166 4219 1446 4309 dignitas
1479 4242 1553 4289 ex
1585 4227 1820 4290 statuto
1838 4222 1933 4290 vel
1962 4223 2445 4291 consuetudine.

451 4405 511 4465 (ι)
549 4400 760 4451 Videtur
779 4402 948 4463 potius
968 4401 1263 4464 primicerii
1283 4404 1585 4456 vocabulum
1605 4404 1729 4455 nihil
1750 4405 1887 4457 aliud
1909 4418 2017 4457 esse
2041 4419 2195 4470 quam
2216 4410 2324 4472 ipsa
2340 4420 2438 4459 vox
2451 4407 2690 4472 primus,

389 4491 482 4526 usu
510 4478 798 4529 introducta
825 4490 956 4528 nova
985 4478 1284 4532 desinentia.
