2930 4982
1214 347 1292 393 οε
1340 345 1665 393 cunnus.
2463 342 2586 399 413

313 466 541 536 «idem
565 466 963 558 praetendere
992 471 1064 534 ut
1084 466 1444 556 capitulum
1474 466 1599 556 ipsi
1627 465 1901 533 declaret
1930 466 2010 535 de
2038 467 2282 557 quibus
2312 473 2588 560 negotiis

311 594 342 634 α
369 572 693 660 agendum
725 573 808 641 sit
839 572 1142 662 (Barbosa
1170 577 1232 639 et
1254 570 1677 661 Pignatellus,
1707 572 1866 640 locis
1895 573 2150 665 citatis).

393 701 427 741 «
460 676 805 763 Caeterum,
883 701 1018 748 non
1104 677 1515 747 obstantibus
1584 677 1931 766 praedictis,
2013 701 2141 748 non
2194 682 2583 772 prohibetur

306 784 720 879 «Episcopus
750 810 827 854 ex
852 788 1069 877 aliqua
1112 788 1293 876 gravi
1318 791 1380 853 et
1407 784 1787 854 rationabili
1816 806 2007 853 causa
2028 787 2376 876 aliquando
2425 812 2580 859 sus-

307 915 336 955 «
368 893 645 982 pendere
713 893 816 959 vel
875 892 1221 984 prohibere
1274 891 1807 960 convocationem
1856 892 2127 982 capituli
2186 892 2578 984 (Pignatelli,

301 1000 642 1067 «consult.
683 998 838 1081 156,
873 1020 942 1065 n.
1001 998 1071 1084 6,
1117 1006 1166 1065 t.
1215 996 1332 1065 IV.
1374 1034 1467 1048 -
1508 996 1577 1065 S.
1612 996 2046 1087 Congregatio
2083 996 2576 1092 Episcoporum,

302 1102 431 1170 «in
469 1103 845 1192 Rhegiensi,
889 1104 931 1169 4
956 1102 1133 1191 junii
1175 1102 1371 1171 1704.
1405 1140 1492 1153 -
1521 1101 1715 1170 Sacra
1738 1100 2169 1191 Congregatio
2194 1106 2487 1192 concilii,
2514 1110 2582 1176 in

233 1272 242 1279 ,
299 1234 333 1273 «
361 1208 746 1294 Lauretana‚
806 1210 847 1277 6
912 1209 1219 1278 februarii
1278 1208 1477 1277 1700.
1534 1245 1626 1260 --
1671 1206 2012 1277 Monacelli
2077 1209 2149 1276 in
2196 1212 2576 1281 Fomnular.

300 1340 333 1379 «
361 1317 581 1384 eccles.
596 1370 613 1403 ,
649 1318 836 1385 form.
869 1317 935 1402 4,
968 1316 1064 1384 tit'.
1096 1317 1166 1403 2,
1200 1339 1267 1383 n.
1305 1315 1418 1402 25,
1451 1320 1497 1382 t.
1527 1314 1605 1405 1).
1660 1340 1694 1378 ))

373 1419 485 1490 IV.
530 1422 920 1491 Auctoritati
972 1422 1184 1491 Sacrae
1240 1421 1779 1510 Congregationis
1820 1421 2086 1490 concilii
2145 1421 2371 1491 multae
2430 1424 2578 1492 addi

271 1514 536 1616 ‘possent
588 1529 930 1597 doctorum
987 1529 1344 1607 citationeS,
1399 1525 1509 1595 sed
1567 1548 2061 1618 supervacaneae
2117 1534 2354 1615 essent,
2422 1552 2575 1598 cum

285 1635 447 1702 inter
470 1636 578 1703 eos
600 1636 800 1703 etiam
820 1635 1229 1724 reperiantur
1257 1633 1374 1722 qui
1395 1632 1800 1701 contrarium
1835 1655 1988 1701 cum
2014 1633 2170 1702 Rota
2197 1639 2569 1704 tenuerunt.

281 1739 744 1831 Ceccoperium
777 1746 1030 1808 tantum
1056 1739 1473 1829 subjicimus.

373 1846 720 1916 «Potestas
757 1869 887 1915 non
933 1851 1028 1914 est
1068 1845 1386 1936 Episcopo
1414 1845 1804 1935 prohibendi
1836 1845 2192 1928 canonicis,
2240 1847 2404 1936 quin
2438 1867 2574 1915 sese

289 1951 779 2043 «capitulariter
802 1956 1224 2039 congregent,
1247 1958 1494 2017 servata
1526 1950 1738 2018 debita
1759 1951 1967 2018 forma
1993 1975 2010 2034 3
2047 1960 2168 2019 nec
2187 1953 2463 2039 cogendi
2488 1952 2571 2020 ad

289 2083 323 2123 «
350 2060 409 2125 ei
450 2057 874 2126 revelandum
932 2078 1078 2146 quae
1126 2056 1219 2123 ibi
1254 2055 1457 2122 velint
1504 2054 1877 2123 resolvenda
1925 2078 2310 2146 proponere.
2352 2055 2573 2147 (Sacra

288 2188 322 2226 «
348 2162 772 2250 Congregatio
818 2162 993 2253 apud
1061 2160 1440 2245 Barbosam,
1511 2159 1766 2227 collect.
1830 2160 1983 2243 126,
2044 2183 2111 2228 n.
2191 2161 2289 2251 3.)
2345 2162 2574 2251 Neque

299 2272 663 2333 «tenentur
716 2267 1014 2335 canonici
1063 2267 1135 2333 in
1182 2265 1459 2354 negotiis
1498 2265 1970 2355 capitularibus
2021 2265 2361 2334 admittere
2409 2266 2573 2358 Epi-

286 2398 318 2438 «
343 2394 617 2462 scopum
639 2374 1005 2464 incapitulo
1024 2372 1229 2461 (Rota,
1254 2377 1419 2462 part.
1447 2362 1825 2458 vu,recent.
1858 2372 2100 2441 decisio
2129 2372 2279 2453 112,
2312 2394 2378 2441 n.
2409 2372 2502 2463 9).
2529 2396 2565 2437 n

278 2476 747 2570 (CeccoperiuS,
779 2480 828 2548 l.
860 2477 974 2562 lV,
1011 2480 1109 2547 tit.
1143 2501 1188 2561 1,
1221 2477 1462 2566 n.‚52).

1366 2755 1483 2833 §2

281 2924 495 2969 πωροι
533 2925 601 2963 uE
639 2925 804 2963 (muno
841 2925 1210 2965 REGULARITER
1239 2926 1352 2964 non
1384 2926 1599 2965 HABENT
1636 2927 1727 2966 ms
1764 2926 1891 2966 sl-:sss
1930 2927 2337 2968 conensseanm·
2359 2929 2561 2976 Amore

1161 3021 1410 3059 nemra
1427 3013 1682 3061 'Emscom

370 3198 569 3268 «Soli
601 3198 920 3268 canonici
966 3198 1371 3268 constituunt
1415 3197 1861 3289 capitulum...
1936 3197 2330 3288 Hujusmodi
2388 3201 2561 3291 capi-

285 3334 315 3371 «
344 3308 559 3375 tulum
580 3328 714 3373 non
752 3311 1024 3396 possunt
1045 3305 1439 3374 constituere
1484 3305 1779 3395 parochi,
1801 3327 1920 3374 nec
1958 3306 2560 3397 capellani,aliique

282 3413 671 3504 «simplices
708 3411 1360 3502 presbyteri...·Ratio
1407 3416 1503 3479 est
1542 3412 1706 3500 -quia
1755 3412 1825 3479 hi
1879 3433 2010 3481 non
2044 3411 2294 3481 faciunt
2345 3411 2565 3481 unum

280 3545 311 3584 «
340 3540 602 3611 corpus,
637 3525 711 3586 ut
739 3519 1064 3603 canonici,
1091 3519 1202 3586 sed
1238 3519 1308 3585 in
1342 3517 1631 3586 ecclesiis
1662 3517 2155 3587 considerantur
2181 3526 2258 3587 ut
2284 3517 2546 3606 singuli.

276 3653 310 3691 «
339 3626 517 3695 Ratio
545 3624 824 3693 rationis
846 3631 963 3706 est,
996 3625 1154 3712 quia
1195 3633 1533 3713 nequeunt
1579 3624 1705 3692 sibi
1744 3630 1936 3715 caput
1962 3625 2299 3696 efficere...
2332 3622 2557 3709 Neque

279 3760 310 3797 «
338 3737 611 3823 possunt
644 3730 844 3797 libere
890 3750 1025 3800 sese
1067 3751 1484 3820 congregare,
1517 3730 1626 3797 sed
1654 3732 1919 3819 quando
1958 3733 2246 3800 occurrit
2272 3726 2337 3794 id
2368 3747 2556 3815 agere

277 3865 309 3902 «
337 3840 419 3907 ob
436 3859 673 3907 eorum
704 3836 984 3925 negotia,
1013 3839 1315 3903 tenentur
1361 3834 1691 3904 licentiam
1723 3843 1934 3927 petere
1975 3838 2056 3905 ab
2104 3835 2448 3926 Episcopo,
2481 3841 2556 3904 ut

281 3971 311 4009 «
338 3968 466 4014 non
494 3947 755 4032 ignoret
794 3942 953 4031 quid
987 3942 1093 4009 isti
1139 3946 1414 4031 agant...
1468 3941 1702 4011 Iisdem
1733 3944 2033 4035 parochis
2087 3946 2150 4009 et
2206 3940 2555 4030 capellanis

278 4077 307 4115 «
336 4073 466 4128 non
503 4049 809 4120 convenit
852 4069 1201 4116 commune
1240 4049 1561 4137 sigillum,
1596 4054 1792 4141 prout
1838 4048 2145 4137 competit
2181 4048 2546 4138 capitulo...

279 4155 407 4223 «Et
483 4156 643 4246 quia
692 4155 1016 4245 praedictis
1090 4155 1672 4222 considerabilibus
1743 4153 1992 4242 praefati
2050 4153 2131 4222 de
2178 4153 2348 4225 clero
2399 4160 2553 4224 sunt

277 4286 309 4326 α
343 4269 649 4351 experteS,
702 4261 930 4329 merito
961 4260 1392 4351 postponendi
1416 4265 1571 4327 sunt
1605 4257 1954 4327 canonicis.
1984 4283 2018 4325 »
2070 4259 2546 4351 (Ceccoperiuffi

270 4371 433 4460 apud
461 4371 1018 4456 Scarl'antonium,
1044 4375 1092 4437 t.
1124 4369 1172 4451 1,
1206 4392 1269 4458 p.
1298 4368 1412 4446 22,
1448 4367 1601 4434 edit.
1636 4366 1853 4450 Lucre,
1889 4369 2108 4460 1723).
