2930 4982
1166 352 1248 398 nx
1292 352 1616 402 cni-tuus.
2397 353 2520 410 237

252 469 809 560 «appellationem
840 476 994 540 sunt
1014 473 1289 540 omnino
1317 480 1641 543 attentata.
1674 499 1709 541 »
1745 474 1952 567 (Rota,
1983 476 2179 545 decis.
2214 478 2329 566 48,
2355 488 2518 571 part.

245 599 302 660 x,
328 576 600 667 recent.)
2398 580 2403 585 '

327 680 396 748 ln
417 679 742 752 decisione
765 683 922 773 103,
952 691 1133 777 parte
1154 709 1222 774 x,
1255 686 1482 755 eadem
1506 707 1700 756 causa
1730 688 1965 756 iterum
1991 694 2253 759 tractata
2283 692 2431 780 suit,
2460 699 2524 761 et

243 790 549 858 sententia
573 791 954 862 confirmata
982 801 1208 861 contra
1230 792 1629 885 Episcopum
1660 799 1723 862 et
1749 794 2068 864 vicarium
2097 795 2178 864 ab
2198 798 2335 888 ipso
2356 798 2526 867 elec·

241 902 398 961 tum.
451 920 487 960 ε(
518 894 743 976 Quoad
777 897 857 966 D.
891 897 1313 992 Episcopum,
1340 900 1499 968 dum
1547 901 1793 970 vicaria
1820 902 1901 970 de
1920 923 2051 991 qua
2088 903 2301 991 agitur
2342 903 2523 973 unita

247 1026 275 1064 «
312 999 437 1068 fuit
467 1002 819 1073 cathedrali
840 1007 1133 1076 ecclesiae
1155 1005 1464 1088 Reatinae,
1492 1028 1626 1076 non
1642 1012 1779 1075 erat
1805 1008 1991 1077 locus
2018 1012 2391 1097 concursui,
2413 1011 2523 1079 sed

244 1133 275 1173 «
303 1108 619 1178 institutio
646 1110 791 1178 fieri
822 1111 1098 1182 debebat
1120 1113 1199 1181 ad
1221 1112 1599 1181 electionem
1630 1118 1693 1181 et
1718 1113 2234 1182 nominationem
2264 1115 2526 1206 capituli

244 1240 277 1279 «
305 1220 368 1283 et
397 1218 899 1302 canonicorum,
925 1241 1079 1287 cum
1099 1217 1562 1309 approbatione
1582 1217 1934 1287 Ordinarii.
1956 1218 2258 1309 Ideoque,
2282 1219 2529 1289 indicto

246 1348 278 1386 «
305 1342 653 1408 concursu,
702 1325 891 1394 licuit
915 1326 1047 1394 illis
1084 1325 1405 1417 appellare
1441 1324 1539 1417 (ut
1586 1347 1976 1417 responsum
2024 1326 2150 1394 fuit
2177 1327 2246 1393 in
2270 1325 2525 1395 Gerun-

246 1453 276 1492 «
301 1429 558 1498 dinensi
586 1429 625 1498 3
648 1432 826 1521 junii
858 1432 1084 1524 1645),
1132 1439 1196 1500 et
1226 1438 1697 1523 consequenter
1732 1439 1870 1501 tam
1906 1435 2046 1524 ipsa
2076 1432 2298 1501 electio
2326 1454 2524 1523 quam

244 1539 527 1606 «omnia
568 1544 743 1627 gesta
777 1544 921 1630 post
948 1539 1400 1631 interpositam
1424 1539 1918 1631 appellationem
1955 1544 2109 1608 sunt
2130 1540 2408 1608 omnino
2431 1545 2528 1608 at·

247 1670 277 1710 «
301 1649 562 1713 tentata.
592 1669 634 1710 >>
846 1724 849 1728 Α

322 1751 387 1818 5⁰
415 1750 737 1820 Probatur
759 1753 1134 1820 auctoritate
1151 1752 1517 1821 doctorum.
1539 1790 1632 1803 —
1659 1750 1806 1819 Jam
1835 1772 2033 1842 supra
2060 1750 2349 1819 vidimus
2377 1772 2524 1820 eam

238 1855 591 1926 doctrinam
625 1863 699 1926 ut
727 1860 1156 1928 certissimam
1178 1858 1473 1927 habitam
1503 1859 1699 1927 fuisse
1737 1880 1775 1926 a
1802 1857 2130 1927 Cardinali
2175 1859 2256 1927 de
2313 1858 2517 1927 Luca.

236 1960 406 2030 ldem
421 1965 620 2033 etiam
642 1965 951 2056 exprimit
976 1964 1299 2056 (discursu
1325 1964 1434 2046 10,
1461 1967 1556 2030 De
1571 1963 1904 2054 parochis,
1929 1985 1997 2031 n.
2020 1964 2115 2055 2),
2136 1964 2243 2032 his
2263 1964 2476 2033 verbis
2501 1987 2518 2032 t

239 2093 271 2133 «
297 2068 512 2138 Posita
534 2071 804 2158 unione,
849 2071 1146 2139 firmatur
1174 2071 1371 2138 etiam
1397 2069 1756 2155 conclusio,
1787 2074 1862 2137 ut
1900 2071 1972 2138 in
2004 2071 2386 2160 hujusmodi
2416 2092 2527 2161 pa-

239 2199 271 2238 «
300 2175 706 2244 rochialibus
731 2177 913 2244 alteri
937 2176 1223 2246 ecclesiae
1238 2177 1343 2243 vel
1364 2174 1688 2244 beneficio
1710 2174 1911 2241 unitis
1937 2175 2116 2263 (cum
2147 2198 2282 2243 non
2300 2182 2528 2263 agatur

241 2305 276 2346 «
301 2280 383 2346 de
403 2281 759 2369 principali
771 2287 1042 2368 rectore,
1063 2281 1173 2348 sed
1193 2281 1411 2369 potius
1426 2281 1507 2347 de
1524 2278 1770 2347 vicario
1784 2279 2152 2369 deputando
2172 2280 2249 2348 ad
2272 2280 2528 2349 nudum

242 2410 278 2450 «
310 2383 692 2453 exercitium
746 2406 943 2472 curae,
976 2407 1126 2475 quae
1176 2385 1406 2452 habitu
1433 2384 1711 2453 residere
1742 2383 1980 2452 dicitur
2014 2405 2211 2475 penes
2237 2406 2389 2454 eum
2418 2384 2527 2453 cui

239 2514 549 2561 «annexa
595 2491 737 2584 est),
778 2514 913 2560 non
956 2493 1152 2561 intret
1201 2491 1533 2583 dispositio
1583 2490 1949 2561 conciliaris
1976 2493 2096 2584 (1),
2148 2493 2256 2561 sed
2310 2495 2526 2585 potius

237 2622 270 2663 «
301 2597 675 2668 constitutio
720 2599 809 2667 47
833 2596 933 2667 Pii
960 2598 1046 2691 V)
1083 2597 1211 2691 (2)'3
1262 2621 1398 2668 non
1436 2600 1726 2669 obstante
1756 2622 2172 2691 quacumque
2203 2601 2525 2670 contraria

240 2726 271 2765 «
297 2704 729 2794 observantia,
757 2728 904 2796 quae
927 2706 1163 2776 abusui
1186 2708 1403 2797 potius
1426 2714 1488 2776 et
1520 2709 1900 2797 corruptelae
1924 2708 2260 2775 reserenda
2300 2714 2418 2790 est,
2452 2712 2526 2775 ut

240 2833 270 2873 «
297 2810 372 2876 in
400 2810 575 2878 dicta
598 2810 921 2881 decisione
940 2811 1030 2903 (3)
1061 2811 1244 2904 (330,
1269 2819 1450 2904 parte
1476 2836 1571 2892 1x‚
1598 2813 1898 2902 recent.),
1924 2812 2045 2878 ubi
2074 2801 2156 2877 ad
2176 2811 2527 2877 satietatem

236 2942 271 2982 «
300 2915 785 2984 concordantes,
827 2941 862 2981 >³
890 2915 1056 2984 Vide
1082 2916 1356 3006 insuper
1380 2919 1673 3005 ejusdem
1699 2916 1982 2985 auctoris
2004 2914 2380 2983 discursum
2416 2914 2523 2995 12,

235 3026 321 3089 De
338 3020 689 3113 parochis.
963 3047 966 3048 ⁷

318 3128 687 3199 Concordat
711 3127 975 3196 Garoias
999 3127 1119 3220 (De
1131 3128 1483 3219 benefieiiS,
1505 3132 1682 3218 parte
1705 3125 1819 3210 IX,
1843 3147 1899 3194 c.
1928 3125 1995 3209 2,
2017 3147 2088 3193 n.
2123 3126 2278 3217 285)
2305 3151 2323 3194 z
2363 3153 2395 3191 α
2415 3129 2520 3197 An

251 3232 373 3299 «in
399 3232 662 3302 vicariis
689 3235 1019 3326 perpetuis
1057 3234 1533 3325 parochialium
1567 3233 1905 3302 unitarum
1940 3232 2166 3302 debeat
2197 3233 2340 3303 fieri
2368 3256 2520 3304 con-

253 3329 549 3424 «cursus,
573 3340 737 3408 sicut
759 3341 830 3408 in
850 3341 1333 3431 parochialibus
1360 3342 1587 3411 saltem
1604 3342 1776 3433 juris
1795 3347 2168 3433 patronatus
2191 3343 2519 3413 ecclesias-

253 3445 409 3514 «tici
434 3445 467 3513 ⁴?
488 3483 577 3499 --
598 3445 961 3517 Dicendum
996 3455 1090 3519 est
1121 3450 1193 3518 in
1228 3449 1606 3533 hujusmodi
1639 3450 1897 3519 vicariis
1943 3472 2077 3519 non
2108 3450 2342 3519 debere
2377 3449 2520 3517 fieri

257 3571 720 3640 «concursum,
745 3556 856 3622 sed
885 3555 1097 3623 solum
1130 3555 1212 3622 ad
1247 3557 1768 3624 nominationem
1799 3577 1913 3624 seu
1955 3555 2521 3645 praesentationem

255 3656 565 3727 «illorum
613 3681 901 3749 quorum
956 3661 1257 3748 dignitati
1290 3661 1394 3727 vel
1446 3660 1724 3727 ecclesiae
1756 3659 2146 3748 parochialis
2195 3664 2291 3725 est
2340 3656 2523 3724 unita

257 3786 286 3825 α
315 3771 374 3831 et
397 3788 672 3855 annexa,
690 3765 1095 3856 deputandos
1123 3762 1636 3831 et'instituendos
1658 3784 1816 3829 esse.
1847 3786 1882 3826 >³
1906 3762 2003 3829 lbi
2019 3761 2279 3829 adducit
2295 3761 2519 3831 citatus

249 3877 453 3941 auctor
507 3873 718 3942 varios
760 3872 932 3962 juris
971 3876 1205 3953 textuS,
1247 3868 1589 3958 variosque
1633 3865 1958 3955 auctores,
2007 3873 2069 3936 et
2106 3867 2362 3938 tandem
2404 3869 2516 3939 de·-

304 4097 362 4160 (1)
398 4098 594 4163 Nempe
616 4100 879 4151 decretum
904 4100 1100 4151 concilii
1129 4099 1413 4151 Tridentini
1446 4095 1846 4159 defiinstituendo
1883 4106 2131 4149 concursu
2150 4110 2238 4161 pro
2266 4096 2522 4163 parochiis

248 4178 549 4319 vuffgbullllsa
571 4258 761 4312 scilicet
779 4258 860 4312 Ad
876 4259 1238 4325 eoeequenclum,
1260 4270 1419 4321 quam
1434 4269 1590 4320 supra
1615 4257 1897 4309 citavimus.

309 4340 367 4400 (3)
392 4339 581 4405 Nempe
604 4338 656 4389 S.
687 4339 845 4390 Rotae.
876 4364 938 4375 -
962 4338 1063 4389 Has
1090 4340 1395 4404 apponimus
1420 4336 1624 4387 notulas
1639 4338 1693 4387 in
1712 4338 1922 4400 gratiam
1942 4338 2203 4400 tyronum,
2221 4332 2309 4393 qui
2326 4316 2527 4372 hirsuto

251 4415 514 4473 cardinalis
541 4420 604 4472 de
628 4421 761 4471 Luca
789 4418 919 4482 stylo
944 4419 1176 4471 nondum
1211 4421 1333 4470 sunt
1357 4416 1642 4469 assuefacti.

2864 1406 2876 1413 ι
2848 1174 2876 1365 aql-mi
2850 1072 2876 1139 1ὶὶ

2870 4481 2876 4516 --
2864 4359 2876 4416 ηρ
2862 4265 2876 4302 »κ
2850 3929 2876 4217 aalma
2850 3495 2876 3898 fi—Anld—ssffl.f
2850 3371 2876 3452 ?,2.
2864 3323 2873 3330 ι
