2930 4982
1151 417 1230 462 1)ss
1271 416 1601 463 CAl’twLiS.
2400 412 2523 465 579

243 559 274 597 «
308 535 530 603 minus
582 536 665 603 sit
712 536 793 604 de
843 537 985 627 lege
1032 536 1511 628 jurisdictionis
1568 557 1767 624 quam
1815 537 2115 622 visitare3
2174 546 2555 630 urgeatque‘

243 643 542 732 «pariter
586 643 686 710 lex
735 644 1097 713 dioecesana
1144 649 1209 711 et
1255 643 1521 711 concilii
1573 642 1662 733 (1)
1712 644 2035 732 synodum
2080 644 2527 738 Episcopalem

240 774 275 813 «
304 749 577 837 cogendi
601 749 878 840 singulis
905 752 1096 819 annis
1142 773 1158 817 ε
1192 772 1267 818 ac
1301 750 1576 840 proinde
1619 751 1751 818 dici
1779 757 1969 839 queat
1999 774 2176 841 posse
2217 760 2279 820 et
2321 758 2527 824 teneri

239 880 274 919 ε(
307 857 668 946 capitulum
710 879 937 947 cogere
973 857 1301 946 synodum
1341 856 1595 945 quoties
1626 857 1691 923 id
1735 861 1943 945 potest
1983 865 2045 923 et
2084 863 2338 926 tenetur
2379 859 2528 951 Epi-

238 988 273 1028 «
303 984 558 1052 scopuS,
594 985 841 1053 nempe
867 964 1143 1053 singulis
1181 962 1497 1047 annis3...
1541 962 1669 1030 nisi
1699 963 1858 1030 forte
1902 985 2028 1030 non
2077 965 2363 1033 multum
2390 973 2528 1056 post

238 1093 275 1130 (ι
305 1067 599 1158 elapsum
627 1068 710 1136 ab
737 1068 967 1138 ultima
997 1069 1244 1157 synodo
1271 1072 1525 1136 annum
1556 1074 1849 1157 speretur
1876 1090 2291 1138 successurus
2323 1093 2527 1140 novus

235 1197 276 1237 ι(
305 1173 682 1264 Episcopus.
713 1174 794 1241 Et
828 1175 919 1242 sic
949 1174 1239 1246 absolute
1276 1173 1469 1241 tradit
1509 1170 1886 1261 Ventriglia-
1921 1174 1992 1264 (t.
2026 1173 2110 1253 11,
2143 1181 2364 1242 annot.
2419 1176 2528 1261 15,

241 1278 349 1367 «ἓ
391 1280 457 1362 2,
503 1302 569 1347 n.
615 1279 727 1365 49)
773 1281 949 1349 hisce
997 1280 1309 1371 expressis
1358 1279 1576 1347 verbis
1621 1303 1637 1346 :
1692 1278 2047 1369 Synodum
2092 1279 2531 1350 dioecesanam

239 1409 277 1449 «
305 1387 660 1475 quotannis
716 1388 1094 1477 capitulum
1145 1409 1275 1477 per
1328 1408 1528 1453 suum
1586 1385 1913 1482 vicarium
1941 1436 1958 1463 ‚
2012 1385 2159 1455 sede
2220 1402 2527 1470 vacante,

240 1502 519 1581 «potest
556 1493 880 1560 celebrare
919 1504 983 1559 et
1024 1513 1405 1560 convocare.
1434 1492 1565 1558 Pro
1605 1513 1736 1579 quo
1776 1492 1928 1560 citat
1970 1492 2341 1562 Gavantum
2373 1495 2532 1583 (En-

237 1599 543 1666 «chirid.
602 1599 816 1690 Episc.
848 1649 868 1686 ,
925 1610 989 1666 v⁰
1045 1598 1342 1687 Synodus
1398 1599 1790 1681 dioecesana,
1845 1621 1913 1665 n.
1973 1598 2064 1689 2).
2127 1599 2262 1668 lmo
2317 1602 2535 1670 subdit

240 1730 275 1768 «
307 1703 669 1793 Ventriglia
696 1729 714 1771 t
748 1706 972 1772 Potest
1008 1705 1079 1771 in
1106 1704 1255 1794 ipsa
1284 1702 1540 1794 synodo
1568 1702 1854 1770 vicarius
1875 1704 2087 1794 juoeta
2117 1706 2535 1775 consuetudi-

239 1832 275 1870 «
303 1829 456 1874 nem
493 1809 810 1877 Ecclesiae
852 1809 1109 1900 exiqere
1145 1809 1534 1877 manualem
1567 1808 2047 1894 obedientiam,
2074 1832 2280 1899 quam
2310 1811 2536 1879 clerici

242 1938 278 1979 «
302 1936 418 1980 suo
469 1915 771 1984 exhibere
810 1916 1029 1985 solent
1069 1917 1428 2005 Episcopo,
1479 1914 1604 2038 Pro
1651 1937 1782 2003 quo
1829 1897 1982 1983 citat
2033 1916 2429 1995 Quarantam
2471 1929 2534 1988 et

241 2048 275 2085 «
305 2023 676 2094 Merollum.
707 2050 742 2086 η

322 2129 389 2195 5⁰
418 2129 607 2197 Posse
636 2136 698 2196 et
732 2128 961 2196 debere
989 2149 1025 2195 a
1050 2126 1289 2195 vicario
1326 2125 1695 2215 capitulari,
1741 2126 1888 2193 sede
1928 2132 2216 2214 vacante,
2261 2151 2533 2222 congre-

231 2233 373 2318 gari
417 2234 767 2322 quotannis
812 2234 1240 2302 dioecesanam
1272 2229 1600 2319 synodum
1649 2235 1821 2297 certo
1856 2237 2102 2299 constat
2142 2234 2408 2325 insuper
2455 2260 2529 2307 ex

230 2337 468 2405 celebri
493 2338 921 2407 declaratione
939 2360 1051 2407 seu
1074 2339 1287 2429 potius
1312 2338 1740 2405 instructione
1763 2335 1975 2405 Sacrae
2001 2338 2531 2429 Congregationis

163 2514 175 2517 ι
229 2444 519 2533 concilii,
550 2445 630 2513 ad
659 2445 1037 2514 instantiam
1057 2444 1331 2536 capituli
1352 2442 1675 2525 Toletani,
1716 2444 1877 2513 sacta
1904 2467 2077 2514 anno
2110 2448 2305 2532 1577,
2330 2445 2530 2539 quam

226 2572 347 2639 per
372 2558 707 2622 extensum
723 2554 890 2621 infra
910 2552 1434 2630 transcribimus,
1462 2556 1525 2618 et
1543 2552 1616 2617 in
1638 2574 1764 2639 qua
1787 2554 1876 2620 sic
1897 2554 2180 2622 habetur
2192 2556 2273 2624 de
2290 2558 2530 2625 vicario

223 2658 592 2747 capitulari,
625 2659 772 2751 sede
791 2665 1073 2727 vacante.
1112 2658 1397 2726 Curabit
1421 2655 1596 2725 idem
1616 2658 1905 2726 vicarius
1921 2672 1999 2726 ut
2020 2661 2309 2752 sinqulis
2330 2666 2526 2732 annis

221 2786 267 2831 a
322 2762 685 2833 dioecesana
724 2762 980 2854 synodo
1009 2789 1014 2795 ’
1020 2766 1386 2857 probentur
1440 2765 1927 2835 eoeaminatores
1965 2768 2203 2834 sa'ltem
2256 2754 2395 2835 sex.
2448 2769 2527 2836 Et

224 2870 423 2962 paulo
466 2872 667 2939 infra:
709 2872 989 2940 Curabit
1018 2872 1302 2939 vicarius
1334 2882 1436 2946 ut,
1467 2872 1655 2960 lapso
1683 2874 1885 2951 anno,
1918 2870 2047 2938 alii
2074 2872 2389 2942 inlocum
2418 2873 2524 2941 de-

220 2988 647 3044 mortuorum
685 2977 1128 3067 sufficiantur
1161 2999 1272 3044 seu
1310 2976 1658 3065 eliqantur
1707 2976 1779 3042 in
1829 2976 2086 3065 synodo
2127 2978 2514 3049 dioecesana.

220 3083 401 3172 Ergo
443 3091 752 3172 tanquam
783 3089 1034 3151 certum
1066 3084 1374 3172 supponit
1403 3089 1467 3148 et
1511 3083 1833 3148 existimat
1875 3081 2067 3150 Sacra
2094 3083 2520 3174 Cong1·egatio

218 3191 548 3279 synodum
568 3191 996 3259 dioecesanam
1025 3190 1254 3257 debere
1273 3189 1645 3278 quotannis,
1670 3191 1816 3257 sede
1830 3195 2113 3271 vacante,
2140 3193 2511 3262 coadunari.

314 3295 388 3364 Si
417 3302 631 3371 tamen
674 3316 816 3363 non
836 3294 1044 3361 multo
1070 3300 1213 3383 post
1257 3293 1554 3383 elapsum
1586 3294 1667 3360 ab
1696 3295 1945 3362 ultim‘ae
1973 3296 2201 3384 synodi
2232 3298 2515 3368 celebra-

216 3404 400 3470 tione
426 3424 679 3470 annum
710 3398 1196 3469 constituendus
1223 3406 1588 3489 speraretur
1613 3399 1992 3490 Episcopus,
2029 3408 2091 3469 et
2122 3403 2304 3472 nulla
2332 3413 2515 3475 caete-

216 3509 463 3598 roquin
489 3514 750 3596 urgeret
783 3507 1146 3603 necessitas,
1176 3528 1308 3574 non
1335 3510 1660 3573 teneretur
1694 3507 1974 3574 vicarius
2001 3510 2374 3598 capitularis
2397 3534 2511 3601 sy-

213 3616 475 3684 nodum
505 3632 779 3703 cogere3
808 3619 1215 3680 excusaretur
1246 3614 1424 3679 enim
1453 3634 1529 3679 ex
1568 3635 1758 3679 causa
1792 3612 1975 3680 valde
2011 3616 2402 3700 rationabili,
2433 3641 2509 3686 ex

210 3720 635 3790 uberioribus
655 3741 890 3810 nempe
918 3720 1235 3788 fructibus
1256 3720 1372 3809 qui
1406 3740 1481 3786 ex
1501 3719 1745 3807 synodo
1769 3736 1885 3808 per
1906 3739 2333 3788 successorem
2355 3722 2510 3814 Epi·

210 3846 495 3919 scopum
515 3827 828 3895 celebrata
843 3798 1236 3917 percipiendi
1253 3825 1543 3913 legitime
1565 3829 2071 3913 praesumuntur.
2090 3824 2227 3892 lmo
2252 3827 2508 3898 deberet

211 3938 286 4003 in
318 3937 446 4001 boc
465 3954 614 4002 casu
641 3939 702 3999 et
720 3954 793 3999 ex
822 3933 1047 4000 eadem
1073 3932 1316 4000 ratione
1345 3930 1520 3999 idem
1549 3931 1832 3998 vicarius
1859 3929 1942 3997 ab
1967 3932 2191 3998 eadem
2221 3933 2507 4004 celebra-

209 4042 398 4109 tione
422 4040 763 4107 abstinere.
786 4036 856 4108 Si
872 4044 1091 4106 tamen
1115 4037 1438 4126 synodum
1457 4038 1649 4104 etiam
1672 4040 1812 4102 tum
1830 4043 2036 4125 cogat,
2059 4038 2209 4126 jure
2226 4060 2349 4108 -suo
2364 4048 2505 4110 ute·

213 4157 356 4235 tur,
392 4150 455 4211 et
479 4143 716 4226 valebit
739 4149 941 4212 actus.

287 4384 356 4446 (ι)
394 4380 585 4444 Nempe
611 4379 909 4430 Tridentini.
