2930 4982
1185 329 1265 374 ΒΕ
1309 328 1641 377 cunnus.
2485 323 2564 379 57

294 447 478 514 «lius
513 446 889 538 principale,
945 447 1178 516 fatetur
1213 449 1643 519 Ancharanus
1690 455 1753 517 et
1783 449 2035 519 Abbas.
2068 475 2104 516 »
2161 450 2567 544 (Leurenius‚

283 555 526 619 Forum
550 551 802 637 eccles.‚
834 553 951 621 lib.
987 551 1096 639 lll,
1130 553 1226 620 tit.
1254 575 1322 637 11,
1352 559 1578 643 quaest.
1609 555 1796 647 125.)

359 660 439 727 ΙΙ.
501 663 739 727 Utrum
766 664 1074 729 Decanus
1101 661 1194 728 sit
1209 660 1497 751 proprie
1522 659 1602 728 de
1637 661 1946 752 capitulo
2004 701 2093 717 —
2115 663 2288 732 Eum
2328 687 2465 735 esse
2488 666 2568 735 de

284 767 563 857 capitulo
598 766 930 834 contendit
950 767 1320 855 -Leurenius
1374 770 1649 857 (Forum
1700 767 1952 851 eccles„
2003 770 2121 838 lib.
2179 770 2288 855 ΙΙΙ,
2321 770 2417 839 tit.
2471 794 2561 859 xi,

284 879 506 963 quaest.
560 874 739 963 125),
771 885 833 941 et
871 874 1133 942 adducit
1161 873 1470 963 Pirrhing
1495 880 1558 942 et
1592 873 2010 943 Reiffenstuel
2036 883 2368 967 tamquam
2396 901 2567 946 eam·

277 981 415 1047 dem
475 981 803 1072 amplexos
856 981 1262 1050 sententiam.
1324 981 1778 1050 Nihilominus
1825 987 2048 1049 tenent
2099 982 2443 1072 Fagnanus
2504 993 2567 1053 et

276 1086 554 1165 Barbosa
574 1088 897 1154 decanum
926 1107 1058 1153 non
1084 1108 1219 1154 esse
1246 1087 1328 1154 de
1352 1087 1662 1175 capitulo,
1699 1086 1827 1155 nisi
1854 1086 2053 1154 simul
2081 1086 2163 1155 sit
2188 1088 2563 1168 canonicus,

275 1194 372 1260 vel
411 1192 544 1260 nisi
591 1192 683 1260 sic
714 1193 948 1260 habeat
984 1194 1406 1261 consuetudo.
1463 1192 1655 1281 (Vide
1694 1192 2092 1263 Leurenium
2142 1194 2285 1262 loco
2318 1194 2565 1282 citato.)

273 1300 420 1367 Non
450 1301 704 1367 videtur
734 1300 917 1367 aliter
940 1300 1291 1367 dicendum
1317 1300 1398 1368 de
1423 1299 1671 1369 decano
1699 1322 1772 1368 ac
1794 1301 1876 1367 de
1902 1299 2044 1368 aliis
2081 1299 2507 1388 dignitatibus
2541 1325 2558 1369 ε

274 1407 518 1474 seclusa
554 1405 796 1473 scilicet
818 1405 1139 1473 contraria
1175 1406 1644 1475 consuetudine
1671 1406 1955 1474 decanus
1999 1427 2130 1473 non
2158 1412 2254 1472 est
2285 1407 2363 1472 de
2392 1407 2565 1497 capi-

279 1513 414 1580 tulo
435 1512 562 1580 nisi
597 1512 793 1580 simul
817 1512 1297 1580 sitcanonicuS.

359 1618 472 1686 Ill.
520 1618 807 1686 Vicarius
836 1617 1167 1708 qeneralis
1191 1615 1510 1709 Episcopi
1531 1639 1666 1689 non
1683 1628 1783 1685 est
1811 1616 1891 1686 de
1920 1618 2242 1710 capitulo,
2274 1654 2366 1668 -
2395 1644 2431 1682 «
2454 1616 2570 1685 Vi-

277 1750 309 1788 «
345 1724 600 1791 carium
623 1725 992 1812 generalem
1019 1724 1347 1814 Episcopi,
1388 1726 1548 1793 dum
1579 1724 1932 1793 canonicus
1961 1729 2078 1811 est,
2112 1746 2246 1792 esse
2280 1724 2360 1791 de
2387 1723 2564 1814 capi-

278 1830 479 1896 «tulo
507 1836 570 1897 et
593 1853 814 1899 vocem
861 1831 933 1898 in
973 1854 1048 1899 eo
1074 1832 1311 1899 habere
1359 1830 1636 1901 dubium
1666 1853 1801 1909 non
1848 1837 1979 1917 est;
2020 1831 2316 1920 quamvis
2345 1832 2564 1898 sedere

278 1961 312 1999 (ι
341 1937 569 2004 debeat
604 1938 840 2005 etdare
863 1944 1088 2006 votum
1111 1938 1253 2005 loco
1276 1959 1395 2004 suo
1425 1938 1791 2027 capitulari,
1831 1937 2056 2006 habito
2082 1937 2398 2005 nimirum
2425 1960 2567 2004 res-

278 2066 310 2107 «
338 2049 532 2132 pectu
561 2043 965 2135 ancianitatis
1002 2050 1064 2111 et
1090 2043 1423 2132 dignitatis
1459 2050 1840 2113 caeterorum
1870 2044 2341 2112 canonicorum
2375 2036 2455 2133 (V
2463 2044 2565 2109 in-

272 2173 305 2213 «
336 2149 523 2236 trig.,
560 2155 611 2216 t.
644 2149 725 2234 11,
776 2157 995 2219 annot.
1029 2151 1136 2235 14,
1174 2150 1313 2240 §Q
1341 2172 1409 2216 n.
1450 2151 1554 2218 14.
1610 2189 1700 2203 -
1728 2150 2040 2233 Barbosa,
2087 2154 2180 2217 De
2209 2150 2561 2230 canonicale,

272 2278 305 2318 «
341 2277 493 2342 cap.
545 2255 654 2336 15,
684 2279 755 2321 n.
784 2256 931 2343 1253
965 2262 1028 2320 et
1048 2255 1105 2322 si
1129 2257 1548 2321 tractandum.
1567 2256 1651 2320 sit
1669 2257 1749 2320 de
1778 2255 1975 2321 rebus
2025 2256 2105 2319 ad
2130 2254 2233 2319 sui
2255 2255 2359 2319 vel
2387 2253 2569 2342 Epis-

266 2383 308 2421 «
347 2357 502 2445 copi
543 2359 643 2422 sui
689 2357 1125 2425 commodum
1151 2357 1621 2446 spectantibuS,
1673 2357 1860 2427 debet
1910 2356 2083 2424 exire
2128 2358 2208 2425 de
2257 2357 2559 2447 capitulo.

268 2488 305 2528 «
345 2461 672 2551 (Ventrig.
708 2469 769 2531 et
795 2461 1099 2549 Barbosa,
1142 2462 1298 2531 locis
1327 2463 1553 2548 citatis,
1594 2469 1890 2532 testantes
1914 2463 2006 2532 sic
2035 2463 2324 2533 decisum
2352 2487 2566 2556 aocon·

273 2594 314 2634 «
347 2567 727 2657 gregatione
750 2570 1217 2661 Episcoporum
1253 2576 1315 2638 et
1347 2571 1791 2661 regularium.)

366 2702 400 2741 «
431 2674 500 2743 Si
530 2698 681 2764 vero
719 2677 1069 2744 canonicus
1099 2699 1230 2745 non
1257 2683 1373 2759 est,
1408 2678 1695 2766 adeoque
1723 2699 1844 2744 nec
1888 2678 1969 2745 de
1991 2677 2303 2767 capitulo,
2354 2679 2564 2745 eidem

279 2808 318 2845 «
352 2782 740 2850 intervenire
778 2784 1025 2873 nequit,
1064 2784 1259 2852 etiam
1286 2784 1548 2853 absente
1596 2784 1935 2873 Episcopo.
1976 2782 2369 2871 (Pignatelli,
2413 2804 2566 2850 con-

289 2914 322 2952 «
357 2889 504 2955 sult.
546 2889 699 2972 154,
729 2913 799 2956 n.
837 2891 930 2979 6.)
961 2889 1371 2959 Undeetiam
1400 2913 1557 2958 eum
1579 2890 1924 2958 admittere·
1947 2911 2083 2956 non
2122 2893 2432 2955 tenentur
2461 2909 2565 2954 ca-

289 2996 581 3077 «nonici,
616 2996 736 3062 etsi
787 2996 1061 3084 possint,
1101 2995 1229 3062 nisi
1272 2997 1433 3062 forte
1482 2994 1953 3062 consuetudi-ne
1989 2992 2092 3059 vel
2137 2992 2264 3060 alio
2313 2991 2567 3083 speciali

287 3124 318 3163 «
338 3102 487 3189 jure
515 3101 583 3167 id
612 3101 675 3174 ei
710 3106 1118 3191 competeret,
1163 3105 1274 3167 aut
1297 3099 1488 3167 etiam
1513 3098 1930 3166 interveniret
1953 3098 2034 3166 ad
2060 3099 2345 3167 sedanda
2381 3121 2566 3168 scan-

290 3230 321 3270 «
350 3207 492 3273 dala
543 3207 1087 3274 tumultuantium
1136 3206 1208 3273 in
1256 3205 1542 3296 capitulo
1584 3204 2073 3274 canonicorum.
2125 3204 2200 3271 ln
2246 3226 2375 3293 quo
2414 3226 2567 3274 casu

290 3337 321 3376 «
348 3335 499 3379 eum
531 3309 1224 3400 admitteretenentur,
1268 3312 1385 3380 etsi
1426 3318 1589 3380 tunc
1628 3312 1902 3380 nullu-m
1926 3312 2117 3402 possit
2143 3311 2308 3379 ferre
2336 3312 2564 3380 suffra-

291 3442 319 3478 «
346 3419 552 3505 glum.
578 3444 612 3483 »
643 3420 1052 3509 (Leurenius,
1073 3423 1323 3487 Forum
1342 3420 1595 3502 ecclam,
1620 3418 1868 3505 lium,
1898 3419 1991 3486 tit.
2011 3442 2098 3504 x1,
2125 3426 2351 3509 quaest.
2382 3419 2561 3509 125.)

364 3521 476 3591 lV.
520 3524 698 3591 Alioe
739 3525 1122 3615 diqnitaces,
1157 3533 1414 3617 praeter
1439 3524 1841 3594 decanatum
1871 3525 1963 3618 (1)
1987 3549 2122 3593 non
2144 3538 2307 3593 sunt
2345 3525 2424 3592 de
2454 3548 2567 3591 ca-

276 3627 520 3715 pitulo.
551 3668 635 3682 —-
680 3658 712 3697 «
742 3631 878 3699 Soli
898 3632 1211 3700 canonici
1251 3633 1656 3700 constituunt
1680 3632 2044 3721 capitulum
2071 3654 2186 3699 seu
2216 3636 2373 3698 sunt
2395 3630 2570 3717 capi-

288 3761 320 3801 «
343 3736 617 3813 tulares;
656 3738 745 3804 ita
774 3742 851 3803 ut
873 3737 1070 3804 etiam
1110 3736 1467 3824 Praepositi,
1514 3737 1675 3802 dum
1715 3759 1849 3801 non
1879 3735 2404 3813 sunt.canonici,
2436 3756 2565 3804 non

291 3845 742 3911 «constituant
785 3864 918 3910 una
958 3864 1115 3910 cum
1157 3839 1487 3908 canonicis
1511 3839 1909 3929 capitulum.
1962 3838 2140 3906 ldem
2190 3846 2282 3906 est
2315 3841 2392 3908 de
2421 3841 2564 3911 aliis

287 3972 320 4012 «
347 3947 803 4035 dignitatibuS,
832 3946 1281 4016 sicanonicali
1325 3944 1675 4038 praebenda
1710 3950 2049 4013 careant...
2086 3944 2179 4013 De
2208 3947 2356 4034 jure
2386 3970 2564 4017 com-

289 4054 540 4121 «muni
565 4054 908 4141 dignitates
939 4075 1072 4121 non
1097 4059 1250 4121 sunt
1277 4053 1357 4121 de
1389 4053 1701 4143 capitulo,
1727 4052 1855 4118 nisi
1882 4054 1952 4120 in
1981 4075 2205 4120 earum
2242 4058 2562 4126 erectione

289 4181 320 4220 «
348 4162 748 4249 exprimatur
780 4161 1102 4228 concessio
1137 4160 1303 4227 stalli
1343 4163 1414 4227 in
1462 4162 1684 4241 choro,
1719 4164 1781 4226 et
1816 4162 1987 4228 vocis
2030 4160 2097 4227 in
2124 4161 2426 4251 capitulO,
2460 4163 2563 4229 vel

292 4285 324 4324 «
350 4265 476 4331 nisi
498 4270 729 4333 statuto
748 4265 846 4331 vel
871 4267 1332 4333 consuetudine
1357 4264 1736 4355 disponatur
1755 4268 1927 4357 quod
1951 4269 2081 4336 sint
2098 4269 2175 4335 de
2198 4269 2552 4356 capitulo.»

339 4404 404 4469 (1)
431 4406 501 4457 De
524 4420 627 4471 quo
650 4407 967 4472 aliquatenus
986 4411 1393 4471 controvertitur,
1411 4408 1500 4459 scd
1519 4411 1625 4459 sine
1645 4408 1994 4473 fundamento,
2008 4414 2068 4460 ut
2084 4411 2233 4459 modo
2253 4408 2446 4455 dictum
2465 4405 2560 4452 est.
