2930 4982
1185 369 1267 416 DE
1309 369 1638 423 enimus.
2472 385 2509 439 4
2520 385 2553 437 7

250 477 539 547 instituti
568 488 722 549 su-nt
755 489 1208 557 tantummodo
1242 490 1322 558 ad
1351 490 1650 565 decorem
1692 497 1903 569 cultus
1941 503 2194 593 publici
2230 506 2298 573 in
2340 507 2555 598 aliqua

249 585 525 656 ecclesia
567 588 971 674 celebrandi;
1031 595 1113 663 ad
1166 619 1365 686 quem
1423 601 1619 672 finem
1684 612 2129 680 sustentantur
2185 614 2552 704 praebendis

249 699 308 759 et
329 692 479 791 aliis
506 698 973 787 temporalibus
1020 705 1464 792 proventibus.
1513 707 1683 779 Hinc
1729 712 1876 783 finis
1907 717 2188 809 capitulo
2231 719 2549 812 collegiali

249 801 560 891 proprius
586 807 650 870 et
672 805 1018 894 primarius
1044 808 1325 879 inveniri
1357 815 1621 904 quidem
1653 824 1879 908 potest,
1906 828 1969 891 et
1997 825 2075 894 de
2106 825 2268 896 facto
2294 828 2548 897 inveni-

243 910 348 973 tur
384 906 465 974 in
508 909 813 1011 capitulis
855 914 1353 1003 cathedralibus,
1406 920 1517 988 sed
1567 927 1881 1013 tanquam
1935 927 2082 997 finis
2131 933 2544 1004 secundarius

240 1033 351 1080 seu
387 1016 814 1085 accessorius,
858 1017 938 1087 Et
968 1020 1111 1089 ideo
1142 1021 1293 1091 licet
1333 1046 1575 1094 nomen
1616 1031 1885 1120 capituli
1916 1033 1997 1101 sit
2039 1037 2325 1126 utrisque
2362 1059 2542 1108 com-

238 1138 475 1204 mune,
500 1121 744 1190 ²merito
767 1128 987 1192 tamen
1022 1127 1383 1198 cathedrale
1413 1133 1876 1205 canonicorum
1913 1138 2261 1229 collegium
2292 1143 2544 1214 haben-

234 1223 401 1293 dum
452 1230 550 1293 est
591 1232 664 1292 ut
711 1229 1073 1320 capitulum
1118 1236 1379 1325 proprie
1429 1237 1706 1327 dictum,
1754 1242 2084 1332 collegiale
2132 1267 2285 1314 vero
2335 1270 2531 1319 sensu

229 1329 368 1398 lato
396 1336 656 1400 tantum
689 1339 753 1402 et
774 1335 1158 1428 improprio,
1197 1361 1270 1409 ac
1292 1340 1485 1431 longe
1514 1343 1789 1414 diverso.

326 1435 768 1528 Distinguitur
794 1442 864 1510 2⁰
915 1443 992 1511 In
1024 1446 1331 1515 saeculare
1371 1453 1434 1515 et
1472 1450 1795 1539 regulare.
1843 1452 1910 1522 3⁰
1955 1452 2032 1520 ln
2066 1462 2433 1547 exemptum
2471 1466 2534 1528 et

227 1563 365 1610 non
417 1551 820 1647 exemptum.
868 1549 940 1617 4⁰
993 1549 1068 1617 ln
1110 1559 1534 1623 numeratum
1585 1562 1648 1625 et
1692 1579 1827 1625 non
1879 1565 2322 1647 numeratum,
2388 1585 2531 1654 quae

225 1645 677 1720 distinctiones
698 1673 817 1723 suo
845 1654 987 1724 loco
1015 1657 1560 1748 explanabuntur.

309 1754 622 1847 Capitula
660 1765 876 1828 autem
920 1761 1425 1853 Collegiatarum
1471 1768 1611 1858 ipsa
1655 1769 1725 1837 in
1764 1769 1924 1839 duas
1962 1774 2206 1862 species
2245 1772 2528 1842 subdivi-

220 1858 506 1945 duntur,
539 1862 618 1931 de
641 1867 872 1954 quoin
901 1870 1192 1957 sequenti
1225 1874 1651 1962 paragrapho.

1318 2142 1434 2220 §4

205 2315 271 2354 DE
321 2317 786 2358 COLLEGIATARUM
821 2319 1141 2371 DIGNITATE,
1184 2321 1248 2358 ET
1279 2321 1339 2360 lN
1369 2321 1619 2361 INSIGNES
1643 2323 1708 2361 ET
1738 2324 1847 2362 NON
1886 2325 2135 2364 INSIGNES
2160 2325 2523 2368 DISTINCTIONE

298 2519 340 2561 «
367 2491 698 2563 Illustrior
723 2502 783 2563 et
814 2496 1225 2566 excellentior
1251 2504 1346 2567 est
1373 2500 1646 2570 ecclesia
1670 2501 2006 2591 collegiata
2034 2504 2325 2593 qualibet
2355 2506 2515 2575 sirn-

206 2600 391 2691 plici.
422 2601 803 2691 parochiali.
857 2601 1224 2693 Collegiatae
1263 2611 1415 2675 sunt
1463 2608 1861 2677 secundariae
1913 2615 2056 2701 post
2107 2612 2508 2684 cathedrales

210 2705 492 2792 (Concil.
527 2705 905 2776 Coloniense
929 2708 1010 2792 ll,
1036 2732 1100 2799 p.
1135 2709 1199 2795 3,
1227 2733 1368 2803 cap.
1402 2712 1495 2804 2).
1522 2713 1822 2784 Ecclesiae
1850 2716 2199 2805 collegiatae
2232 2719 2510 2808 majores

212 2815 371 2879 sunt
404 2812 595 2880 titulo
637 2834 832 2900 quam
861 2812 1285 2903 parochiales.
1320 2816 1402 2884 Et
1442 2820 1713 2908 proinde
1744 2820 1827 2888 ab
1852 2820 2172 2912 Episcopo
2214 2823 2510 2911 primum

213 2917 555 2985 visitantur
584 2915 1006 3004 cathedraleS,
1042 2927 1105 2989 et
1136 2929 1352 3012 postea
1381 2924 1773 3012 collegiatae3
1812 2926 2092 3013 denique
2111 2925 2510 3014 parochiales

215 3023 521 3091 ecclesiae.
541 3024 636 3114 ‚Et
658 3024 761 3093 hae
780 3031 1049 3115 possunt
1075 3048 1192 3116 per
1215 3029 1372 3096 alios
1392 3028 1732 3097 inferiores
1762 3030 1843 3096 ab
1873 3028 2193 3120 Episcopo
2220 3030 2459 3099 visitari
2483 3060 2501 3122 3

216 3128 565 3219 collegiatae
603 3154 755 3200 vero
797 3153 916 3223 per
950 3131 1347 3224 Episcopum
1389 3138 1665 3202 tantum.
1710 3134 2092 3203 Parochialis
2129 3158 2259 3204 non
2289 3138 2504 3206 solum

216 3231 277 3299 in
310 3236 592 3321 civitate,
638 3238 747 3306 sed
784 3237 940 3306 etin
973 3237 1144 3307 villis
1189 3244 1252 3307 et
1296 3239 1477 3331 pagis
1521 3240 2046 3332 quibuscumque
2099 3242 2496 3330 instituitur3

217 3343 276 3403 at
300 3342 639 3431 collegiata
681 3364 811 3412 non
849 3345 1226 3414 conceditur
1262 3346 1385 3414 nisi
1426 3346 1496 3413 in
1515 3348 1891 3435 „civitatibus
1918 3348 2021 3417 vel
2061 3349 2337 3440 oppidiS,
2390 3357 2500 3418 aut

216 3445 396 3513 terris
424 3447 822 3537 insignibus,
853 3450 924 3518 in
955 3450 1192 3539 quibus
1223 3451 1517 3519 habitant
1551 3453 1847 3523 homines
1878 3454 2097 3523 civiles
2126 3460 2187 3522 et
2214 3457 2498 3547 populus

216 3568 599 3622 numerosus
624 3578 642 3637 ;
670 3554 846 3644 quod
893 3555 1074 3623 fitne
1115 3554 1476 3644 Collegiatae
1518 3559 1798 3648 dignitas
1837 3561 2113 3628 vilescat.
2162 3561 2234 3628 ln
2263 3562 2497 3629 odiosis

216 3656 638 3746 appellatione
677 3657 958 3732 ecclesiae
982 3661 1392 3747 parochialis
1419 3685 1554 3729 non
1583 3664 1940 3732 includitur
1964 3666 2321 3751 collegiata,
2351 3653 2500 3731 licet

213 3760 276 3827 in
294 3783 367 3829 ea
400 3769 770 3833 exerceatur
798 3784 955 3832 cura
978 3762 1349 3831 animarum
1372 3787 1389 3843 ·,
1423 3767 1583 3830 ratio
1612 3771 1705 3831 est
1727 3770 1884 3851 quia
1907 3768 2102 3833 habet
2125 3766 2495 3854 qualitatem

214 3867 458 3960 collegii
487 3892 684 3961 supra
729 3891 980 3939 curam.
1035 3868 1193 3949 Quae
1238 3868 1492 3958 collegii
1539 3870 1812 3959 qualitas
1841 3875 1971 3938 tam
2012 3873 2491 3944 considerabilis

214 3979 326 4060 est,
373 3979 449 4044 ut
493 3976 565 4043 si.
599 3975 866 4052 ecclesia
919 3974 1159 4056 filialis,
1221 3975 1589 4067 dependens
1632 3998 1669 4045 a
1716 3975 2071 4066 parochiali
2126 3978 2489 4069 baptismali
2601 4023 2608 4030 s

216 4075 373 4167 (quae
423 4081 662 4150 dicitur
704 4081 986 4173 Matrix),
1018 4083 1304 4172 erigatur
1351 4086 1418 4150 in
1448 4084 1876 4173 collegiatam,
1921 4088 2368 4176 anteponenda
2405 4091 2487 4158 sit

216 4184 276 4251 in
304 4188 819 4278 praeeminentiis
844 4188 969 4278 ipsi
996 4187 1374 4279 Baptismali
1410 4187 1735 4257 Matrici...
1783 4191 2069 4261 Ecclesia
2100 4194 2484 4283 parochialis

212 4313 331 4362 non
366 4317 645 4387 parvum
673 4294 906 4384 recipit
930 4294 1436 4364 honorificentiae
1469 4296 1975 4377 incrementum,
2015 4299 2069 4366 si
2095 4300 2379 4388 erigatur
2413 4301 2484 4363 in

213 4402 600 4492 collegiatam
630 4428 651 4490 3
692 4402 867 4492 quod
908 4401 1092 4472 facile
1130 4403 1436 4471 suadetur
1463 4423 1538 4471 ex
1575 4423 1649 4471 eo
1677 4404 1851 4493 quod
1893 4404 2250 4493 Episcopus
2282 4404 2484 4490 potest
