2930 4982
1117 342 1192 386 on
1239 341 1568 388 manuus.
2379 335 2504 392 453

242 492 273 531 «
300 465 587 532 simoniae
624 464 1061 555 suspicionem
1087 449 1309 548 habet,
1358 464 1465 531 sed
1501 464 1713 554 potius
1745 466 2072 534 laudabile
2120 474 2238 536 est.
2265 494 2299 533 »
2361 467 2509 555 (Hic

235 571 565 640 Monacelli
605 571 759 637 citat
813 572 1055 637 multos
1086 575 1380 638 auctores
1418 572 1502 637 ita
1529 569 1850 655 docentes,
1895 573 2064 640 inter
2087 597 2251 663 quos
2280 574 2519 644 Cardi-

228 678 435 744 nalem
460 677 538 744 de
565 676 763 755 Luca,
797 681 892 742 De
907 674 1279 760 canoniciS,
1307 675 1470 743 disc.
1514 674 1623 755 10,
1651 697 1718 743 n.
1756 676 1861 756 10,
1891 684 1950 744 et
1978 678 2136 747 disc.
2160 679 2274 765 29,
2305 701 2374 747 n.
2411 679 2508 771 7.)

240 809 270 847 «
293 783 367 850 Et
392 783 543 850 hinc
566 789 659 849 est
694 782 867 870 quod
905 781 1069 847 valet
1094 786 1406 848 statutum
1446 782 1582 849 sive
1611 782 1984 851 constitutio
2007 784 2169 851 sacta
2191 807 2303 875 per
2323 785 2514 876 capi—

238 889 498 954 «tulum
548 889 925 977 auctoritate
971 885 1303 976 Episcopi,
1359 889 1530 975 quod
1588 889 1829 978 provisi
1877 888 1957 954 de
1993 889 2506 972 canonicatibus,

234 1019 266 1059 «
291 993 620 1061 beneficiis
646 994 747 1059 vol
778 992 1142 1083 praebendis
1186 993 1253 1059 in
1298 994 1680 1082 cathedrali,
1708 995 1958 1061 solvant
1985 998 2230 1061 certam
2260 997 2513 1083 quanti-

236 1106 478 1167 «tatem
521 1122 671 1189 quae
715 1099 965 1186 integre
1027 1096 1208 1164 cedat
1245 1120 1362 1188 pro
1401 1097 1649 1166 fabrica
1687 1099 2015 1178 ecclesiae3
2067 1099 2240 1171 nihil
2291 1104 2515 1169 tamen

231 1230 262 1269 «
291 1206 479 1274 detur
507 1206 801 1292 notariis,
830 1204 1259 1295 campanariis
1288 1210 1350 1273 et
1376 1206 1520 1274 aliis
1548 1207 1864 1274 ministris
1889 1212 1951 1274 et
1967 1206 2375 1275 officialibus.

315 1337 349 1376 «
385 1311 546 1380 Item
569 1313 742 1379 valet
775 1315 1085 1380 statutum
1112 1311 1242 1379 sive
1266 1313 1667 1380 consuetudo
1699 1313 1872 1402 quod
1906 1313 2162 1381 noviter
2214 1318 2517 1403 receptus

234 1443 263 1482 «
291 1419 634 1510 solvat-pro
680 1425 771 1486 tot
802 1419 1071 1508 planetis
1099 1424 1162 1484 et
1199 1417 1342 1485 aliis
1381 1419 1890 1508 supellectilibus
1933 1420 2130 1487 sacris
2172 1420 2512 1504 sacristiae;

233 1526 432 1613 «quia
478 1527 608 1594 hoc
654 1526 898 1594 dicitur
939 1524 1181 1591 sactum
1236 1526 1306 1590 in
1350 1524 1638 1592 favorem
1685 1527 1899 1594 cultus
1950 1526 2181 1594 divini.
2219 1552 2254 1591 »
2294 1526 2519 1617 (Addit

225 1630 546 1699 Monacelli
569 1634 660 1699 ita
682 1632 975 1700 decisum
998 1654 1035 1698 a
1063 1630 1206 1699 Sac.
1232 1629 1438 1719 Cong.
1471 1631 1687 1721 Episc.
1719 1640 1779 1699 et
1799 1632 1967 1722 reg.)

314 1764 347 1802 «
374 1738 519 1806 Non
542 1746 767 1806 tamen
794 1741 968 1804 tenet
992 1758 1200 1824 neque
1228 1735 1542 1831 servanda
1566 1744 1660 1804 est
1699 1738 2101 1805 consuetudo
2130 1756 2263 1826 qua
2312 1736 2516 1806 intro·

233 1867 263 1905 ε(
293 1844 561 1911 ductum
593 1844 700 1930 sit,
725 1842 899 1932 quod
924 1842 1218 1910 canonici
1241 1843 1374 1909 sive
1403 1842 1510 1908 alii
1535 1843 1889 1932 presbyteri
1914 1843 1991 1909 de
2020 1844 2294 1911 ecclesia
2323 1865 2514 1934 pran-

232 1948 474 2015 «dium
524 1949 764 2017 habere
806 1947 1101 2015 debeant.
1147 1948 1230 2014 Et
1281 1949 1427 2014 ideo
1469 1946 1663 2014 Sacra
1719 1947 2150 2035 Congregatio
2198 1948 2419 2037 Episc.
2453 1952 2515 2016 et

232 2077 424 2143 «reg.
456 2057 543 2145 (in
571 2056 1077 2146 Caputaquensi,
1114 2056 1193 2121 17
1232 2055 1454 2121 martii
1489 2054 1687 2141 1692)
1723 2054 1919 2121 talem
1968 2054 2514 2122 consuetudinem

230 2185 264 2223 ι(
299 2161 677 2229 abolendam
704 2185 837 2230 esse
862 2162 1133 2229 censuit.

322 2289 356 2326 «
379 2263 538 2332 Item
575 2269 785 2334 valida
820 2273 882 2333 et
915 2269 1093 2335 licita
1143 2272 1297 2333 sunt
1333 2266 1758 2333 ecclesiarum
1789 2264 2281 2346 cathedralium,
2325 2266 2516 2332 colle·

227 2391 261 2430 «
292 2369 620 2456 giatarum
659 2378 721 2438 et
760 2373 1268 2461 receptitiarum,
1304 2393 1450 2459 quae
1494 2370 1803 2436 mandant
1828 2377 1891 2437 et
1929 2370 2315 2458 disponunt,
2344 2367 2519 2457 quod

231 2501 263 2539 «
299 2479 553 2546 noviter
579 2480 823 2570 provisi
874 2486 937 2548 et
988 2477 1365 2568 aggremiati
1416 2485 1761 2568 antequam
1788 2476 1867 2544 de
1917 2499 2126 2544 massa
2170 2476 2516 2544 communi

227 2606 259 2644 «
288 2585 699 2676 participent,
734 2609 847 2677 per
878 2586 1141 2675 aliquod
1182 2586 1492 2675 temporis
1527 2587 1803 2674 spatium
1833 2586 2033 2673 gratis
2066 2584 2348 2652 ecclesiae
2393 2584 2513 2653 de-

225 2710 258 2749 «
289 2690 526 2757 servire
548 2694 844 2776 debeant,
869 2694 970 2759 vel
1003 2693 1176 2782 quod
1212 2692 1462 2759 fructus
1496 2692 1687 2781 primi
1735 2691 1893 2758 anni
1918 2692 2047 2758 sint
2099 2690 2379 2757 haeredis
2408 2710 2512 2756 ca·

236 2815 270 2852 «
297 2797 516 2862 nonici
544 2798 827 2866 defuncti
848 2824 864 2878 ;
888 2801 1042 2888 quia
1068 2799 1449 2887 hujusmodi
1479 2804 1706 2865 statuta
1731 2819 1851 2864 nec
1907 2797 2032 2863 sub
2063 2796 2328 2862 decreto
2363 2815 2515 2860 con-

232 2921 265 2960 «
298 2898 461 2983 cilii,
487 2923 601 2969 nec
630 2905 755 2970 sub
776 2905 958 2971 bulla
989 2906 1086 2971 Pii
1113 2906 1170 2973 V
1218 2905 1889 2992 comprehenduntur.
1913 2926 1947 2965 »
1996 2899 2145 2990 (Pro
2190 2923 2322 2988 quo
2362 2899 2515 2967 citat

217 3001 566 3073 Monacelli
614 3008 831 3098 plures
873 3010 1331 3076 declarationes
1370 3008 1582 3076 Sacrae
1623 3006 2157 3095 Congregationis
2192 3002 2506 3094 concilii.)

1124 3281 1415 3343 CAPUT
1480 3279 1607 3341 XII

642 3455 1080 3502 PRAEROGATIVAE
1124 3455 1545 3501 CANONICORUM
1588 3455 1782 3507 QUOAD
1824 3408 2095 3500 llAmTUM

298 3635 819 3729 Expendendum
869 3640 979 3707 hic
1014 3639 1329 3707 habemus
1358 3642 1600 3730 primo,
1643 3662 1726 3707 an
1762 3661 2019 3731 semper
2046 3641 2349 3708 canonici
2382 3640 2501 3706 ha-

215 3733 470 3812 buerint
494 3746 804 3835 insignia,
833 3768 1061 3813 eorum
1078 3744 1458 3834 dignitatem
1482 3768 1680 3837 supra
1700 3747 1983 3835 reliquos
2009 3748 2089 3814 de
2107 3747 2281 3813 clero
2305 3744 2503 3810 deno-

216 3851 407 3919 tantia
446 3877 461 3920 :
497 3852 815 3937 secundo,
843 3852 1002 3941 quid
1031 3853 1159 3920 sint
1198 3852 1385 3920 solita
1418 3853 1731 3920 hodierna
1761 3855 2090 3942 insignia:
2155 3851 2371 3936 tertio,
2418 3873 2503 3920 an

213 3960 574 4026 necessaria
604 3960 687 4026 sit
714 3957 895 4027 Sedis
940 3960 1322 4051 Apostolicae
1365 3960 1632 4030 facultas
1676 3966 1751 4029 ut
1784 3962 2084 4051 quaedam
2135 3956 2504 4048 insignia‘a

216 4063 508 4152 capitulis
529 4066 770 4133 assumi
795 4066 1060 4156 possint.
