2930 4982
379 339 413 394 3
427 341 458 395 4
477 340 504 393 ι
1337 344 1699 411 amemus

1335 625 1620 690 CAPUT
1662 628 1722 688 II

465 810 541 855 DE
582 809 725 856 :unz
753 809 905 863 QUOD
947 809 1144 856 mmm
1187 809 1517 855 carrrnmu
1558 810 1638 855 UT
1681 807 1986 856 Erlscorus
2025 804 2329 860 nmmum·
2369 804 2552 853 IPSIUS

1359 916 1669 963 consummi

1467 1157 1561 1236 §1

440 1330 506 1368 DE
543 1330 675 1371 JURE
714 1332 962 1374 connum
999 1333 1244 1375 TENETUR
1282 1334 1561 1374 EPISCOPUS
1600 1334 1659 1373 IN
1705 1332 1963 1373 PLUMBUS
2001 1329 2288 1372 consumat
2327 1330 2566 1371 CAPITULI

1344 1430 1673 1479 REQUIRERE.

462 1607 521 1672 1.
548 1605 643 1673 Ita
666 1607 788 1675 sert
807 1616 997 1700 caput
1020 1611 1226 1682 Novit
1255 1612 1324 1699 4,
1347 1614 1442 1679 De
1463 1612 1570 1679 lzis
1594 1633 1741 1702 quoe
1764 1610 1947 1701 fiunt
1965 1633 2009 1678 a
2030 1560 2354 1691 Praelato,
2372 1609 2532 1677 libro
2560 1609 2641 1678 111

364 1709 821 1798 Decretalium,
853 1714 950 1782 tit.
995 1715 1099 1784 10.
1131 1716 1336 1807 Caput
1362 1716 1525 1786 illud
1561 1718 1656 1786 sic
1684 1718 2112 1786 inscribitur:
2141 1716 2469 1785 Proelatus
2507 1715 2642 1783 sine

362 1817 639 1884 consilio
687 1821 976 1911 capituli
1023 1822 1391 1907 instituere,
1446 1824 1557 1892 vel
1600 1823 1976 1914 destituere,
2034 1825 2143 1893 vel
2196 1824 2341 1893 alia
2389 1823 2639 1915 neqotia
2747 1848 2754 1857 ·

359 1922 675 1992 Ecclesiae
728 1937 1019 1997 tractare
1062 1952 1200 1998 non
1251 1929 1464 2000 debet.
1524 1932 1668 2023 lpsa
1710 1938 1928 2001 autem
1973 1932 2339 2015 decretaliS‚
2380 1954 2518 2021 quae
2552 1935 2638 1999 est

361 2029 711 2102 Alexandri
732 2032 817 2103 111
838 2036 919 2103 ad
949 2038 1377 2126 patriarcham
1404 2038 2092 2134 Hierosolymitanqm,
2124 2041 2218 2109 sic
2252 2038 2482 2106 habet:
2508 2040 2637 2108 No-

363 2136 457 2203 vit
494 2149 630 2206 tuoe
667 2137 1076 2210 discretionis
1095 2142 1460 2234 prudentia
1489 2145 1783 2235 qualiter
1817 2158 1891 2214 tu
1932 2157 1997 2213 et
2019 2147 2268 2237 fratres
2308 2144 2416 2212 tui
2445 2164 2638 2211 unum

361 2262 596 2333 corpus
632 2244 795 2326 sitis,
826 2247 926 2315 ita
950 2248 1129 2338 quod
1161 2261 1236 2317 tu
1270 2265 1497 2344 caput,
1530 2263 1594 2320 et
1617 2252 1733 2319 illi
1764 2251 2063 2320 membra
2093 2273 2224 2319 esse
2239 2250 2631 2343 probantur.

368 2347 554 2416 Unde
580 2374 717 2420 non
741 2351 920 2421 decet
944 2366 1028 2439 te,
1062 2358 1320 2426 omissis
1346 2359 1684 2443 membris,
1717 2359 2011 2428 aliorum
2035 2357 2306 2426 consilio
2352 2357 2427 2426 in
2461 2356 2638 2424 eccle·

356 2452 472 2518 sice
493 2466 628 2522 tuoe
654 2461 932 2548 neqotiis
958 2462 1105 2530 uti:
1132 2486 1283 2531 cum
1304 2463 1379 2532 id
1396 2488 1531 2534 non
1558 2466 1649 2534 sit
1677 2465 1954 2534 dubium
1983 2477 2046 2535 et
2072 2464 2411 2533 lzonestati
2434 2476 2563 2532 tuoe
2579 2472 2638 2530 et

353 2570 734 2628 sanctorum
777 2568 1065 2634 Patrum
1114 2570 1649 2640 institutionibus
1692 2573 2042 2641 contraire.
2091 2570 2400 2639 Innotuit
2440 2569 2634 2658 siqui·

353 2660 498 2730 dmn
545 2667 819 2737 auribus
868 2674 1130 2760 nostris,
1187 2677 1371 2766 quod
1413 2691 1490 2747 tu
1529 2680 1669 2747 sine
1705 2680 1978 2748 consilio
2016 2680 2315 2770 fratrum
2368 2687 2628 2742 tuorum

350 2772 814 2844 canonicorum
843 2776 913 2846 S.
942 2777 1281 2871 Sepulchri
1322 2784 1591 2852 abbates
1615 2796 1677 2852 et
1716 2786 2114 2865 abbatissas,
2144 2797 2210 2853 et
2237 2783 2406 2852 alias
2429 2781 2630 2849 eccle-

343 2877 641 2948 siasticas
657 2905 978 2972 personas
1005 2886 1301 2955 instituis
1344 2900 1408 2956 et
1454 2890 1752 2959 destituis
1772 2914 1796 2960 .·
1843 2890 2112 2982 ideoque
2140 2889 2215 2958 id
2240 2888 2633 2958 auctoritate

345 2987 716 3074 apostolica
730 2992 1189 3081 prohibemus·
1216 2999 1352 3068 Nos
1377 2999 1553 3065 enim
1580 2999 1748 3067 tales
1768 2998 2233 3071 institutiones
2264 3008 2329 3065 et
2358 2995 2627 3064 destitu-

344 3090 554 3160 tiones
583 3116 802 3164 carere
828 3097 1234 3170 decernimus
1256 3103 1491 3171 robore
1518 3105 1897 3194 firmitatis.

427 3197 508 3265 Et
529 3201 795 3289 ibidem,
817 3206 1021 3295 capite
1052 3210 1343 3293 Quanto,
1364 3212 1458 3278 sic
1488 3214 1903 3301 prosequitur
1927 3210 2101 3279 idem
2123 3208 2486 3277 Alexander
2514 3205 2615 3288 111,

342 3301 421 3368 ad
464 3308 767 3377 eumdem
814 3313 1246 3404 patriarcham
1292 3317 1583 3386 scribens
1614 3343 1630 3386 ε
1662 3317 2108 3409 Fraternitati
2157 3328 2294 3384 tuoe
2345 3311 2616 3383 manda-

334 3428 506 3488 mus,
533 3424 860 3499 quatenus
878 3417 950 3484 in
979 3423 1490 3490 concessionibus
1514 3435 1579 3490 et
1604 3423 2222 3514 confirmationibus
2252 3433 2319 3490 et
2346 3421 2500 3489 aliis
2529 3441 2617 3486 ec-

335 3513 545 3583 clesiae
571 3528 703 3587 tuoe
739 3525 1019 3612 neqotiis
1049 3528 1300 3617 fratres
1334 3538 1479 3597 tuos
1507 3531 1828 3620 requiras,
1864 3544 1929 3599 et
1960 3552 2112 3600 cum
2140 3550 2369 3596 eorum
2411 3525 2612 3596 consi·

332 3620 448 3708 lio,
492 3625 600 3703 vel
638 3628 923 3698 sanioris
953 3634 1209 3722 partis,
1262 3634 1492 3704 eadem
1520 3661 1812 3729 peraqas
1850 3650 1915 3706 et
1945 3647 2339 3729 pertractes,
2381 3646 2445 3702 et
2478 3653 2616 3724 quae

324 3732 680 3803 statuenda
700 3747 855 3803 sunt
884 3748 1171 3826 statuas,
1201 3752 1264 3809 et
1282 3756 1509 3812 errata
1537 3746 1859 3836 corriqas,
1889 3756 1955 3811 et
1984 3739 2327 3812 evellenda
2348 3740 2613 3831 dissipes

333 3844 397 3901 et
415 3839 682 3907 evellas.

409 3938 505 4007 Ex
548 3966 679 4032 quo
714 3948 887 4036 juris
923 3955 1096 4019 textu
1142 3955 1234 4022 sic
1286 3959 1613 4025 concludit
1649 3956 2010 4025 Leurenius
2051 3955 2325 4046 (Forum
2359 3953 2607 4035 eccles.,

323 4041 437 4111 lib.
468 4042 578 4163 lli,
614 4050 709 4117 tit.
749 4053 856 4132 10,
887 4062 1110 4145 quaest.
1150 4057 1298 4150 104)
1328 4084 1344 4128 ε
1374 4087 1409 4126 α
1438 4061 1789 4151 Exquirere
1825 4063 1897 4129 in
1926 4060 2224 4152 pluribus
2263 4058 2613 4128 consilium

329 4175 363 4215 «
387 4152 652 4239 capltuli
692 4160 944 4229 tenetur
972 4165 1314 4249 Praelatus;
1351 4169 1437 4237 ita
1476 4174 1573 4257 ut,
1599 4169 1761 4236 dum
1784 4171 1936 4261 iura
1963 4174 2184 4237 actum
2213 4165 2355 4256 geri
2387 4166 2613 4234 volunt

322 4282 356 4322 «
386 4280 539 4328 cum
571 4263 839 4332 consilio
870 4272 1160 4358 capituli,
1195 4275 1273 4357 is,
1301 4275 1440 4344 sine
1463 4299 1539 4344 eo
1568 4276 1876 4365 requisito
1908 4283 1969 4344 et
1996 4295 2287 4364 congruo
2319 4280 2607 4364 tempore

322 4390 354 4429 «
381 4376 700 4460 expectato
719 4376 932 4460 gestus
963 4373 1236 4463 (etiamsi
1266 4381 1345 4448 de
1370 4389 1599 4453 caetero
1629 4392 1842 4473 gestus
1866 4405 2021 4452 cum
2048 4382 2319 4452 consilio
2350 4382 2609 4470 aliquo-
