2930 4982
1156 279 1238 325 DE
1279 278 1615 326 CAPUTUL'S.
2450 276 2472 328 1
2491 274 2572 329 03

378 426 410 465 ι(
435 399 746 480 Quinimo
769 420 984 488 neque
1012 399 1356 488 theologioe
1400 400 1692 485 moralis,
1737 422 1885 490 quae
1934 423 2209 470 casuum
2241 403 2576 472 conscien-

302 507 451 574 «tiae
469 506 734 592 dicitur,
775 506 1139 596 improbari
1192 511 1397 596 potest
1439 507 1812 596 impositio;
1858 509 2192 599 potissime
2221 509 2293 575 in
2344 510 2578 579 uostris

300 639 330 677 «
354 612 546 681 ltaliae
585 612 986 702 regionibus,
1021 613 1322 702 aliisque,
1354 614 1424 680 in
1463 613 1703 702 quibus
1732 615 1810 682 de
1855 615 2007 684 fidei
2055 615 2477 704 dogmatibus
2517 624 2580 685 et

301 720 737 809 «theologicis
781 720 1249 809 quaestionibus
1297 742 1452 788 cum
1497 721 1817 789 haereticis
1850 727 1911 788 et
1948 721 2401 803 schismaticis,
2442 720 2578 790 Deo

294 850 323 890 ι(
340 827 637 915 juvante,
664 826 992 917 disputare
1026 849 1159 894 non
1179 833 1481 916 estopus.
1511 826 1839 907 Quocirca
1863 828 2192 896 utiliorem
2222 827 2572 917 theologia,

290 957 319 997 «
346 932 1016 1024 opportunioremque
1049 955 1168 1023 pro
1195 932 1491 1001 moribus
1515 934 1890 1002 christianis
1915 934 2355 1020 efformandiS,
2386 942 2576 1025 atque

292 1066 320 1103 «
347 1062 464 1130 pro
495 1045 1055 1109 sacramentorum
1080 1040 1669 1126 administratione,
1706 1042 2058 1110 moralium
2088 1043 2573 1133 expositionem,

289 1174 319 1214 «
347 1147 460 1214 ubi
489 1148 762 1237 pacifica
805 1154 899 1216 est
951 1149 1285 1216 catholicae
1320 1149 1471 1217 fidei
1523 1149 1858 1239 professi0‚
1915 1150 2076 1216 dixit
2120 1148 2472 1217 cardinalis
2498 1148 2578 1218 de

289 1281 318 1318 «
354 1253 533 1322 Luca
567 1254 671 1345 (ad
720 1276 905 1323 conc.
941 1255 1155 1340 Trid.‚
1199 1255 1359 1323 disc.
1412 1257 1480 1338 2,
1508 1278 1574 1324 n.
1612 1257 1653 1324 5
1684 1264 1745 1324 et
1778 1257 1913 1345 19).
1944 1256 2021 1323 Et
2047 1257 2301 1323 videtur
2332 1277 2574 1346 appro-

286 1361 520 1429 «basse
554 1384 730 1429 sacra
776 1361 1205 1451 Congregatio
1238 1362 1335 1453 (in
1382 1363 1733 1444 Phar-ensi,
1777 1363 1858 1430 13
1900 1363 2126 1452 aprilis
2173 1363 2368 1451 1595)
2410 1364 2573 1432 dum

283 1494 313 1531 «
340 1468 639 1536 resolvit:
680 1471 734 1536 T
735 1468 1159 1558 heoloqalem
1189 1467 1625 1559 praebendam
1656 1468 1867 1537 alicui
1893 1491 1978 1536 ea·
2019 1468 2288 1557 eolleqii
2315 1468 2581 1557 Illyrici

283 1599 312 1638 «
337 1574 635 1642 alumnis
664 1573 912 1641 idoneis
943 1575 1230 1664 conferri
1262 1597 1483 1665 posse,
1513 1576 1787 1643 tametsi
1835 1575 1890 1643 is
1919 1596 2108 1642 casus
2165 1575 2579 1644 eonscientioe

280 1705 313 1746 (ι
348 1692 616 1748 tantum
657 1680 749 1747 sit
793 1680 1275 1772 explicaturus.
1312 1706 1345 1745 »
1403 1681 1579 1773 (Lib.
1628 1705 1739 1750 vm
1792 1682 2225 1761 decretorum,
2269 1704 2336 1771 p.
2392 1677 2576 1770 116.)

375 1814 410 1853 «
435 1787 513 1854 Et
544 1810 700 1855 cum
728 1787 923 1855 fuerit
957 1787 1053 1878 (ut
1082 1789 1357 1855 inferius
1386 1788 1625 1879 dicam)
1660 1811 1759 1856 res
1784 1789 2052 1857 remissa
2081 1786 2427 1878 Episcopo,
2460 1787 2577 1854 iste

282 1897 515 1985 «juxta
555 1896 657 1962 sui
709 1895 1154 1984 prudentiam,
1203 1895 1259 1961 si
1312 1896 1653 1982 agnoverit
1701 1896 2028 1963 auditores
2077 1916 2371 1984 capaces,
2405 1915 2575 1983 prae-

274 2026 307 2066 ι(
342 2000 571 2067 sertim
615 1999 815 2065 etiam
842 1998 1067 2081 laicOS,
1104 2020 1267 2087 quos
1297 1999 1423 2065 sub
1479 2000 1744 2067 nomine
1783 1999 2010 2091 populi
2056 2019 2312 2066 sacrum
2359 1996 2577 2065 conci-

273 2129 304 2168 «
335 2104 512 2171 lium
538 2101 1052 2193 comprehendit,
1084 2103 1276 2171 debet
1319 2126 1573 2171 sacram
1612 2103 2029 2193 Scripturam
2057 2125 2092 2169 e
2125 2108 2462 2190 suggestu,
2497 2103 2576 2168 ut

271 2237 307 2275 «
337 2209 732 2294 regulariter
765 2209 909 2273 fieri
942 2209 1157 2285 debet,
1192 2209 1669 2295 explanandam
1704 2208 2118 2273 demandare.
2149 2206 2279 2272 Sed
2303 2206 2359 2271 si
2395 2222 2579 2271 secus

270 2342 313 2380 a
343 2312 634 2402 populus
664 2332 796 2377 non
828 2312 1021 2390 adsit,
1074 2332 1195 2377 nec
1227 2311 1439 2378 clerus
1471 2317 1605 2378 tam
1652 2312 1903 2395 doctus,
1934 2310 2171 2378 melius
2217 2307 2579 2376 instruendi

268 2445 307 2483 «
334 2423 503 2486 sunt
532 2418 599 2483 in
631 2417 954 2507 theologia
995 2418 1230 2485 morali
1280 2419 1491 2506 magis
1535 2419 1626 2486 eis
1673 2419 2174 2487 accommodata.
2210 2441 2244 2483 »
2283 2415 2570 2508 (Cardia.

259 2527 482 2606 Petra,
519 2546 762 2592 comm.
799 2524 870 2591 in
897 2530 1098 2592 const.
1157 2525 1370 2607 Quasi
1392 2525 1614 2595 lnnoc.
1649 2526 1767 2608 VI,
1803 2529 1872 2595 in
1906 2526 2200 2614 Summ.,
2235 2547 2303 2592 n.
2350 2524 2465 2610 46,
2499 2524 2570 2592 in

260 2642 448 2701 tomo
474 2629 618 2721 lV.)

356 2738 434 2806 ll.
470 2736 584 2804 Ad
610 2759 801 2829 quem
825 2736 1168 2827 pertineat
1199 2736 1645 2806 determinare
1688 2740 2050 2807 lectionum
2083 2736 2567 2826 tloeeoloqalium

268 2858 555 2935 tempas‘,
586 2845 942 2912 materiam
971 2855 1036 2911 et
1067 2843 1343 2911 modam
1363 2849 1395 2910 Ρ
1416 2882 1509 2896 -
1542 2872 1578 2910 ε(
1617 2845 1910 2913 Profecto
1936 2846 2298 2911 lectionum
2322 2840 2570 2907 theolo-

276 2980 305 3017 «
342 2955 590 3041 galium
633 2952 986 3041 quantitas,
1031 2952 1331 3034 materia,
1378 2951 1642 3036 modus,
1673 2957 1935 3038 tempus
1981 2955 2046 3015 et
2085 2949 2271 3030 hora,
2300 2946 2571 3014 arbitrio

274 3085 305 3123 α
343 3059 650 3150 Episcopi
698 3056 1080 3142 remittitur,
1121 3059 1195 3121 ut
1234 3055 1591 3121 novissime
1643 3076 1821 3122 sacra
1869 3055 2282 3144 congregatio
2309 3053 2572 3121 resolvit

276 3193 308 3230 (ι
345 3165 435 3256 (in
466 3164 817 3246 Amerina,
857 3163 939 3231 15
974 3161 1190 3228 martii
1247 3160 1470 3252 1710),
1500 3169 1691 3251 atque
1723 3184 1949 3230 omnes
1991 3159 2569 3230 conveniuntdoc-

278 3297 310 3335 «
339 3277 534 3339 tores.
563 3268 962 3359 Hujusmodi
1006 3289 1159 3336 vero
1193 3268 1463 3336 arbitrio
1509 3271 1583 3336 iu
1613 3270 1717 3337 his
1770 3269 2192 3338 decernendis
2221 3290 2336 3360 pro
2359 3267 2567 3335 libera

278 3377 665 3445 «voluntate
699 3376 1059 3467 Episcopus
1084 3375 1264 3442 abuti
1289 3397 1423 3443 non
1465 3381 1712 3467 potest3
1749 3377 2034 3467 regulari
2070 3399 2354 3466 namque
2379 3374 2569 3442 debet

277 3510 308 3545 α
334 3507 409 3552 ex
438 3483 809 3552 rationabili
853 3483 1323 3551 consuetudine
1382 3483 1590 3573 ipsius
1643 3485 1930 3553 ecclesiae
1983 3485 2395 3572 aliarumque
2441 3480 2569 3546 cir-

276 3615 309 3653 «
335 3591 877 3680 cumpositarum,
904 3593 979 3655 ut
1009 3611 1191 3655 sacra
1240 3589 1670 3678 Congregatio
1703 3592 1916 3680 quoad
1948 3597 2201 3678 tempus
2228 3594 2291 3654 et
2324 3603 2569 3651 nume·
2621 3677 2628 3678 ἶ

279 3723 311 3762 ι(
336 3720 493 3765 rum
525 3696 891 3763 lectionum
926 3694 1181 3758 censuit
1218 3694 1314 3781 (in
1344 3696 1715 3782 Patavina,
1747 3698 1828 3762 15
1855 3697 2010 3782 julii
2051 3692 2278 3779 1645).
2311 3714 2345 3752 »
2386 3687 2570 3756 Circa

273 3805 695 3890 quaestionem
718 3822 802 3868 an
847 3798 1152 3867 lectiones
1180 3797 1321 3863 fieri
1366 3798 1645 3865 debeant
1691 3799 2093 3881 memoriter,
2139 3797 2315 3864 addit
2356 3795 2568 3866 cardi·

275 3909 439 3977 nalis
486 3909 707 3990 Petra,
747 3928 973 3976 curare
1016 3905 1251 3973 debere
1280 3903 1680 3997 Episcopum
1726 3927 1809 3973 ne
1855 3905 2190 3997 theologus
2228 3904 2567 3975 materiam

276 4036 471 4101 quam
520 4015 722 4083 defert
763 4012 1001 4103 puerili
1049 4013 1243 4081 modo
1297 4014 1365 4081 in
1423 4015 1646 4082 charta
1693 4014 2002 4106 scriptam
2032 4015 2228 4103 legat,
2267 4016 2355 4082 ita
2392 4020 2465 4080 ut
2488 4015 2569 4081 sit

277 4140 465 4190 causa
510 4119 893 4204 derisionis;
946 4120 1459 4211 improbandum
1517 4128 1735 4190 autem
1783 4144 1917 4190 non
1970 4144 2103 4191 esse
2156 4131 2227 4191 ut
2268 4121 2567 4191 chartula

274 4231 491 4296 utatur
513 4227 592 4295 ad
620 4226 962 4296 fovendam
989 4228 1403 4313 memoriam,
1438 4230 1618 4316 quia,
1652 4253 1729 4298 ex
1757 4237 1971 4299 mente
2001 4231 2265 4301 concilii
2290 4228 2568 4296 Triden-

274 4332 421 4422 tini,
448 4335 787 4428 theologus
805 4356 942 4406 non
959 4334 1149 4405 debet
1171 4335 1564 4424 concionari,
1595 4338 1705 4406 sed
1729 4361 1911 4408 more
1934 4341 2275 4408 doctorum
2304 4333 2559 4395 docere,
