2930 4982
1127 325 1209 370 ns
1256 323 1583 371 carnotis.
2378 316 2504 376 433

244 441 572 511 ficialium:
612 440 787 530 quod
813 445 1125 531 tanquam
1149 442 1531 533 principale,
1562 464 1693 511 non
1716 443 2029 513 omissum
2064 444 2314 528 fuisset,
2344 444 2401 514 si
2428 445 2508 515 ad

243 549 399 616 hanc
426 547 946 617 commissionem
982 547 1148 616 illud
1184 550 1624 639 pertinuisset.
1664 550 2067 641 Caeteroquin
2116 551 2509 643 prudentius

242 660 369 743 aget
400 654 753 746 Episcopus
772 655 855 736 si,
886 655 1042 723 dum
1070 656 1290 745 agitur
1313 655 1393 724 de
1414 656 1716 747 eligendo
1746 656 2008 726 Rectore
2031 664 2093 726 et
2115 659 2505 731 officialibus

241 760 571 843 seminarii,
600 761 797 828 etiam
836 781 873 827 a
899 759 1220 851 deputatis
1254 784 1370 853 pro
1400 762 1963 830 administratione
2006 763 2321 853 spirituali
2351 787 2506 834 con·

240 865 445 934 silium
471 869 776 958 requirat.

316 969 422 1039 Vl.
457 973 771 1041 Absentes
800 995 845 1039 a
891 971 1088 1041 choro
1134 971 1228 1040 ad
1263 971 1642 1041 obeundum
1682 995 1935 1040 munus
1977 973 2157 1042 illud
2205 997 2339 1042 non
2368 977 2510 1066 pri·

240 1089 470 1144 vantur
515 1077 1119 1146 distributionibus,
1164 1115 1256 1128 —
1311 1103 1343 1143 «
1371 1076 1544 1146 Dicti
1595 1079 1727 1147 duo
1783 1080 2080 1149 canonici
2135 1080 2424 1170 deputati
2462 1080 2513 1150 si

242 1185 549 1271 «quando
588 1184 922 1280 contingat
950 1206 1021 1251 ea
1058 1184 1136 1250 de
1176 1206 1366 1252 causa
1413 1185 1554 1253 sine
1590 1184 1816 1255 fraude
1860 1187 1942 1254 ab
1983 1187 2253 1257 ecclesia
2295 1187 2516 1258 abesse

242 1311 273 1352 «
295 1308 444 1355 cum
465 1288 808 1380 Episcopo,
837 1311 968 1357 non
989 1295 1141 1357 sunt
1170 1291 1472 1380 privandi
1493 1292 1886 1382 quotidianis
1911 1292 2510 1377 distributionibus,

242 1400 600 1485 «tanquam
659 1397 952 1465 absentes
999 1405 1260 1489 propter
1302 1398 1604 1467 Ecclesiae
1648 1400 1999 1467 utilitatem
2050 1424 2127 1469 ex
2170 1402 2385 1470 officio
2422 1404 2514 1473 cis

240 1526 272 1567 ι(
296 1503 621 1573 attributO.
652 1530 686 1570 1>
731 1503 1071 1596 (FerrariS,
1099 1515 1168 1573 v⁰
1201 1505 1702 1594 Seminarium,
1729 1527 1798 1573 n.
1839 1506 1974 1597 16.)

313 1609 378 1677 ld
426 1633 576 1680 vero
633 1613 1111 1681 extendendum
1157 1618 1253 1680 est
1300 1613 1381 1680 ad
1448 1613 1797 1680 canonicos
1857 1612 2138 1680 aliarum
2200 1614 2513 1683 commis-

235 1714 503 1800 sionum,
530 1740 610 1785 ex
641 1718 862 1785 eadem
903 1720 1147 1786 ratione
1171 1745 1190 1806 3
1218 1718 1368 1807 quia
1394 1739 1631 1808 nempe
1669 1723 1827 1786 tunc
1861 1740 2009 1785 vere
2045 1716 2283 1786 absunt
2310 1718 2390 1786 ob
2418 1742 2515 1787 ee·

235 1819 424 1888 elesioe
466 1823 868 1893 utilitatem.
904 1824 1168 1892 Certum
1207 1830 1422 1891 autem
1462 1831 1555 1890 est
1583 1826 1995 1903 canonicum,
2028 1824 2189 1892 dum
2218 1824 2395 1892 abest
2429 1823 2514 1894 ob

235 1926 503 1997 ec‘clesiae
553 1931 929 2010 utilitatem,
981 1932 1072 1998 ita
1107 1929 1396 1997 excusari
1442 1936 1519 1997 ut
1571 1952 1706 1997 non
1753 1936 2014 1998 tantum
2059 1930 2309 1998 fructus
2355 1952 2513 2020 prae-

232 2031 477 2122 bendae,
508 2037 618 2104 sed
644 2038 835 2104 etiam
862 2035 1346 2103 distributiones
1380 2035 1694 2104 lucretur.

1305 2309 1429 2387 §3

282 2482 351 2521 DE
388 2481 745 2524 COMMISSIONE
788 2483 1176 2524 DEPUTATORUM
1205 2482 1305 2523 PRO
1333 2482 1826 2523 ADMINISTRATIONE
1857 2483 2158 2522 TEMPORALI
2187 2483 2467 2524 sEmNAmI

318 2658 465 2727 Jam
515 2684 713 2752 supra
747 2662 1057 2742 vidimUS,
1090 2684 1165 2732 ex
1210 2651 1378 2729 textu
1423 2663 1563 2753 ipso
1610 2661 1977 2729 Tridentini
2028 2662 2292 2746 decreti,
2340 2682 2515 2728 com-

237 2766 615 2833 missionem
637 2769 809 2836 hanc
842 2774 1132 2835 constare
1157 2767 1412 2834 duobus
1443 2765 1524 2833 de
1553 2768 1837 2855 capitulo
1858 2773 1922 2832 et
1946 2766 2203 2858 duobus
2236 2765 2316 2832 de
2346 2764 2520 2831 clero

242 2868 545 2937 civitatis.
583 2872 677 2939 De
730 2874 862 2939 illis
908 2879 1184 2961 quatuor
1240 2873 1559 2960 deputatis
1619 2872 1760 2938 haec
1819 2872 2154 2938 tractanda
2204 2870 2517 2937 veniunt:

240 2975 307 3043 1⁰
330 2975 438 3043 Ad
476 2999 638 3065 quos
687 2978 999 3068 pertineat
1037 2998 1263 3042 eorum
1309 2976 1578 3057 electi03
1624 2974 1692 3039 2⁰
1738 2994 1820 3040 an
1858 2975 1988 3041 sint
2027 2974 2517 3063 inamovibiles3

238 3080 303 3149 3⁰
324 3103 409 3149 an
438 3083 822 3175 Episcopus,
851 3082 1286 3174 intemporali
1316 3081 1871 3148 administratione
1900 3080 2259 3162 seminarii,
2292 3100 2523 3150 eorum

238 3190 582 3260 consilium
650 3192 986 3281 requirere
1021 3194 1355 3273 teneatur3
1390 3188 1460 3253 4ο
1489 3208 1571 3255 an
1623 3192 1913 3255 teneatur
1963 3187 2123 3255 illud
2172 3189 2520 3258 consilium

238 3299 451 3386 sequi;
502 3299 571 3367 5⁰
619 3319 918 3387 quaenam
984 3283 1271 3363 materiae
1322 3295 1495 3362 hanc
1544 3294 2071 3362 commissionem
2132 3297 2515 3386 respiciant3

241 3402 302 3468 6ο
324 3426 408 3471 an
426 3404 721 3473 officium
748 3405 935 3471 dictae
958 3402 1438 3471 commissionis
1464 3403 1840 3469 extendatur
1867 3402 1948 3469 ad
1981 3403 2199 3470 omnia
2228 3403 2521 3473 dioecesis

241 3512 641 3578 seminaria?

318 3613 367 3681 Ι.
400 3615 513 3683 Ad
548 3637 716 3707 quos
755 3600 1095 3704 pertineat
1141 3611 1373 3681 electio
1417 3610 1890 3703 deputatorum
1917 3637 2047 3705 pro
2093 3613 2526 3682 administra-

244 3719 417 3788 tione
444 3720 816 3812 temporali
842 3716 1255 3785 seminarii?
1290 3756 1381 3768 —
1408 3717 1503 3785 De
1539 3719 1791 3788 duobus
1817 3721 1931 3809 qui
1965 3719 2337 3788 assumendi
2376 3721 2530 3784 sunt

237 3846 269 3890 e
290 3827 575 3918 capitulo
615 3848 751 3893 non
792 3831 884 3892 est
919 3823 1293 3902 difficultas,
1328 3846 1479 3891 cum
1511 3824 1890 3894 Tridentina
1926 3825 2207 3912 synodus
2237 3843 2528 3912 expresse

241 3929 402 4000 dicat
447 3960 463 4000 :
507 3937 814 4016 Quorum
851 3932 1028 3999 alter
1054 3929 1139 3997 ab
1171 3930 1533 4022 Episcopo,
1563 3933 1732 4000 alter
1761 3931 1845 3999 ab
1888 3931 2032 4019 ipso
2072 3928 2370 4018 capitulo
2409 3930 2532 3999 eli-

239 4050 460 4124 qatur.
505 4039 742 4121 Quoad
771 4040 934 4107 duos
974 4038 1390 4106 assumendos
1439 4037 1517 4106 de
1567 4039 1733 4106 clero
1783 4034 2105 4120 civitatib,
2151 4043 2399 4107 certum
2439 4046 2533 4108 est

240 4127 497 4213 alterius
560 4146 943 4212 electionem
1002 4143 1082 4211 ad
1148 4140 1541 4234 Episcopum
1594 4143 1943 4233 pertinere,
2013 4141 2103 4206 ita
2147 4141 2530 4212 decernente

246 4251 553 4335 praedicto
589 4249 974 4318 Tridentino
1004 4247 1318 4317 concilio:
1369 4251 1670 4329 Quorum
1700 4242 1966 4337 quidem
1999 4244 2280 4312 alterius
2313 4245 2532 4315 electio

243 4351 563 4423 similiter
603 4354 695 4422 ad
733 4355 1142 4446 Episcopum
1166 4352 1530 4444 pertineat.
1569 4354 1651 4419 At
1691 4373 1836 4420 vero
1865 4354 2022 4419 dum
2051 4375 2223 4420 sacra
2252 4350 2530 4437 synodus

799 4458 802 4461 ⁴
2215 4467 2286 4510 28
