2930 4982
1240 430 1439 475 lunnx.
2350 423 2474 478 625

261 562 294 624 §
331 566 374 612 1.
408 563 599 611 Mortuo
630 556 840 606 Praelato
864 552 1104 611 inferiori,
1124 548 1526 613 jurisdictionem
1554 550 1698 610 quasi
1729 552 2062 613 episcopalem
2087 550 2321 612 habente,

318 640 600 703 jurisdictio
631 639 813 688 transit
836 634 900 684 ad
925 631 1204 696 capitulum
1229 628 1482 692 collegiale
1489 664 2313 682 ..........................
2387 634 2474 682 534

262 718 293 781 ς
325 721 373 768 2.
411 716 489 766 An
512 713 788 780 capItulum
830 712 1119 773 collegiatae,
1152 713 1353 758 mortuo
1374 707 1602 765 PraelatO,
1624 706 2021 768 jurisdictionem
2050 712 2192 772 quasi
2222 711 2328 773 epi-

328 796 581 860 scopalem
606 794 842 854 habente,
860 795 1018 855 possit
1035 789 1436 854 jurisdictionem
1450 800 1543 850 per
1562 799 1614 836 se
1639 789 1802 851 ipsum
1830 799 2088 850 exercere;
2117 802 2183 839 an
2208 803 2327 840 vero

323 879 585 934 teneatur,
615 876 744 923 sicut
776 871 1056 934 capitulum
1084 868 1399 927 cathedrale,
1443 868 1689 916 vicarium
1725 866 1854 916 infra
1887 872 1999 916 octo
2035 867 2141 916 dies
2171 869 2327 930 depu—

319 959 428 1003 tare
445 956 468 1001 P
497 983 2318 1003 ...........................................................
2393 953 2484 1000 536

202 1032 407 1083 CAPUT
440 1032 590 1081 xvll.
627 1029 886 1091 Quomodo
909 1043 941 1079 a
962 1029 1182 1093 capitulo
1206 1030 1375 1092 peragi
1399 1027 1581 1077 debeat
1604 1026 1777 1076 electio
1802 1031 1859 1076 ut
1882 1030 1950 1077 sit
1969 1027 2223 1089 legitima?
2244 1066 2255 1077 .
2277 1066 2317 1078 ..
2393 1031 2483 1080 536

260 1112 290 1175 ἓ
330 1117 372 1161 1.
409 1112 486 1161 An
511 1111 690 1161 electio
719 1112 1001 1160 necessario
1027 1108 1255 1159 facienda
1283 1110 1349 1159 sit
1371 1120 1461 1171 per
1485 1112 1676 1158 secreta
1694 1106 1964 1167 suffragia?
1968 1141 2318 1159 ............
2393 1109 2484 1160 536

260 1191 292 1253 ἓ
330 1195 376 1241 2.
412 1191 488 1240 An
507 1188 881 1239 numerandum
906 1190 972 1238 sit
994 1191 1171 1238 votum
1201 1187 1336 1249 quod
1360 1186 1452 1236 sibi
1481 1188 1577 1249 ipsi
1608 1186 1791 1249 aliquis
1815 1186 1960 1235 daret
1968 1224 2322 1238 ............
2395 1191 2489 1237 538

262 1273 293 1335 ξ
326 1276 373 1323 3.
408 1270 482 1320 Ad
511 1283 638 1339 quos
666 1271 914 1333 pertineat
933 1269 1175 1317 vicarium
1195 1265 1522 1329 capitularem
1545 1266 1724 1327 eligere
1746 1304 2319 1318 ...................
2334 1283 2343 1294 ·
2394 1269 2487 1317 539

259 1351 291 1413 ἓ
324 1354 368 1401 4.
408 1350 594 1399 Electio
616 1349 785 1397 vicarii
814 1342 1103 1409 capitularis
1135 1358 1237 1395 non
1265 1348 1459 1409 spectat
1482 1346 1544 1394 ad
1576 1348 1846 1395 canonicos
1881 1348 1956 1395 uti
1979 1346 2218 1408 singuloS,
2239 1344 2330 1396 sed

322 1428 388 1477 ad
406 1426 709 1490 capitulum;
733 1427 869 1476 unde
892 1426 956 1476 ad
977 1427 1102 1475 nihil
1125 1427 1408 1475 inserviunt
1429 1426 1667 1487 suffragia
1688 1426 2175 1489 extracapitulariter
2194 1428 2332 1488 data,

325 1507 652 1567 quantumvis
678 1504 971 1554 authentica
999 1507 1052 1553 et
1075 1517 1164 1568 per
1181 1505 1374 1553 litteras
1394 1507 1625 1566 patentes
1644 1502 1842 1553 firmata
1850 1542 2321 1556 ................
2395 1505 2487 1553 543

263 1582 294 1644 ἓ
329 1585 374 1633 5.
413 1585 487 1633 An
515 1585 657 1633 irrita
674 1583 856 1634 evadat
881 1583 1057 1633 electio
1081 1586 1122 1634 si
1147 1586 1259 1646 quis
1281 1583 1494 1634 idoneus
1513 1587 1729 1645 rejectus
1751 1584 1902 1634 fuerit
1923 1597 1953 1633 a
1971 1596 2185 1634 numero
2211 1597 2329 1633 con-

321 1666 633 1713 currentium
653 1701 2321 1716 ......................................................
2395 1666 2483 1714 544

260 1739 292 1801 ἓ
327 1743 372 1789 6.
407 1740 619 1803 Quando
651 1754 753 1789 non
786 1745 1052 1790 remanent
1091 1743 1188 1790 nisi
1216 1754 1351 1791 unus
1382 1742 1462 1791 vel
1502 1741 1605 1790 duo
1643 1741 1941 1804 capitulares
1975 1744 2059 1803 jus
2092 1741 2334 1791 habentes

323 1821 565 1883 suffragii,
591 1833 654 1870 eo
683 1820 819 1882 quod
847 1821 1014 1869 caeteri
1040 1820 1118 1869 vel
1149 1822 1336 1869 mortui
1361 1822 1498 1878 sunt,
1526 1818 1607 1869 vel
1638 1832 1728 1890 per
1761 1831 2002 1869 censuras
2023 1833 2143 1869 voce
2172 1821 2334 1869 activa

322 1901 506 1961 privati
529 1903 669 1959 sunt,
699 1898 778 1950 vel
803 1899 906 1949 alio
935 1899 1088 1949 modo
1110 1898 1479 1962 impediuntur,
1502 1911 1569 1946 an
1593 1898 1769 1946 electio
1793 1910 1882 1959 per
1899 1898 2042 1948 illum
2062 1912 2222 1948 unum
2245 1901 2334 1948 aut

323 1992 415 2041 per
436 1979 545 2030 illos
574 1982 902 2043 paucissimos
923 1972 1277 2039 factazvaleat?
1285 2013 2324 2028 ..................................
2398 1978 2491 2025 544

263 2058 294 2120 ἓ
334 2063 377 2110 7.
411 2060 676 2122 Quatenus
702 2058 915 2108 vocandi
945 2059 1050 2106 sint
1082 2057 1331 2116 absentes,
1362 2058 1413 2105 et
1445 2069 1513 2105 an
1542 2055 1839 2117 suffragium
1873 2055 1992 2104 dare
2019 2055 2221 2105 valeant
2242 2066 2333 2118 per

321 2142 714 2199 procuratorem.
745 2164 810 2173 —
831 2136 895 2185 Et
915 2149 980 2185 an
1002 2139 1054 2185 in
1075 2137 1272 2197 scriptis
1281 2172 2322 2186 ..................................
2394 2134 2488 2183 545

261 2216 292 2277 ἓ
327 2219 374 2265 8.
409 2215 644 2277 Quinam,
677 2228 708 2265 a
740 2227 858 2277 quo,
894 2218 945 2264 et
973 2214 1237 2277 quomodo·
1255 2201 1465 2264 vocandi
1502 2213 1762 2274 electores,
1797 2216 1848 2263 et
1882 2216 2090 2275 quinam
2118 2213 2333 2263 sufficiat

320 2298 554 2344 votorum
576 2307 819 2344 numerus
845 2294 1135 2356 (remissive)
1159 2330 2323 2345 ......................................
2396 2293 2485 2342 547

229 2373 292 2436 ἓ
325 2377 371 2424 9.
406 2377 484 2424 An
507 2372 640 2424 facta
661 2375 920 2436 electione,
943 2376 1156 2423 vicarius
1185 2374 1473 2437 capitularis
1488 2373 1891 2435 jurisdictionem
1921 2385 2151 2422 exercere
2173 2374 2332 2435 possit

321 2458 440 2504 ante
463 2453 655 2505 litteras
677 2458 908 2520 patentes
932 2453 1182 2505 confectas
1201 2456 1347 2518 eique
1366 2453 1574 2504 traditas
1584 2487 2317 2507 ........................
2392 2454 2480 2503 547

195 2542 478 2592 §neno
506 2543 604 2592 11.
639 2544 902 2606 Quomodo
926 2557 1035 2594 sese
1059 2543 1280 2594 habeant
1305 2543 1369 2593 ad
1392 2545 1608 2592 invicem
1635 2542 1914 2606 capitulum
1934 2545 1986 2592 et
2012 2543 2227 2593 vicarius
2245 2554 2327 2592 ca·

255 2623 487 2686 pitularis
511 2625 676 2687 quoad
700 2628 998 2688 potestatem
1008 2659 2317 2676 ...........................................
2392 2624 2482 2671 548

194 2710 401 2760 CAPUT
435 2713 473 2762 Ι.
510 2713 789 2776 Exponitur
805 2715 1107 2776 principium
1125 2725 1188 2762 ex
1209 2725 1308 2775 quo
1332 2712 1657 2762 determinari
1678 2714 1834 2774 queat
1855 2710 2062 2773 capituli
2083 2714 2135 2760 et
2153 2712 2325 2759 vicarii

261 2789 549 2852 capitularis
572 2793 624 2840 in
646 2795 862 2842 invicem
889 2796 1110 2855 potestas
1119 2826 2316 2843 .......................................
2389 2791 2480 2838 548

199 2875 404 2934 CAPUT
443 2878 505 2928 11.
545 2879 770 2929 Potestas
809 2881 981 2929 vicarii
1020 2883 1073 2928 in
1114 2880 1398 2942 capitulum
1437 2882 1516 2928 est
1553 2880 1769 2943 ipsamet
1812 2880 2035 2940 potestas
2074 2877 2327 2927 ordinaria

259 2954 507 3018 Episcopi,
531 2959 694 3020 qualis
713 2961 876 3022 primo
899 2961 1167 3009 transierat
1193 2961 1246 3008 in
1273 2959 1570 3022 capitulum,
1597 2962 1648 3009 et
1675 2971 1789 3020 quae
1808 2960 1915 3024 tota
1940 2962 2114 3020 postea
2137 2959 2324 3008 vicario

260 3035 516 3086 confertur
524 3076 2311 3091 ..........................................................
2386 3041 2478 3089 549

197 3112 400 3162 CAPUT
432 3115 518 3167 ΙΙΙ.
553 3117 877 3167 Consectaria
901 3131 1014 3180 quae
1043 3131 1102 3168 ex
1130 3118 1327 3168 duobus
1350 3120 1622 3183 praemissis
1646 3118 1890 3180 capitibus
1908 3119 2077 3167 fluunt
2084 3155 2313 3169 ........
2388 3119 2482 3167 550

324 3193 361 3243 1.
390 3194 613 3246 vicarius
646 3198 938 3260 capitularis
969 3210 1073 3247 non
1101 3202 1178 3246 est
1203 3199 1417 3248 vicarius
1450 3197 1676 3262 capituli,
1708 3198 1795 3246 sed
1823 3197 2053 3260 Episcopi
2057 3233 2313 3246 .........
2388 3197 2481 3244 550

322 3272 385 3322 ll.
421 3273 638 3326 vicarius
656 3279 950 3341 capitularis
976 3293 1079 3329 non
1106 3282 1274 3342 potest
1294 3292 1325 3328 a
1345 3279 1563 3342 capitulo
1586 3281 1809 3328 revocari
1830 3315 2312 3330 ................
2387 3278 2472 3326 551
2571 3316 2572 3319 ,

322 3350 406 3402 111.
441 3354 663 3406 vicarius
694 3359 986 3422 capitularis
1009 3373 1110 3409 non
1133 3363 1335 3409 tenetur
1356 3361 1607 3408 rationem
1626 3371 1731 3408 suae
1752 3354 2327 3408 administrationis‘red·

384 3431 502 3480 dere
530 3437 748 3496 capitulo
764 3474 2309 3492 ..................................................
2384 3435 2477 3484 552

325 3509 410 3562 IV.
445 3512 554 3562 Non
584 3518 750 3576 potest
777 3518 1054 3579 capitulum
1078 3532 1375 3581 cognoscere
1403 3520 1465 3569 de
1487 3519 1778 3569 criminibus
1798 3518 1982 3580 quibus
2004 3519 2324 3566 accusaretur

382 3594 596 3642 vicarius
615 3595 922 3657 capitularis,
942 3611 1035 3648 nec
1057 3612 1174 3649 eum
1195 3601 1421 3660 judicare
1445 3603 1535 3648 aut
1554 3603 1706 3649 etiam
1728 3599 1987 3660 syndicare
1994 3634 2310 3648 ...........
2384 3596 2474 3645 552

321 3671 381 3720 V.
416 3670 473 3719 In
495 3671 635 3721 nullo
664 3686 783 3723 casu
810 3679 1025 3727 vicarius
1055 3679 1340 3742 capitularis
1365 3680 1553 3740 indiget
1573 3677 1812 3728 mandato
1832 3676 2033 3740 speciali
2050 3676 2277 3738 capituli.
2296 3713 2308 3725 .
2383 3677 2474 3725 552

321 3749 400 3800 VI.
435 3750 543 3800 Non
562 3756 728 3814 potest
756 3757 1032 3818 capitulum
1057 3761 1359 3810 constituere
1379 3759 1610 3808 officiales
1629 3759 1812 3820 quibus
1831 3760 2062 3807 teneatur
2080 3759 2156 3806 uti
2182 3759 2316 3806 vica·

382 3829 486 3877 rius
509 3830 796 3903 capitularis
820 3836 870 3882 et
898 3848 1023 3897 quos
1046 3849 1300 3888 removere
1321 3843 1562 3899 nequeat.
1582 3876 1613 3889 .,
1613 3872 2309 3888 .......................
2384 3836 2475 3884 552

193 3910 470 3962 Sne-no
497 3914 631 3963 ΙΙΙ.
666 3918 905 3978 Quaenam
939 3924 1006 3970 sit
1041 3926 1261 3972 extensio
1294 3927 1555 3987 potestatis
1593 3927 1705 3974 tum
1739 3923 1973 3986 capituli,
2006 3926 2119 3973 tum
2152 3925 2322 3973 vicarii

257 3994 557 4057 capitularis,
583 4003 793 4047 vacante
812 3999 954 4059 sede;
986 4005 1036 4049 et
1062 4004 1311 4064 quomodo
1337 4007 1529 4065 expiret
1552 4003 1637 4052 illa
1654 4005 1875 4066 potestas
1881 4039 2310 4054 ...............
2384 4005 2476 4054 553

193 4071 398 4124 CAPUT
434 4073 470 4122 1.
506 4074 794 4132 Jurisdictio
823 4090 911 4128 seu
938 4082 1158 4140 potestas
1187 4095 1341 4144 quam
1367 4082 1520 4132 habet
1543 4080 1822 4144 capitulum
1844 4086 1962 4131 ante
1992 4084 2162 4131 vicarii
2188 4085 2323 4153 capi-

253 4152 434 4202 tularis
460 4152 770 4217 electionem,
793 4158 970 4208 eadem
998 4162 1201 4208 omnino
1233 4164 1310 4211 est
1335 4174 1393 4209 ac
1411 4162 1689 4222 jurisdictio
1712 4175 1825 4224 quae
1848 4162 2007 4211 electo
2029 4163 2211 4211 vicario
2237 4175 2319 4211 ca-

252 4230 456 4293 pitulari
483 4235 719 4295 competit
735 4273 2307 4293 ...................................................
2379 4242 2471 4290 553

190 4308 395 4359 CAPUT
427 4310 484 4360 11.
522 4310 616 4361 Pro
644 4314 816 4375 regula
843 4321 1176 4369 communiter
1203 4321 1493 4371 admittitur
1517 4326 1679 4375 totam
1698 4321 2097 4383 jurisdictionem
2116 4320 2316 4369 ordina-

253 4391 382 4438 riam
408 4390 655 4456 Episcopi,
678 4398 859 4456 praeter
889 4395 976 4447 illa
1006 4412 1119 4460 quae
1155 4413 1185 4449 a
1206 4404 1322 4462 jure
1353 4404 1611 4452 communi
1640 4405 1965 4465 reperiuntur
1998 4403 2221 4491 excepta,
2252 4400 2317 4450 ad

250 4469 530 4531 capitulum
558 4474 609 4521 et
625 4478 798 4534 postea
821 4473 884 4524 ad
909 4477 1148 4529 vicarium
1167 4482 1495 4544 capitularem
1517 4483 1726 4532 transire
1733 4517 2262 4532 ..................
2283 4518 2294 4539 .
2372 4481 2460 4534 554

2157 4579 2221 4621 40
