2930 4982
379 444 412 497 4
1354 451 1693 498 TRAGTATUS

356 576 587 655 «tum
616 569 697 637 ad
757 591 822 636 lv
866 589 1070 657 usque
1117 568 1454 637 saeculum.
1514 567 1703 636 Tunc
1755 568 2163 636 solummodo
2206 578 2539 660 coeperunt
2573 573 2653 640 ab

377 702 412 741 «
440 676 758 766 Episcopo
784 675 926 741 ruri
951 675 1253 742 constitui
1282 674 1487 763 aliqui
1517 675 1762 758 clerici,
1791 675 1909 742 ubi
1959 676 2190 764 ingens
2233 698 2508 745 numero
2544 702 2646 747 re-

377 810 411 847 «
443 783 688 851 sidebat
721 781 1013 849 fidelium
1057 781 1358 871 populus,
1402 780 1573 849 Hinc
1608 787 1762 849 ortae
1789 782 2126 871 plebaniae,
2156 784 2288 850 sive
2327 787 2649 873 parochiae

376 916 412 954 «
436 889 706 957 rurales,
740 887 814 955 In
843 887 1208 955 civitatibus
1253 894 1467 954 autem
1494 887 1675 954 nulla
1695 909 1810 976 per
1833 887 2026 955 mille
2071 911 2282 956 annos
2308 891 2513 958 extitit
2539 914 2648 983 pa-

372 1020 407 1060 «
436 995 677 1063 rochia.
720 993 1077 1081 Presbyteri
1107 998 1324 1060 autem
1342 1000 1404 1059 et
1426 993 1683 1060 diaconi
1710 993 1805 1060 illi
1826 994 1940 1082 qui
1965 993 2105 1060 ruri
2133 994 2368 1062 saeculo
2404 1018 2469 1062 lv
2499 1019 2649 1064 con-

372 1128 405 1166 «
438 1100 641 1168 stituti
664 1106 839 1182 sunt,
863 1099 1046 1166 valde
1086 1099 1473 1166 differebant
1500 1121 1538 1167 a
1557 1100 1949 1190 presbyteris
1989 1106 2051 1167 et
2079 1101 2367 1169 diaconis
2395 1110 2649 1172 senatus

370 1235 405 1274 «
433 1206 830 1297 episcopalis.
858 1204 1039 1273 Licet
1059 1205 1236 1271 enim
1268 1207 1420 1272 veri·
1449 1205 1805 1274 sacerdotes
1847 1213 2055 1274 essent
2096 1216 2159 1273 et
2185 1208 2465 1290 diaconi,
2495 1230 2647 1277 cen-

371 1340 404 1377 «
440 1312 745 1380 sebantur
783 1316 1003 1379 tamen
1041 1311 1368 1378 inferioris
1398 1311 1673 1399 gradus;
1706 1317 1848 1378 tum
1884 1314 2040 1400 quia
2067 1313 2203 1400 alii,
2232 1320 2308 1380 ut
2337 1314 2639 1399 vidimus,

367 1445 402 1484 «
437 1417 860 1487 institutionis
905 1422 1088 1484 erant
1140 1418 1525 1507 apostolicae,
1551 1424 1694 1485 tum
1740 1418 1893 1507 quia
1950 1419 2297 1487 consilium
2341 1420 2640 1511 Episcopi

369 1553 403 1590 «
430 1525 817 1607 conflabant,
850 1530 994 1591 tum
1022 1523 1174 1612 quia
1200 1545 1331 1591 una
1355 1545 1509 1591 cum
1535 1523 1849 1615 Episcopo
1872 1524 2229 1612 dioecesim,
2252 1526 2496 1593 clerum
2522 1527 2643 1594 sci-

367 1661 399 1698 «
426 1635 574 1702 licet
595 1638 658 1700 ct
697 1631 1045 1722 populum,
1092 1631 1426 1719 regebant,
1461 1637 1607 1698 tum
1649 1631 1930 1720 denique
1958 1632 2137 1720 quia,
2181 1632 2467 1718 absente,
2521 1632 2643 1700 im-

364 1766 397 1803 «
427 1738 639 1829 pedito
663 1742 776 1804 aut
812 1743 1067 1804 mortuo
1093 1735 1434 1826 EpiscopO,
1475 1735 2002 1825 jurisdictionem
2041 1737 2435 1804 ordinariam
2469 1759 2643 1804 exer-

363 1870 396 1907 «
425 1844 677 1912 cebant.
747 1842 1238 1910 lnferioritatem
1286 1841 1467 1909 illam
1519 1843 2047 1932 presbyterorum
2091 1849 2153 1910 et
2213 1843 2638 1911 diaconorum

361 1978 394 2016 «
422 1951 537 2040 qui
591 1970 724 2016 non
765 1955 947 2016 erant
973 1949 1051 2016 de
1097 1947 1348 2037 gremio
1377 1954 1637 2016 senatus
1681 1950 2061 2040 episcopalis
2095 1951 2253 2038 (aut,
2282 1956 2354 2017 ut
2382 1971 2500 2017 nos
2544 1950 2641 2017 di·

360 2084 394 2122 «
423 2057 634 2124 cimus
652 2056 731 2123 de
755 2054 1102 2146 Capitulo),
1126 2077 1164 2123 a
1179 2056 1395 2146 primo
1416 2056 1714 2124 Ecclesiae
1738 2057 1971 2126 saeculo
1998 2078 2206 2145 usque
2224 2055 2304 2123 ad
2326 2055 2640 2123 hodierna

359 2170 713 2253 «tempora
742 2163 880 2230 sine
920 2163 1056 2229 ulla
1102 2164 1376 2230 omnino
1418 2158 1893 2253 interruptione
1934 2184 2369 2253 permanasse,
2413 2163 2641 2252 proba-

359 2296 390 2332 «
411 2271 632 2337 bimus
660 2274 837 2337 tanto
868 2275 1449 2338 monumentorum
1488 2270 1854 2360 splendore,
1880 2271 1997 2359 qui
2030 2270 2252 2336 oculos
2280 2268 2640 2336 Paroclzia-

357 2401 390 2436 «
419 2374 589 2440 listis
611 2372 700 2465 (1)
733 2379 938 2440 eruat.
977 2399 1010 2436 »

443 2503 477 2542 α
501 2476 614 2545 llle
663 2499 860 2567 porro
915 2477 1443 2567 uniuscujusque
1482 2479 1769 2546 ecclesiae
1808 2484 2065 2545 senatus
2111 2479 2323 2545 statim
2371 2478 2454 2543 ab
2494 2479 2634 2567 ipso
2739 2571 2741 2580 ‚

355 2584 872 2672 «Apostolorum
932 2589 1222 2673 tempore
1280 2585 1692 2671 constitutus,
1745 2584 1931 2651 nullo
1978 2604 2276 2671 unquam
2328 2584 2638 2671 temporis

355 2688 752 2756 «intervallo
821 2689 1222 2779 interruptus
1289 2711 1498 2778 usque
1557 2710 1740 2757 nunc
1805 2689 2278 2778 perseveravit3
2353 2688 2635 2778 profecto

354 2822 387 2860 «
416 2817 618 2884 usque
657 2796 739 2863 ad
770 2796 973 2863 finem
1004 2795 1239 2863 mundi
1269 2794 1644 2878 duraturus,
1667 2783 1750 2862 ad
1792 2796 2239 2864 confusionem
2268 2815 2495 2861 eorum
2518 2798 2635 2884 qui

353 2929 386 2967 «
416 2902 732 2971 indefesso
783 2902 1127 2969 molimine
1159 2901 1348 2968 illum
1376 2902 1457 2969 de
1490 2902 1707 2969 medio
1742 2901 1966 2970 tollere
2003 2906 2272 2969 tentant.
2308 2900 2635 2991 Apostoli-

351 3032 385 3070 «
420 3008 627 3075 citatis
669 3009 845 3074 enim
895 3008 1135 3098 sigillo,
1172 3008 1479 3077 Ecclesiae
1523 3006 1768 3077 Christi
1811 3030 2061 3099 sponsae
2110 3029 2454 3096 nunquam
2498 3028 2634 3074 non

355 3140 388 3176 «
417 3114 886 3203 acceptissimo,
906 3115 1301 3202 insignitur.

440 3216 686 3298 «Quod
715 3219 1043 3309 prioribus
1083 3219 1241 3285 olim
1270 3219 1682 3309 temporibus
1727 3216 2108 3308 princi'palis
2144 3215 2256 3283 ille
2282 3222 2424 3307 post
2447 3216 2636 3307 Epis-

355 3350 386 3387 «
414 3345 655 3412 copum
723 3323 1118 3392 clericorum
1181 3331 1382 3393 coetus
1447 3328 1625 3392 varia
1683 3323 1968 3391 induerit
2020 3322 2293 3390 nomina
2343 3345 2629 3409 coronoe,

352 3457 386 3495 «
411 3440 701 3512 senatuS,
753 3429 1264 3520 presbyterii...‚
1324 3434 1539 3519 postea
1585 3451 1739 3496 vero
1789 3427 2170 3516 eolkqinm,
2226 3428 2626 3517 capitulum,

355 3564 386 3602 «
416 3536 801 3604 canonici...
851 3537 1064 3605 dictus
1098 3538 1204 3622 sit,
1239 3536 1304 3603 id
1342 3536 1538 3603 nihili
1573 3536 1809 3603 refert:
1857 3535 1979 3603 sub
2011 3534 2483 3602 vocabulorum
2526 3535 2632 3603 di·-

356 3644 713 3712 «versitate
759 3664 861 3711 res
913 3664 1170 3733 semper
1208 3643 1433 3710 eadem
1487 3642 1871 3733 permansit,
1924 3661 2043 3709 nec
2096 3647 2301 3732 potest
2347 3639 2633 3708 erroneis

353 3756 800 3818 «novatorum
857 3754 970 3818 aut
1041 3748 1264 3817 minus
1333 3749 1745 3818 eruditorum
1812 3745 2448 3836 interpretationibus
2499 3746 2631 3813 im—

352 3856 676 3932 «mutari.

440 3988 476 4027 «
502 3960 878 4049 Antiquiori
909 3967 1131 4031 tamen
1178 3968 1241 4028 et
1272 3960 1695 4051 frequentiori
1746 3981 1872 4028 usu
1916 3958 2131 4048 viguit
2167 3957 2327 4026 olim
2354 3957 2432 4025 ad
2461 3958 2633 4027 desi-

351 4094 387 4133 «
414 4065 756 4156 gnandum
806 4074 1107 4136 senatum
1163 4065 1696 4146 ecclesiasticum,
1741 4064 1873 4131 sive
1924 4062 2322 4152 Capitulum,
2377 4060 2444 4128 id
2504 4067 2624 4145 est,

353 4200 389 4239 «
413 4172 756 4241 duodecim
813 4173 1152 4263 praedictos
1203 4173 1605 4263 presbyteros
1657 4175 1721 4238 et
1766 4175 2010 4259 septem
2055 4168 2356 4235 diaconos
2404 4166 2632 4235 cathe-

358 4307 392 4346 «
419 4279 654 4363 draleS,
681 4278 1087 4370 presbyterii
1120 4278 1580 4346 denominatim
1618 4275 1834 4357 Quaeri
1871 4277 2078 4365 posset
2101 4294 2218 4341 cur
2247 4268 2633 4363 hujusmodi

410 4438 476 4499 (ι)
513 4437 617 4487 Hoc
645 4438 851 4487 nomine
879 4433 1378 4485 Parochialistarum
1396 4437 1544 4508 vocat
1565 4431 1717 4483 Nardi
1736 4435 2018 4492 novatoreS,
2047 4431 2133 4494 qui
2158 4433 2274 4493 jura
2300 4430 2635 4495 parochorum

349 4512 483 4562 ultra
503 4515 714 4566 modum
741 4514 1010 4566 extollunt.
