2930 4982
340 376 372 427 3
383 373 414 426 9.
1311 379 1653 426 ΤΒΑΕΤΑΤΕθ

344 526 377 564 ε(
407 500 493 567 At
534 505 674 590 post
719 499 1176 589 Chrodogandi
1220 499 1624 583 institutum,
1669 503 1917 566 mutata
1951 503 2212 587 repente
2262 519 2463 566 scena
2516 506 2633 566 est.

343 632 377 669 «
407 605 572 674 Nam
609 627 765 672 cum
796 605 843 673 ii
885 605 1267 695 presbyteri,
1307 603 1551 693 quibus
1590 604 2019 694 paroeciarum
2048 603 2413 674 ministeria
2447 627 2640 671 man—

346 711 751 794 «dabantur,
808 733 943 778 non
990 714 1252 801 possent
1278 731 1433 777 cum
1462 708 1778 800 Episcopo
1803 709 2316 799 episcopalisque
2349 708 2643 777 ecclesiae

347 844 378 881 «
410 815 685 886 clericis
708 818 824 885 diu
867 822 1194 904 noctuque
1233 836 1368 882 una
1402 836 1561 897 esse,
1604 836 1737 881 una
1763 815 2021 904 degere,
2050 836 2185 881 nna
2216 815 2466 897 vivere,
2502 837 2642 881 uno

347 923 728 1008 «conclavi,
781 945 916 989 uno
973 922 1303 1010 cubicn10,
1356 943 1492 990 uno
1529 920 1815 989 triclinio
1849 923 1971 1004 uti,
2014 943 2274 988 necesse
2313 920 2445 988 fuit
2473 923 2645 990 inter

346 1059 376 1094 c<
407 1029 788 1097 cathedralis
831 1029 1114 1096 ecclesiae
1145 1029 1413 1097 clericos
1459 1050 1535 1096 ac
1573 1029 2009 1118 paroeciarum
2049 1027 2468 1117 presbyteros
2494 1028 2663 1094 her--

242 1132 248 1137 ⁴
346 1164 379 1202 ι(
408 1143 590 1204 ctum
633 1135 1116 1225 quodammodo
1160 1135 1342 1218 cieri,
1377 1141 1571 1224 atque
1615 1136 1811 1202 hosce
1853 1136 1924 1202 in
1973 1140 2067 1202 tot
2099 1156 2332 1202 rursus
2363 1134 2644 1202 familias

348 1241 618 1310 «scindi
665 1238 823 1329 quot
866 1246 1051 1307 erant
1095 1240 1402 1308 ecclesiae.
1446 1239 1542 1309 Ex
1573 1241 1687 1307 illo
1730 1240 2003 1329 singulae
2036 1239 2327 1307 ecclesiae
2359 1261 2463 1308 res
2492 1261 2643 1305 snas

347 1376 379 1414 «
409 1347 532 1416 sibi
551 1346 787 1414 habere
813 1351 876 1414 et
898 1367 1248 1436 procurare
1268 1350 1627 1435 coeperunt,
1657 1346 1933 1434 singulae
1959 1365 2109 1412 suos
2135 1343 2417 1412 clericos
2440 1345 2640 1428 alere,

348 1476 525 1522 «sua
573 1452 769 1539 bona,
820 1473 967 1518 snas
1006 1449 1436 1540 possessiones
1489 1471 1896 1538 unaquaeque
1947 1470 2317 1538 agnoscere,
2376 1449 2646 1537 suisque

348 1554 381 1625 (ὲ
411 1558 749 1628 territoriis
791 1556 1104 1624 terminos
1150 1578 1221 1623 ac
1256 1556 1417 1623 fines
1470 1576 1778 1646 pangere.
1819 1555 2001 1623 Licet
2033 1560 2254 1624 autem
2285 1555 2443 1622 vitae
2467 1577 2649 1623 com-

347 1692 380 1731 «
410 1666 696 1732 munitas
725 1661 1050 1752 principio
1077 1661 1339 1727 nonnisi
1367 1661 1436 1727 in
1463 1661 1860 1729 cathedrales
1886 1661 2187 1729 ecclesias
2208 1661 2398 1728 illata
2420 1661 2642 1741 fuerit,

346 1798 379 1837 κ
412 1776 625 1861 postea
665 1775 883 1836 tamen
921 1768 991 1834 in
1040 1767 1183 1834 illas
1226 1768 1420 1834 etiam
1456 1768 1860 1856 parochiales
1890 1768 2165 1853 introiit,
2195 1789 2352 1857 quae
2382 1768 2646 1835 clerico-

351 1906 380 1937 «
411 1899 564 1944 rum
611 1896 886 1944 numero
930 1879 994 1940 et
1034 1874 1362 1942 bonorum
1387 1875 1572 1964 copia
1596 1874 2046 1963 abundabant3
2079 1875 2254 1942 unde
2284 1876 2645 1964 collegiatae

348 2010 381 2048 «
409 1983 716 2052 ecclesiae.
753 1981 1007 2049 Harum
1038 2002 1396 2049 numerum
1422 1988 1746 2050 auxerunt
1769 1981 1894 2049 alia
1914 1986 2219 2072 praeterea
2245 1981 2642 2049 clericorum

348 2117 380 2154 «
409 2091 703 2180 collegia,
756 2089 870 2179 qui
912 2089 1097 2155 nulla
1132 2089 1518 2156 <animarum
1556 2110 1710 2156 cura
1733 2088 1976 2156 onerati
2007 2088 2076 2153 in
2109 2087 2353 2154 divinis
2382 2094 2641 2154 tantum

349 2195 711 2263 «laudibus
751 2193 1190 2284 persolvendis
1222 2192 1735 2283 occupabantur.
1772 2218 1806 2255 »
1849 2189 2149 2282 (Joannes
2175 2189 2393 2273 Politi,
2426 2194 2641 2257 luris-

333 2302 698 2391 prudentia
726 2300 873 2368 eccl.
907 2299 1122 2383 univ„
1160 2308 1320 2368 tom.
1355 2298 1444 2379 V,
1473 2322 1625 2390 pag.
1658 2298 1770 2382 93,
1806 2299 1957 2366 edit.
1991 2295 2258 2383 Venet.,
2295 2297 2525 2385 1790.)

437 2433 469 2470 «
497 2407 656 2485 Quae
696 2427 799 2472 res
839 2407 1241 2493 impulerant
1282 2406 1627 2471 canonicos
1675 2410 1746 2470 ut
1775 2403 2034 2470 vivendi
2066 2403 2386 2471 rationem
2420 2415 2458 2469 e
2492 2426 2641 2469 mo-

348 2539 383 2577 «
410 2513 774 2581 nachorum
821 2510 1049 2598 regula
1095 2515 1475 2587 sumerent,
1525 2508 1765 2575 eaedem
1817 2509 2010 2577 etiam
2065 2511 2407 2600 perpulere
2455 2516 2528 2574 ut
2578 2517 2639 2574 ct

348 2617 726 2709 «psallendi
778 2616 1055 2682 formam
1109 2614 1404 2706 indidem
1448 2619 1936 2683 mutuarentur.
2010 2614 2235 2704 Neque
2286 2636 2435 2682 vero
2486 2620 2635 2679 ante

350 2752 383 2789 a
412 2722 965 2812 Chrodogandum
1004 2719 1401 2789 cathedralis¹
1425 2720 1710 2788 ecclesiae
1749 2721 1970 2789 clerici
2005 2722 2179 2789 statis
2205 2721 2331 2788 diei
2363 2720 2628 2787 horiS...

351 2832 491 2899 «ad
529 2830 884 2898 solemnem
933 2827 1365 2918 psalmodiam
1405 2827 1693 2917 quotidie
1721 2827 2307 2917 compellebantur;
2341 2826 2447 2894 sed
2482 2827 2635 2894 satis

352 2944 549 3005 «erat
591 2937 646 3004 si
693 2935 1042 3003 dominicis
1084 2934 1388 3023 festisque
1433 2934 1664 3001 diebus
1709 2934 2055 3002 matutinas
2108 2934 2638 3023 vespertinasquc

351 3069 382 3106 «
412 3042 546 3110 Deo
593 3041 813 3108 laudes
852 3041 1386 3131 persolvissent...
1443 3039 1592 3107 Post
1632 3038 2089 3127 Chrodogandi
2130 3046 2423 3130 tempora
2459 3039 2634 3106 horae

350 3176 383 3212 «
412 3147 737 3216 canonicae
776 3168 852 3213 ex
892 3146 1205 3234 coenobiis
1249 3148 1317 3212 in
1373 3145 1771 3213 cathedrales
1816 3146 2306 3234 collegiatasque
2333 3144 2633 3218 ecclesias

350 3282 384 3318 «
414 3256 642 3346 pedem
675 3253 1129 3320 intulerunt.»
1165 3253 1359 3342 (Loco
1386 3254 1576 3319 citato
1586 3275 1696 3341 ,.p
1731 3250 1871 3342 99.)

440 3360 729 3442 Quintus
756 3371 1018 3427 status:
1053 3385 1088 3423 ι(
1117 3359 1509 3427 Communis
1540 3358 2007 3425 canonicorum
2036 3357 2164 3423 vita
2192 3377 2266 3423 ac
2304 3376 2530 3422 mensa
2549 3354 2630 3419 ad

351 3491 382 3528 «
411 3463 867 3552 Chrodogandi
910 3465 1167 3551 regulas
1209 3470 1448 3549 exacta,
1490 3464 1724 3532 saeculo
1760 3485 1808 3529 x
1842 3467 2127 3529 vertente
2167 3462 2371 3529 dissui
2408 3461 2628 3550 coepit,

354 3598 386 3635 «
417 3592 548 3661 quo
577 3575 865 3660 tempore
889 3563 1315 3638 ecclesiastica
1341 3569 1687 3660 disciplina
1715 3569 1929 3636 denuo
1953 3569 2155 3635 fluere
2178 3588 2251 3635 ac
2279 3582 2452 3635 retro
2478 3565 2631 3633 ferri

355 3704 387 3742 «
415 3678 552 3746 visa
583 3677 677 3745 est
707 3676 824 3769 (1).
859 3675 1027 3744 Vitae
1056 3678 1430 3745 communis
1457 3676 1794 3745 dissolutio
1823 3676 2019 3744 aliam
2045 3674 2134 3768 (2)
2161 3676 2407 3766 peperit
2429 3676 2632 3742 bono·

351 3803 565 3849 «rum
604 3783 1014 3850 divisionem.
1059 3781 1201 3850 Non
1240 3782 1526 3873 amplius
1572 3783 1903 3851 canonicis
1926 3804 2059 3849 una
2088 3801 2336 3862 mensa,
2366 3800 2501 3847 una
2520 3779 2630 3846 do-

355 3911 389 3948 «
421 3897 591 3969 mUS,
615 3909 752 3954 nna
770 3910 939 3968 arca,
965 3889 1074 3955 sed
1093 3888 1337 3976 singuli
1358 3910 1541 3955 suam
1565 3908 1886 3971 mensam,
1909 3906 2097 3951 snam
2117 3884 2419 3966 domum,
2442 3903 2625 3952 suam

402 4126 465 4186 (1)
504 4126 742 4178 Testatur
761 4125 810 4174 id
829 4119 1138 4176 Trithemins
1155 4125 1210 4174 in
1229 4124 1414 4175 Chron.
1434 4122 1690 4185 Hirsaug„
1705 4107 1828 4172 ‘'ann.
1850 4126 1960 4175 977.
1983 4150 2036 4160 -
2065 4124 2190 4175 Vide
2208 4126 2363 4176 etiam
2385 4108 2622 4175 Muratori

318 4203 556 4265 ,(ΑητῖοΙι.
586 4203 730 4263 ital„
756 4202 951 4254 dissert.
977 4209 1055 4264 62,
1085 4208 1209 4253 tom.
1236 4204 1317 4265 ΙΙΙ,
1342 4215 1455 4266 pag.
1482 4202 1609 4262 3⁴1).

407 4283 468 4344 (2)
494 4283 632 4334 Prior
658 4284 904 4333 bonorum
929 4284 1106 4334 divisio
1128 4288 1251 4331 tunc
1277 4288 1533 4342 evenerat,
1555 4282 1757 4345 quando
1780 4283 2037 4332 occasione
2060 4282 2246 4344 regulae
2275 4279 2622 4343 Chrodogandi

341 4364 472 4415 hona
491 4366 719 4415 omnium
744 4364 1039 4414 clericorum
1062 4362 1308 4422 dioecesis‚
1333 4375 1448 4424 quae
1472 4376 1671 4426 semper
1689 4361 1754 4412 ad
1777 4364 1980 4412 unicam
2001 4361 2342 4413 cathedralem
2366 4363 2621 4421 ecclesiam

343 4443 707 4504 pertinuerant,
736 4446 997 4507 coeperunt
1026 4452 1087 4490 ex
1117 4442 1258 4502 parte
1280 4442 1430 4490 variis
1450 4442 1560 4493 aliis
1579 4440 1798 4493 ecclesiis
1822 4441 2050 4492 attribuI.
