<?xml version="1.0" encoding="UTF-8"?>
<!DOCTYPE html PUBLIC "-//W3C//DTD XHTML 1.0 Transitional//EN"
    "http://www.w3.org/TR/xhtml1/DTD/xhtml1-transitional.dtd">
<html xmlns="http://www.w3.org/1999/xhtml" xml:lang="en" lang="en">
 <head>
  <title>
</title>
<meta http-equiv="Content-Type" content="text/html;charset=utf-8" />
  <meta name='ocr-system' content='tesseract 3.04.00' />
  <meta name='ocr-capabilities' content='ocr_page ocr_carea ocr_par ocr_line ocrx_word'/>
</head>
<body>
  <div class='ocr_page' id='page_1' title='image "./tractatusdecapi00bouigoog_0249.png"; bbox 0 0 2930 4982; ppageno 0'>
   <div class='ocr_carea' id='block_1_1' title="bbox 1068 324 2437 381">
    <p class='ocr_par' dir='ltr' id='par_1_1' title="bbox 1068 324 2437 381">
     <span class='ocr_line' id='line_1_1' title="bbox 1068 324 2437 381; baseline 0.007 -10"><span class='ocrx_word' id='word_1_1' title='bbox 1068 327 1147 371; x_wconf 71' lang='lat' dir='ltr'>ns</span> <span class='ocrx_word' id='word_1_2' title='bbox 1191 326 1517 374; x_wconf 65' lang='lat' dir='ltr'>annuus.</span> <span class='ocrx_word' id='word_1_3' title='bbox 2314 324 2437 381; x_wconf 68' lang='lat'>229</span> 
     </span>
    </p>
   </div>
   <div class='ocr_carea' id='block_1_2' title="bbox 159 440 2457 2552">
    <p class='ocr_par' dir='ltr' id='par_1_2' title="bbox 184 440 2435 537">
     <span class='ocr_line' id='line_1_2' title="bbox 184 440 2435 537; baseline 0.004 -26"><span class='ocrx_word' id='word_1_4' title='bbox 184 440 352 511; x_wconf 77' lang='lat' dir='ltr'>lasse?</span> <span class='ocrx_word' id='word_1_5' title='bbox 390 440 575 521; x_wconf 84' lang='lat' dir='ltr'>Quod</span> <span class='ocrx_word' id='word_1_6' title='bbox 625 440 911 530; x_wconf 83' lang='lat' dir='ltr'>profecto</span> <span class='ocrx_word' id='word_1_7' title='bbox 943 443 1191 534; x_wconf 88' lang='lat' dir='ltr'>injuria</span> <span class='ocrx_word' id='word_1_8' title='bbox 1229 444 1371 530; x_wconf 82' lang='lat' dir='ltr'>erit,</span> <span class='ocrx_word' id='word_1_9' title='bbox 1407 450 1471 514; x_wconf 93' lang='lat' dir='ltr'>et</span> <span class='ocrx_word' id='word_1_10' title='bbox 1495 445 1764 536; x_wconf 89' lang='lat' dir='ltr'>quidem</span> <span class='ocrx_word' id='word_1_11' title='bbox 1809 451 2086 515; x_wconf 87' lang='lat' dir='ltr'>omnino</span> <span class='ocrx_word' id='word_1_12' title='bbox 2132 452 2435 537; x_wconf 84' lang='lat' dir='ltr'>gratuita.</span> 
     </span>
    </p>

    <p class='ocr_par' dir='ltr' id='par_1_3' title="bbox 180 545 2447 1468">
     <span class='ocr_line' id='line_1_3' title="bbox 244 545 2445 644; baseline 0.004 -27"><span class='ocrx_word' id='word_1_13' title='bbox 244 547 348 618; x_wconf 91' lang='lat' dir='ltr'>VI.</span> <span class='ocrx_word' id='word_1_14' title='bbox 382 549 568 637; x_wconf 77' lang='lat' dir='ltr'>Erqo</span> <span class='ocrx_word' id='word_1_15' title='bbox 598 545 1023 617; x_wconf 82' lang='lat' dir='ltr'>admittenda</span> <span class='ocrx_word' id='word_1_16' title='bbox 1045 574 1345 641; x_wconf 80' lang='lat' dir='ltr'>proesens</span> <span class='ocrx_word' id='word_1_17' title='bbox 1372 564 1605 621; x_wconf 81' lang='lat' dir='ltr'>nostra</span> <span class='ocrx_word' id='word_1_18' title='bbox 1630 551 2006 643; x_wconf 80' lang='lat' dir='ltr'><em>propositio</em></span> <span class='ocrx_word' id='word_1_19' title='bbox 2050 553 2312 644; x_wconf 81' lang='lat' dir='ltr'>quinta,</span> <span class='ocrx_word' id='word_1_20' title='bbox 2347 560 2445 626; x_wconf 84' lang='lat' dir='ltr'>vi-</span> 
     </span>
     <span class='ocr_line' id='line_1_4' title="bbox 183 652 2441 746; baseline 0.004 -23"><span class='ocrx_word' id='word_1_21' title='bbox 183 655 385 724; x_wconf 80' lang='lat' dir='ltr'>delicet</span> <span class='ocrx_word' id='word_1_22' title='bbox 413 652 715 746; x_wconf 79' lang='lat' dir='ltr'>capitula</span> <span class='ocrx_word' id='word_1_23' title='bbox 747 654 998 723; x_wconf 78' lang='lat' dir='ltr'><em>Gallioe</em></span> <span class='ocrx_word' id='word_1_24' title='bbox 1018 657 1140 746; x_wconf 82' lang='lat' dir='ltr'>jus</span> <span class='ocrx_word' id='word_1_25' title='bbox 1174 681 1371 726; x_wconf 81' lang='lat' dir='ltr'>suum</span> <span class='ocrx_word' id='word_1_26' title='bbox 1414 657 1799 726; x_wconf 81' lang='lat' dir='ltr'>collationis</span> <span class='ocrx_word' id='word_1_27' title='bbox 1838 659 2047 727; x_wconf 82' lang='lat' dir='ltr'>simul</span> <span class='ocrx_word' id='word_1_28' title='bbox 2052 674 2266 730; x_wconf 79' lang='lat' dir='ltr'>taneae</span> <span class='ocrx_word' id='word_1_29' title='bbox 2303 685 2441 732; x_wconf 85' lang='lat' dir='ltr'>non</span> 
     </span>
     <span class='ocr_line' id='line_1_5' title="bbox 184 759 2434 858; baseline 0.004 -30"><span class='ocrx_word' id='word_1_30' title='bbox 184 760 443 828; x_wconf 78' lang='lat' dir='ltr'>amisisse</span> <span class='ocrx_word' id='word_1_31' title='bbox 454 781 581 850; x_wconf 78' lang='lat' dir='ltr'>per</span> <span class='ocrx_word' id='word_1_32' title='bbox 606 759 980 850; x_wconf 76' lang='lat' dir='ltr'>leqz&#39;tz&#39;mam</span> <span class='ocrx_word' id='word_1_33' title='bbox 1004 785 1087 829; x_wconf 76' lang='lat' dir='ltr'>eoe</span> <span class='ocrx_word' id='word_1_34' title='bbox 1097 777 1303 854; x_wconf 82' lang='lat' dir='ltr'>parte</span> <span class='ocrx_word' id='word_1_35' title='bbox 1326 765 1822 856; x_wconf 80' lang='lat' dir='ltr'>Episcoporum</span> <span class='ocrx_word' id='word_1_36' title='bbox 1837 766 2434 858; x_wconf 81' lang='lat' dir='ltr'>proescriptionem.</span> 
     </span>
     <span class='ocr_line' id='line_1_6' title="bbox 182 866 2443 966; baseline 0.004 -30"><span class='ocrx_word' id='word_1_37' title='bbox 182 906 243 920; x_wconf 91' lang='lat'><em>-</em></span> <span class='ocrx_word' id='word_1_38' title='bbox 263 866 518 937; x_wconf 80' lang='lat' dir='ltr'>Etenim</span> <span class='ocrx_word' id='word_1_39' title='bbox 560 872 784 935; x_wconf 85' lang='lat' dir='ltr'>contra</span> <span class='ocrx_word' id='word_1_40' title='bbox 807 869 917 957; x_wconf 87' lang='lat' dir='ltr'>jus</span> <span class='ocrx_word' id='word_1_41' title='bbox 946 869 1112 938; x_wconf 89' lang='lat' dir='ltr'>illud</span> <span class='ocrx_word' id='word_1_42' title='bbox 1137 872 1578 963; x_wconf 86' lang='lat' dir='ltr'>capitulorum</span> <span class='ocrx_word' id='word_1_43' title='bbox 1604 892 1744 941; x_wconf 91' lang='lat' dir='ltr'>non</span> <span class='ocrx_word' id='word_1_44' title='bbox 1778 871 2065 961; x_wconf 83' lang='lat' dir='ltr'>legitime</span> <span class='ocrx_word' id='word_1_45' title='bbox 2106 875 2443 966; x_wconf 73' lang='lat' dir='ltr'>praescrip·</span> 
     </span>
     <span class='ocr_line' id='line_1_7' title="bbox 182 972 2444 1070; baseline 0.003 -27"><span class='ocrx_word' id='word_1_46' title='bbox 182 978 375 1043; x_wconf 85' lang='lat' dir='ltr'>serunt</span> <span class='ocrx_word' id='word_1_47' title='bbox 395 972 721 1065; x_wconf 83' lang='lat' dir='ltr'>Episcopi,</span> <span class='ocrx_word' id='word_1_48' title='bbox 744 974 800 1042; x_wconf 92' lang='lat' dir='ltr'>si</span> <span class='ocrx_word' id='word_1_49' title='bbox 818 974 911 1042; x_wconf 91' lang='lat' dir='ltr'>eis</span> <span class='ocrx_word' id='word_1_50' title='bbox 924 975 1127 1043; x_wconf 83' lang='lat' dir='ltr'>defuit</span> <span class='ocrx_word' id='word_1_51' title='bbox 1145 978 1375 1046; x_wconf 87' lang='lat' dir='ltr'>saltem</span> <span class='ocrx_word' id='word_1_52' title='bbox 1393 1000 1529 1047; x_wconf 84' lang='lat' dir='ltr'>una</span> <span class='ocrx_word' id='word_1_53' title='bbox 1556 1000 1592 1046; x_wconf 91' lang='lat' dir='ltr'>e</span> <span class='ocrx_word' id='word_1_54' title='bbox 1616 978 2100 1049; x_wconf 82' lang='lat' dir='ltr'>conditionibus</span> <span class='ocrx_word' id='word_1_55' title='bbox 2119 981 2444 1070; x_wconf 77' lang='lat' dir='ltr'>requisitis</span> 
     </span>
     <span class='ocr_line' id='line_1_8' title="bbox 182 1080 2447 1177; baseline 0.003 -28"><span class='ocrx_word' id='word_1_56' title='bbox 182 1081 235 1149; x_wconf 85' lang='lat' dir='ltr'>ad</span> <span class='ocrx_word' id='word_1_57' title='bbox 252 1080 611 1169; x_wconf 82' lang='lat' dir='ltr'>legitimam</span> <span class='ocrx_word' id='word_1_58' title='bbox 634 1081 1189 1171; x_wconf 83' lang='lat' dir='ltr'>praescriptionem</span> <span class='ocrx_word' id='word_1_59' title='bbox 1211 1111 1229 1172; x_wconf 91' lang='lat'>;</span> <span class='ocrx_word' id='word_1_60' title='bbox 1259 1085 1437 1173; x_wconf 90' lang='lat' dir='ltr'>atqui</span> <span class='ocrx_word' id='word_1_61' title='bbox 1456 1106 1592 1154; x_wconf 86' lang='lat' dir='ltr'>una</span> <span class='ocrx_word' id='word_1_62' title='bbox 1612 1084 1838 1154; x_wconf 86' lang='lat' dir='ltr'>saltem</span> <span class='ocrx_word' id='word_1_63' title='bbox 1857 1084 2087 1173; x_wconf 83' lang='lat' dir='ltr'>deruit,</span> <span class='ocrx_word' id='word_1_64' title='bbox 2113 1092 2189 1155; x_wconf 87' lang='lat' dir='ltr'>ut</span> <span class='ocrx_word' id='word_1_65' title='bbox 2206 1086 2447 1177; x_wconf 83' lang='lat' dir='ltr'>proba-</span> 
     </span>
     <span class='ocr_line' id='line_1_9' title="bbox 182 1187 2445 1281; baseline 0.004 -29"><span class='ocrx_word' id='word_1_66' title='bbox 182 1192 294 1255; x_wconf 86' lang='lat' dir='ltr'>tum</span> <span class='ocrx_word' id='word_1_67' title='bbox 318 1192 442 1274; x_wconf 83' lang='lat' dir='ltr'>est3</span> <span class='ocrx_word' id='word_1_68' title='bbox 484 1207 663 1275; x_wconf 90' lang='lat' dir='ltr'>ergo.</span> <span class='ocrx_word' id='word_1_69' title='bbox 699 1187 999 1257; x_wconf 89' lang='lat' dir='ltr'>Dicimus</span> <span class='ocrx_word' id='word_1_70' title='bbox 1035 1189 1278 1257; x_wconf 82' lang='lat' dir='ltr'>saltem</span> <span class='ocrx_word' id='word_1_71' title='bbox 1320 1211 1501 1275; x_wconf 83' lang='lat' dir='ltr'>una;</span> <span class='ocrx_word' id='word_1_72' title='bbox 1529 1190 1705 1281; x_wconf 88' lang='lat' dir='ltr'>quia,</span> <span class='ocrx_word' id='word_1_73' title='bbox 1740 1192 1793 1259; x_wconf 89' lang='lat' dir='ltr'>si</span> <span class='ocrx_word' id='word_1_74' title='bbox 1823 1191 2219 1260; x_wconf 86' lang='lat' dir='ltr'>necessarius</span> <span class='ocrx_word' id='word_1_75' title='bbox 2248 1191 2445 1262; x_wconf 88' lang='lat' dir='ltr'>etiam</span> 
     </span>
     <span class='ocr_line' id='line_1_10' title="bbox 182 1293 2444 1383; baseline 0.004 -22"><span class='ocrx_word' id='word_1_76' title='bbox 182 1293 511 1362; x_wconf 82' lang='lat' dir='ltr'>censendus</span> <span class='ocrx_word' id='word_1_77' title='bbox 544 1299 705 1362; x_wconf 90' lang='lat' dir='ltr'>esset</span> <span class='ocrx_word' id='word_1_78' title='bbox 730 1296 956 1365; x_wconf 92' lang='lat' dir='ltr'>titulus</span> <span class='ocrx_word' id='word_1_79' title='bbox 984 1297 1326 1382; x_wconf 90' lang='lat' dir='ltr'>coloratus,</span> <span class='ocrx_word' id='word_1_80' title='bbox 1358 1319 1492 1366; x_wconf 90' lang='lat' dir='ltr'>non</span> <span class='ocrx_word' id='word_1_81' title='bbox 1523 1319 1684 1383; x_wconf 89' lang='lat' dir='ltr'>una,</span> <span class='ocrx_word' id='word_1_82' title='bbox 1721 1298 1833 1367; x_wconf 89' lang='lat' dir='ltr'>sed</span> <span class='ocrx_word' id='word_1_83' title='bbox 1858 1297 2005 1367; x_wconf 85' lang='lat' dir='ltr'>duae</span> <span class='ocrx_word' id='word_1_84' title='bbox 2045 1297 2444 1369; x_wconf 84' lang='lat' dir='ltr'>conditiones</span> 
     </span>
     <span class='ocr_line' id='line_1_11' title="bbox 180 1399 524 1468; baseline 0.003 -2"><span class='ocrx_word' id='word_1_85' title='bbox 180 1399 524 1468; x_wconf 83' lang='lat' dir='ltr'>defuissent.</span> 
     </span>
    </p>

    <p class='ocr_par' dir='ltr' id='par_1_4' title="bbox 170 1505 2451 2129">
     <span class='ocr_line' id='line_1_12' title="bbox 247 1505 2451 1601; baseline 0 -25"><span class='ocrx_word' id='word_1_86' title='bbox 247 1505 591 1576; x_wconf 70' lang='lat' dir='ltr'>Conclusio⁴</span> <span class='ocrx_word' id='word_1_87' title='bbox 648 1508 853 1576; x_wconf 81' lang='lat' dir='ltr'>totius</span> <span class='ocrx_word' id='word_1_88' title='bbox 893 1509 1251 1600; x_wconf 78' lang='lat' dir='ltr'>proesentis</span> <span class='ocrx_word' id='word_1_89' title='bbox 1292 1508 1749 1601; x_wconf 75' lang='lat' dir='ltr'>paraqraplzi.</span> <span class='ocrx_word' id='word_1_90' title='bbox 1812 1545 1904 1561; x_wconf 91' lang='lat'>—</span> <span class='ocrx_word' id='word_1_91' title='bbox 1954 1507 2049 1577; x_wconf 79' lang='lat' dir='ltr'>Ex</span> <span class='ocrx_word' id='word_1_92' title='bbox 2098 1507 2451 1599; x_wconf 83' lang='lat' dir='ltr'>praemissis</span> 
     </span>
     <span class='ocr_line' id='line_1_13' title="bbox 178 1613 2449 1707; baseline 0.001 -26"><span class='ocrx_word' id='word_1_93' title='bbox 178 1614 444 1703; x_wconf 85' lang='lat' dir='ltr'>quinque</span> <span class='ocrx_word' id='word_1_94' title='bbox 501 1615 1046 1706; x_wconf 82' lang='lat' dir='ltr'>propositionibus</span> <span class='ocrx_word' id='word_1_95' title='bbox 1095 1617 1546 1707; x_wconf 89' lang='lat' dir='ltr'>colligendum</span> <span class='ocrx_word' id='word_1_96' title='bbox 1599 1616 1815 1703; x_wconf 86' lang='lat' dir='ltr'>venit,</span> <span class='ocrx_word' id='word_1_97' title='bbox 1866 1615 2081 1684; x_wconf 89' lang='lat' dir='ltr'>adhuc</span> <span class='ocrx_word' id='word_1_98' title='bbox 2131 1613 2327 1683; x_wconf 88' lang='lat' dir='ltr'>hodie</span> <span class='ocrx_word' id='word_1_99' title='bbox 2378 1615 2449 1683; x_wconf 90' lang='lat' dir='ltr'>in</span> 
     </span>
     <span class='ocr_line' id='line_1_14' title="bbox 175 1719 2450 1814; baseline 0 -26"><span class='ocrx_word' id='word_1_100' title='bbox 175 1719 375 1788; x_wconf 86' lang='lat' dir='ltr'>Galliis</span> <span class='ocrx_word' id='word_1_101' title='bbox 414 1720 609 1810; x_wconf 89' lang='lat' dir='ltr'>potiri</span> <span class='ocrx_word' id='word_1_102' title='bbox 652 1721 936 1811; x_wconf 80' lang='lat' dir='ltr'>capitula</span> <span class='ocrx_word' id='word_1_103' title='bbox 982 1722 1371 1792; x_wconf 83' lang='lat' dir='ltr'>cathedralia</span> <span class='ocrx_word' id='word_1_104' title='bbox 1409 1726 1563 1814; x_wconf 78' lang='lat' dir='ltr'>Jure</span> <span class='ocrx_word' id='word_1_105' title='bbox 1600 1721 2012 1804; x_wconf 84' lang='lat' dir='ltr'>conferendi,</span> <span class='ocrx_word' id='word_1_106' title='bbox 2062 1719 2261 1790; x_wconf 90' lang='lat' dir='ltr'>simul</span> <span class='ocrx_word' id='word_1_107' title='bbox 2294 1741 2450 1789; x_wconf 90' lang='lat' dir='ltr'>cum</span> 
     </span>
     <span class='ocr_line' id='line_1_15' title="bbox 172 1823 2450 1917; baseline 0.002 -26"><span class='ocrx_word' id='word_1_108' title='bbox 172 1823 489 1915; x_wconf 78' lang='lat' dir='ltr'>EpiscopO,</span> <span class='ocrx_word' id='word_1_109' title='bbox 524 1831 823 1893; x_wconf 83' lang='lat' dir='ltr'>vacantes</span> <span class='ocrx_word' id='word_1_110' title='bbox 870 1826 1216 1916; x_wconf 85' lang='lat' dir='ltr'>dignitates</span> <span class='ocrx_word' id='word_1_111' title='bbox 1263 1834 1327 1895; x_wconf 88' lang='lat' dir='ltr'>et</span> <span class='ocrx_word' id='word_1_112' title='bbox 1371 1827 1811 1910; x_wconf 76' lang='lat' dir='ltr'>canonicatu5‚</span> <span class='ocrx_word' id='word_1_113' title='bbox 1863 1825 2016 1896; x_wconf 88' lang='lat' dir='ltr'>Sedi</span> <span class='ocrx_word' id='word_1_114' title='bbox 2064 1825 2450 1917; x_wconf 84' lang='lat' dir='ltr'>Apostolicae</span> 
     </span>
     <span class='ocr_line' id='line_1_16' title="bbox 171 1931 2448 2011; baseline 0.001 -14"><span class='ocrx_word' id='word_1_115' title='bbox 171 1952 280 1998; x_wconf 91' lang='lat' dir='ltr'>non</span> <span class='ocrx_word' id='word_1_116' title='bbox 329 1937 700 1999; x_wconf 83' lang='lat' dir='ltr'>reservatos.</span> <span class='ocrx_word' id='word_1_117' title='bbox 754 1931 932 1999; x_wconf 90' lang='lat' dir='ltr'>Huic</span> <span class='ocrx_word' id='word_1_118' title='bbox 980 1940 1199 2001; x_wconf 88' lang='lat' dir='ltr'>tamen</span> <span class='ocrx_word' id='word_1_119' title='bbox 1249 1934 1654 2001; x_wconf 90' lang='lat' dir='ltr'>conclusioni</span> <span class='ocrx_word' id='word_1_120' title='bbox 1700 1953 1836 2000; x_wconf 90' lang='lat' dir='ltr'>non</span> <span class='ocrx_word' id='word_1_121' title='bbox 1884 1931 2070 1999; x_wconf 87' lang='lat' dir='ltr'>aliter</span> <span class='ocrx_word' id='word_1_122' title='bbox 2118 1931 2448 2011; x_wconf 79' lang='lat' dir='ltr'>adhaereO,</span> 
     </span>
     <span class='ocr_line' id='line_1_17' title="bbox 170 2035 1925 2129; baseline 0.001 -25"><span class='ocrx_word' id='word_1_123' title='bbox 170 2056 348 2123; x_wconf 87' lang='lat' dir='ltr'>quam</span> <span class='ocrx_word' id='word_1_124' title='bbox 377 2037 433 2106; x_wconf 89' lang='lat' dir='ltr'>si</span> <span class='ocrx_word' id='word_1_125' title='bbox 462 2037 657 2105; x_wconf 88' lang='lat' dir='ltr'>suerit</span> <span class='ocrx_word' id='word_1_126' title='bbox 681 2035 957 2106; x_wconf 90' lang='lat' dir='ltr'>Romani</span> <span class='ocrx_word' id='word_1_127' title='bbox 981 2037 1319 2107; x_wconf 89' lang='lat' dir='ltr'>Pontificis</span> <span class='ocrx_word' id='word_1_128' title='bbox 1332 2037 1589 2129; x_wconf 86' lang='lat' dir='ltr'>judicio</span> <span class='ocrx_word' id='word_1_129' title='bbox 1621 2059 1925 2107; x_wconf 88' lang='lat' dir='ltr'>consona.</span> 
     </span>
    </p>

    <p class='ocr_par' dir='ltr' id='par_1_5' title="bbox 159 2142 2457 2552">
     <span class='ocr_line' id='line_1_18' title="bbox 239 2142 2457 2236; baseline 0 -25"><span class='ocrx_word' id='word_1_130' title='bbox 239 2143 309 2211; x_wconf 91' lang='lat' dir='ltr'>ln</span> <span class='ocrx_word' id='word_1_131' title='bbox 343 2145 555 2234; x_wconf 89' lang='lat' dir='ltr'>prima</span> <span class='ocrx_word' id='word_1_132' title='bbox 581 2150 801 2212; x_wconf 86' lang='lat' dir='ltr'>autem</span> <span class='ocrx_word' id='word_1_133' title='bbox 827 2146 1162 2236; x_wconf 75' lang='lat' dir='ltr'>praesentis</span> <span class='ocrx_word' id='word_1_134' title='bbox 1187 2152 1497 2215; x_wconf 85' lang='lat' dir='ltr'>tractatus</span> <span class='ocrx_word' id='word_1_135' title='bbox 1535 2144 1840 2226; x_wconf 85' lang='lat' dir='ltr'>editione,</span> <span class='ocrx_word' id='word_1_136' title='bbox 1869 2142 2065 2232; x_wconf 84' lang='lat' dir='ltr'>paulo</span> <span class='ocrx_word' id='word_1_137' title='bbox 2101 2142 2286 2210; x_wconf 83' lang='lat' dir='ltr'>aliter</span> <span class='ocrx_word' id='word_1_138' title='bbox 2327 2144 2457 2211; x_wconf 90' lang='lat' dir='ltr'>dis-</span> 
     </span>
     <span class='ocr_line' id='line_1_19' title="bbox 166 2244 2455 2340; baseline -0.002 -22"><span class='ocrx_word' id='word_1_139' title='bbox 166 2251 593 2340; x_wconf 87' lang='lat' dir='ltr'>ceptationem</span> <span class='ocrx_word' id='word_1_140' title='bbox 638 2249 815 2316; x_wconf 89' lang='lat' dir='ltr'>hanc</span> <span class='ocrx_word' id='word_1_141' title='bbox 860 2251 1294 2318; x_wconf 87' lang='lat' dir='ltr'>institueram.</span> <span class='ocrx_word' id='word_1_142' title='bbox 1352 2250 1836 2339; x_wconf 89' lang='lat' dir='ltr'>Episcoporum</span> <span class='ocrx_word' id='word_1_143' title='bbox 1883 2244 2107 2312; x_wconf 87' lang='lat' dir='ltr'>Galliae</span> <span class='ocrx_word' id='word_1_144' title='bbox 2161 2247 2414 2337; x_wconf 83' lang='lat' dir='ltr'>praxim</span> <span class='ocrx_word' id='word_1_145' title='bbox 2437 2297 2455 2329; x_wconf 90' lang='lat'>‚</span> 
     </span>
     <span class='ocr_line' id='line_1_20' title="bbox 159 2351 2457 2445; baseline -0.002 -22"><span class='ocrx_word' id='word_1_146' title='bbox 159 2360 457 2441; x_wconf 84' lang='lat' dir='ltr'>vacantes</span> <span class='ocrx_word' id='word_1_147' title='bbox 503 2356 923 2422; x_wconf 86' lang='lat' dir='ltr'>canonicatus</span> <span class='ocrx_word' id='word_1_148' title='bbox 965 2354 1212 2445; x_wconf 87' lang='lat' dir='ltr'>absque</span> <span class='ocrx_word' id='word_1_149' title='bbox 1249 2354 1684 2445; x_wconf 87' lang='lat' dir='ltr'>capitulorum</span> <span class='ocrx_word' id='word_1_150' title='bbox 1728 2352 2089 2421; x_wconf 83' lang='lat' dir='ltr'>interventu</span> <span class='ocrx_word' id='word_1_151' title='bbox 2121 2351 2457 2421; x_wconf 81' lang='lat' dir='ltr'>conferen-</span> 
     </span>
     <span class='ocr_line' id='line_1_21' title="bbox 160 2457 2452 2552; baseline 0 -25"><span class='ocrx_word' id='word_1_152' title='bbox 160 2460 322 2529; x_wconf 89' lang='lat' dir='ltr'>tium</span> <span class='ocrx_word' id='word_1_153' title='bbox 343 2511 365 2548; x_wconf 83' lang='lat'><em>‚</em></span> <span class='ocrx_word' id='word_1_154' title='bbox 423 2459 853 2549; x_wconf 78' lang='lat' dir='ltr'>expenderem</span> <span class='ocrx_word' id='word_1_155' title='bbox 898 2460 1230 2530; x_wconf 86' lang='lat' dir='ltr'>dumtaxat</span> <span class='ocrx_word' id='word_1_156' title='bbox 1270 2466 1583 2552; x_wconf 84' lang='lat' dir='ltr'>tanquam</span> <span class='ocrx_word' id='word_1_157' title='bbox 1641 2457 2176 2530; x_wconf 78' lang='lat' dir='ltr'>consuetudinem</span> <span class='ocrx_word' id='word_1_158' title='bbox 2218 2470 2452 2528; x_wconf 83' lang='lat' dir='ltr'>contra</span> 
     </span>
    </p>
   </div>
   <div class='ocr_carea' id='block_1_3' title="bbox 166 2566 2482 2658">
    <p class='ocr_par' dir='ltr' id='par_1_6' title="bbox 166 2566 2482 2658">
     <span class='ocr_line' id='line_1_22' title="bbox 166 2566 2482 2658; baseline 0.004 -26"><span class='ocrx_word' id='word_1_159' title='bbox 166 2566 365 2655; x_wconf 76' lang='lat' dir='ltr'>leqem</span> <span class='ocrx_word' id='word_1_160' title='bbox 392 2588 505 2634; x_wconf 90' lang='lat' dir='ltr'>seu</span> <span class='ocrx_word' id='word_1_161' title='bbox 526 2567 639 2656; x_wconf 88' lang='lat' dir='ltr'>jus</span> <span class='ocrx_word' id='word_1_162' title='bbox 668 2588 1019 2636; x_wconf 91' lang='lat' dir='ltr'>commune</span> <span class='ocrx_word' id='word_1_163' title='bbox 1047 2568 1420 2658; x_wconf 83' lang='lat' dir='ltr'>inductam3</span> <span class='ocrx_word' id='word_1_164' title='bbox 1450 2575 1514 2637; x_wconf 88' lang='lat' dir='ltr'>et</span> <span class='ocrx_word' id='word_1_165' title='bbox 1532 2569 1862 2637; x_wconf 87' lang='lat' dir='ltr'>advertere</span> <span class='ocrx_word' id='word_1_166' title='bbox 1888 2568 2280 2652; x_wconf 88' lang='lat' dir='ltr'>debuissem,</span> <span class='ocrx_word' id='word_1_167' title='bbox 2315 2589 2451 2636; x_wconf 93' lang='lat' dir='ltr'>non</span> <span class='ocrx_word' id='word_1_168' title='bbox 2478 2637 2482 2641; x_wconf 18' lang='grc' dir='ltr'><strong>Α</strong></span> 
     </span>
    </p>
   </div>
   <div class='ocr_carea' id='block_1_4' title="bbox 166 2669 2457 4036">
    <p class='ocr_par' dir='ltr' id='par_1_7' title="bbox 166 2669 2457 4036">
     <span class='ocr_line' id='line_1_23' title="bbox 166 2669 2449 2765; baseline 0 -25"><span class='ocrx_word' id='word_1_169' title='bbox 166 2681 292 2741; x_wconf 87' lang='lat' dir='ltr'>esse</span> <span class='ocrx_word' id='word_1_170' title='bbox 311 2679 568 2740; x_wconf 83' lang='lat' dir='ltr'>tantum</span> <span class='ocrx_word' id='word_1_171' title='bbox 592 2669 1130 2743; x_wconf 83' lang='lat' dir='ltr'>consuetudinem</span> <span class='ocrx_word' id='word_1_172' title='bbox 1162 2683 1388 2745; x_wconf 84' lang='lat' dir='ltr'>contra</span> <span class='ocrx_word' id='word_1_173' title='bbox 1413 2676 1655 2765; x_wconf 88' lang='lat' dir='ltr'>legem,</span> <span class='ocrx_word' id='word_1_174' title='bbox 1687 2675 1798 2744; x_wconf 90' lang='lat' dir='ltr'>sed</span> <span class='ocrx_word' id='word_1_175' title='bbox 1810 2674 1989 2764; x_wconf 80' lang='lat' dir='ltr'>juris</span> <span class='ocrx_word' id='word_1_176' title='bbox 2020 2673 2229 2741; x_wconf 83' lang='lat' dir='ltr'>alieni</span> <span class='ocrx_word' id='word_1_177' title='bbox 2256 2674 2449 2740; x_wconf 84' lang='lat' dir='ltr'>inva-</span> 
     </span>
     <span class='ocr_line' id='line_1_24' title="bbox 166 2778 2453 2872; baseline 0 -28"><span class='ocrx_word' id='word_1_178' title='bbox 166 2779 401 2849; x_wconf 83' lang='lat' dir='ltr'>sionem</span> <span class='ocrx_word' id='word_1_179' title='bbox 415 2803 441 2861; x_wconf 89' lang='lat'><em>;</em></span> <span class='ocrx_word' id='word_1_180' title='bbox 467 2780 850 2869; x_wconf 85' lang='lat' dir='ltr'>applicanda</span> <span class='ocrx_word' id='word_1_181' title='bbox 876 2803 1012 2850; x_wconf 91' lang='lat' dir='ltr'>esse</span> <span class='ocrx_word' id='word_1_182' title='bbox 1039 2781 1312 2872; x_wconf 87' lang='lat' dir='ltr'>proinde</span> <span class='ocrx_word' id='word_1_183' title='bbox 1331 2784 1511 2871; x_wconf 84' lang='lat' dir='ltr'>jura,</span> <span class='ocrx_word' id='word_1_184' title='bbox 1542 2804 1688 2870; x_wconf 85' lang='lat' dir='ltr'>quae</span> <span class='ocrx_word' id='word_1_185' title='bbox 1717 2782 2080 2849; x_wconf 86' lang='lat' dir='ltr'>decernunt</span> <span class='ocrx_word' id='word_1_186' title='bbox 2118 2778 2198 2845; x_wconf 88' lang='lat' dir='ltr'>de</span> <span class='ocrx_word' id='word_1_187' title='bbox 2226 2798 2453 2845; x_wconf 88' lang='lat' dir='ltr'>neces-</span> 
     </span>
     <span class='ocr_line' id='line_1_25' title="bbox 169 2881 2450 2975; baseline -0.003 -19"><span class='ocrx_word' id='word_1_188' title='bbox 169 2889 371 2975; x_wconf 86' lang='lat' dir='ltr'>sariis,</span> <span class='ocrx_word' id='word_1_189' title='bbox 391 2908 529 2953; x_wconf 91' lang='lat' dir='ltr'>non</span> <span class='ocrx_word' id='word_1_190' title='bbox 547 2886 628 2953; x_wconf 89' lang='lat' dir='ltr'>ad</span> <span class='ocrx_word' id='word_1_191' title='bbox 638 2883 1130 2973; x_wconf 84' lang='lat' dir='ltr'>legitimandam</span> <span class='ocrx_word' id='word_1_192' title='bbox 1147 2894 1403 2955; x_wconf 87' lang='lat' dir='ltr'>tantum</span> <span class='ocrx_word' id='word_1_193' title='bbox 1420 2886 1959 2954; x_wconf 87' lang='lat' dir='ltr'>consuetudinem</span> <span class='ocrx_word' id='word_1_194' title='bbox 1977 2888 2202 2950; x_wconf 88' lang='lat' dir='ltr'>contra</span> <span class='ocrx_word' id='word_1_195' title='bbox 2211 2881 2450 2969; x_wconf 88' lang='lat' dir='ltr'>legem,</span> 
     </span>
     <span class='ocr_line' id='line_1_26' title="bbox 172 2987 2455 3081; baseline -0.002 -21"><span class='ocrx_word' id='word_1_196' title='bbox 172 2993 274 3066; x_wconf 64' lang='lat' dir='ltr'>sed,</span> <span class='ocrx_word' id='word_1_197' title='bbox 309 2992 395 3060; x_wconf 87' lang='lat' dir='ltr'>ad</span> <span class='ocrx_word' id='word_1_198' title='bbox 444 2989 940 3080; x_wconf 87' lang='lat' dir='ltr'>legitimandam</span> <span class='ocrx_word' id='word_1_199' title='bbox 975 2991 1555 3081; x_wconf 78' lang='lat' dir='ltr'>praescriptionem</span> <span class='ocrx_word' id='word_1_200' title='bbox 1606 3011 1721 3057; x_wconf 87' lang='lat' dir='ltr'>seu</span> <span class='ocrx_word' id='word_1_201' title='bbox 1768 2989 2237 3079; x_wconf 87' lang='lat' dir='ltr'>possessionem</span> <span class='ocrx_word' id='word_1_202' title='bbox 2284 2987 2455 3076; x_wconf 86' lang='lat' dir='ltr'>juris</span> 
     </span>
     <span class='ocr_line' id='line_1_27' title="bbox 175 3091 2455 3188; baseline -0.003 -22"><span class='ocrx_word' id='word_1_203' title='bbox 175 3097 378 3187; x_wconf 82' lang='lat' dir='ltr'>alieni,</span> <span class='ocrx_word' id='word_1_204' title='bbox 400 3102 630 3167; x_wconf 88' lang='lat' dir='ltr'>contra</span> <span class='ocrx_word' id='word_1_205' title='bbox 647 3119 879 3166; x_wconf 88' lang='lat' dir='ltr'>verum</span> <span class='ocrx_word' id='word_1_206' title='bbox 892 3098 1066 3188; x_wconf 88' lang='lat' dir='ltr'>juris</span> <span class='ocrx_word' id='word_1_207' title='bbox 1089 3097 1271 3165; x_wconf 91' lang='lat' dir='ltr'>illius</span> <span class='ocrx_word' id='word_1_208' title='bbox 1294 3118 1407 3165; x_wconf 91' lang='lat' dir='ltr'>seu</span> <span class='ocrx_word' id='word_1_209' title='bbox 1427 3096 1523 3166; x_wconf 88' lang='lat' dir='ltr'>rei</span> <span class='ocrx_word' id='word_1_210' title='bbox 1538 3102 1859 3188; x_wconf 80' lang='lat' dir='ltr'>usurpatae</span> <span class='ocrx_word' id='word_1_211' title='bbox 1885 3095 2252 3164; x_wconf 91' lang='lat' dir='ltr'>dominum.</span> <span class='ocrx_word' id='word_1_212' title='bbox 2272 3091 2455 3160; x_wconf 91' lang='lat' dir='ltr'>Non-</span> 
     </span>
     <span class='ocr_line' id='line_1_28' title="bbox 179 3200 2445 3296; baseline -0.001 -27"><span class='ocrx_word' id='word_1_213' title='bbox 179 3205 343 3274; x_wconf 84' lang='lat' dir='ltr'>nulla</span> <span class='ocrx_word' id='word_1_214' title='bbox 367 3207 641 3296; x_wconf 91' lang='lat' dir='ltr'>insuper</span> <span class='ocrx_word' id='word_1_215' title='bbox 673 3204 923 3273; x_wconf 90' lang='lat' dir='ltr'>ibidem</span> <span class='ocrx_word' id='word_1_216' title='bbox 962 3204 1128 3272; x_wconf 92' lang='lat' dir='ltr'>mihi</span> <span class='ocrx_word' id='word_1_217' title='bbox 1171 3203 1548 3273; x_wconf 88' lang='lat' dir='ltr'>exciderunt</span> <span class='ocrx_word' id='word_1_218' title='bbox 1575 3205 1800 3273; x_wconf 89' lang='lat' dir='ltr'>minus</span> <span class='ocrx_word' id='word_1_219' title='bbox 1826 3202 2222 3288; x_wconf 83' lang='lat' dir='ltr'>considerate</span> <span class='ocrx_word' id='word_1_220' title='bbox 2245 3200 2445 3283; x_wconf 85' lang='lat' dir='ltr'>dicta;</span> 
     </span>
     <span class='ocr_line' id='line_1_29' title="bbox 180 3309 2450 3402; baseline 0.002 -31"><span class='ocrx_word' id='word_1_221' title='bbox 180 3310 352 3390; x_wconf 41' lang='lat' dir='ltr'>verbi„</span> <span class='ocrx_word' id='word_1_222' title='bbox 374 3311 604 3400; x_wconf 84' lang='lat' dir='ltr'>gratia,</span> <span class='ocrx_word' id='word_1_223' title='bbox 637 3311 754 3379; x_wconf 91' lang='lat' dir='ltr'>ubi</span> <span class='ocrx_word' id='word_1_224' title='bbox 782 3310 913 3379; x_wconf 85' lang='lat' dir='ltr'>dixi</span> <span class='ocrx_word' id='word_1_225' title='bbox 942 3317 1166 3380; x_wconf 86' lang='lat' dir='ltr'>contra</span> <span class='ocrx_word' id='word_1_226' title='bbox 1196 3311 1541 3379; x_wconf 90' lang='lat' dir='ltr'>canonicos</span> <span class='ocrx_word' id='word_1_227' title='bbox 1568 3333 1701 3380; x_wconf 91' lang='lat' dir='ltr'>non</span> <span class='ocrx_word' id='word_1_228' title='bbox 1726 3310 2088 3379; x_wconf 87' lang='lat' dir='ltr'>cucurrisse</span> <span class='ocrx_word' id='word_1_229' title='bbox 2115 3309 2450 3402; x_wconf 86' lang='lat' dir='ltr'>praescrip-</span> 
     </span>
     <span class='ocr_line' id='line_1_30' title="bbox 183 3413 2456 3508; baseline 0.002 -31"><span class='ocrx_word' id='word_1_230' title='bbox 183 3413 404 3484; x_wconf 85' lang='lat' dir='ltr'>tionem</span> <span class='ocrx_word' id='word_1_231' title='bbox 435 3437 510 3484; x_wconf 86' lang='lat' dir='ltr'>ex</span> <span class='ocrx_word' id='word_1_232' title='bbox 537 3439 613 3486; x_wconf 91' lang='lat' dir='ltr'>eo</span> <span class='ocrx_word' id='word_1_233' title='bbox 639 3417 812 3506; x_wconf 80' lang='lat' dir='ltr'>q&#39;uod</span> <span class='ocrx_word' id='word_1_234' title='bbox 830 3419 940 3508; x_wconf 90' lang='lat' dir='ltr'>jus</span> <span class='ocrx_word' id='word_1_235' title='bbox 965 3440 1161 3487; x_wconf 90' lang='lat' dir='ltr'>suum</span> <span class='ocrx_word' id='word_1_236' title='bbox 1191 3419 1657 3507; x_wconf 88' lang='lat' dir='ltr'>ignoraverint.</span> <span class='ocrx_word' id='word_1_237' title='bbox 1687 3418 1723 3487; x_wconf 88' lang='lat' dir='ltr'>J</span> <span class='ocrx_word' id='word_1_238' title='bbox 1727 3418 1861 3488; x_wconf 89' lang='lat' dir='ltr'>uris</span> <span class='ocrx_word' id='word_1_239' title='bbox 1884 3419 1938 3487; x_wconf 92' lang='lat' dir='ltr'>si</span> <span class='ocrx_word' id='word_1_240' title='bbox 1965 3417 2236 3508; x_wconf 91' lang='lat' dir='ltr'>quidem</span> <span class='ocrx_word' id='word_1_241' title='bbox 2267 3415 2456 3505; x_wconf 90' lang='lat' dir='ltr'>igno·</span> 
     </span>
     <span class='ocr_line' id='line_1_31' title="bbox 184 3520 2455 3613; baseline 0 -26"><span class='ocrx_word' id='word_1_242' title='bbox 184 3520 372 3589; x_wconf 78' lang='lat' dir='ltr'>rantia</span> <span class='ocrx_word' id='word_1_243' title='bbox 403 3523 473 3589; x_wconf 91' lang='lat' dir='ltr'>in</span> <span class='ocrx_word' id='word_1_244' title='bbox 501 3544 577 3591; x_wconf 94' lang='lat' dir='ltr'>eo</span> <span class='ocrx_word' id='word_1_245' title='bbox 606 3528 829 3590; x_wconf 88' lang='lat' dir='ltr'>contra</span> <span class='ocrx_word' id='word_1_246' title='bbox 854 3545 1052 3611; x_wconf 91' lang='lat' dir='ltr'>quem</span> <span class='ocrx_word' id='word_1_247' title='bbox 1081 3524 1554 3613; x_wconf 83' lang='lat' dir='ltr'>praescribitur,</span> <span class='ocrx_word' id='word_1_248' title='bbox 1592 3547 1728 3592; x_wconf 87' lang='lat' dir='ltr'>non</span> <span class='ocrx_word' id='word_1_249' title='bbox 1765 3531 1861 3592; x_wconf 89' lang='lat' dir='ltr'>est</span> <span class='ocrx_word' id='word_1_250' title='bbox 1893 3521 2305 3598; x_wconf 82' lang='lat' dir='ltr'>attendenda,</span> <span class='ocrx_word' id='word_1_251' title='bbox 2331 3540 2455 3587; x_wconf 89' lang='lat' dir='ltr'>nec</span> 
     </span>
     <span class='ocr_line' id='line_1_32' title="bbox 186 3623 2457 3719; baseline -0.003 -26"><span class='ocrx_word' id='word_1_252' title='bbox 186 3624 438 3715; x_wconf 89' lang='lat' dir='ltr'>impedit</span> <span class='ocrx_word' id='word_1_253' title='bbox 481 3631 646 3719; x_wconf 89' lang='lat' dir='ltr'>quin</span> <span class='ocrx_word' id='word_1_254' title='bbox 691 3635 909 3696; x_wconf 88' lang='lat' dir='ltr'>currat</span> <span class='ocrx_word' id='word_1_255' title='bbox 953 3635 1177 3696; x_wconf 90' lang='lat' dir='ltr'>contra</span> <span class='ocrx_word' id='word_1_256' title='bbox 1214 3630 1431 3718; x_wconf 90' lang='lat' dir='ltr'>ipsum</span> <span class='ocrx_word' id='word_1_257' title='bbox 1474 3629 1899 3718; x_wconf 73' lang='lat' dir='ltr'>praescriptio.</span> <span class='ocrx_word' id='word_1_258' title='bbox 1958 3623 2457 3714; x_wconf 83' lang='lat' dir='ltr'>Quaproptersi</span> 
     </span>
     <span class='ocr_line' id='line_1_33' title="bbox 187 3726 2448 3824; baseline -0.002 -25"><span class='ocrx_word' id='word_1_259' title='bbox 187 3749 314 3815; x_wconf 83' lang='lat' dir='ltr'>quae</span> <span class='ocrx_word' id='word_1_260' title='bbox 328 3734 481 3802; x_wconf 89' lang='lat' dir='ltr'>fiant</span> <span class='ocrx_word' id='word_1_261' title='bbox 498 3756 682 3803; x_wconf 80' lang='lat' dir='ltr'>novae</span> <span class='ocrx_word' id='word_1_262' title='bbox 707 3740 849 3824; x_wconf 91' lang='lat' dir='ltr'>post</span> <span class='ocrx_word' id='word_1_263' title='bbox 872 3733 1126 3802; x_wconf 90' lang='lat' dir='ltr'>obitum</span> <span class='ocrx_word' id='word_1_264' title='bbox 1146 3753 1374 3798; x_wconf 90' lang='lat' dir='ltr'>meum</span> <span class='ocrx_word' id='word_1_265' title='bbox 1389 3731 1671 3819; x_wconf 84' lang='lat' dir='ltr'>hujusce</span> <span class='ocrx_word' id='word_1_266' title='bbox 1688 3734 1999 3798; x_wconf 86' lang='lat' dir='ltr'>tractatus</span> <span class='ocrx_word' id='word_1_267' title='bbox 2018 3726 2448 3815; x_wconf 82' lang='lat' dir='ltr'>vulgationeS‚</span> 
     </span>
     <span class='ocr_line' id='line_1_34' title="bbox 188 3832 2454 3930; baseline 0.002 -33"><span class='ocrx_word' id='word_1_268' title='bbox 188 3834 437 3908; x_wconf 89' lang='lat' dir='ltr'>editores</span> <span class='ocrx_word' id='word_1_269' title='bbox 461 3861 618 3930; x_wconf 88' lang='lat' dir='ltr'>rogo</span> <span class='ocrx_word' id='word_1_270' title='bbox 638 3847 712 3908; x_wconf 92' lang='lat' dir='ltr'>ut</span> <span class='ocrx_word' id='word_1_271' title='bbox 733 3840 811 3908; x_wconf 87' lang='lat' dir='ltr'>ad</span> <span class='ocrx_word' id='word_1_272' title='bbox 838 3841 1007 3909; x_wconf 86' lang='lat' dir='ltr'>hanc</span> <span class='ocrx_word' id='word_1_273' title='bbox 1032 3860 1169 3907; x_wconf 92' lang='lat' dir='ltr'>sese</span> <span class='ocrx_word' id='word_1_274' title='bbox 1196 3837 1501 3923; x_wconf 86' lang='lat' dir='ltr'>referant,</span> <span class='ocrx_word' id='word_1_275' title='bbox 1527 3840 1590 3904; x_wconf 82' lang='lat' dir='ltr'>et</span> <span class='ocrx_word' id='word_1_276' title='bbox 1611 3857 1758 3926; x_wconf 83' lang='lat' dir='ltr'>quae</span> <span class='ocrx_word' id='word_1_277' title='bbox 1782 3835 1967 3903; x_wconf 85' lang='lat' dir='ltr'>aliter</span> <span class='ocrx_word' id='word_1_278' title='bbox 1985 3835 2054 3901; x_wconf 91' lang='lat' dir='ltr'>in</span> <span class='ocrx_word' id='word_1_279' title='bbox 2081 3833 2296 3924; x_wconf 88' lang='lat' dir='ltr'>prima</span> <span class='ocrx_word' id='word_1_280' title='bbox 2319 3832 2454 3901; x_wconf 93' lang='lat' dir='ltr'>edi-</span> 
     </span>
     <span class='ocr_line' id='line_1_35' title="bbox 189 3937 2297 4036; baseline 0.003 -32"><span class='ocrx_word' id='word_1_281' title='bbox 189 3937 341 4011; x_wconf 87' lang='lat' dir='ltr'>tione</span> <span class='ocrx_word' id='word_1_282' title='bbox 367 3946 518 4031; x_wconf 84' lang='lat' dir='ltr'>dixi,</span> <span class='ocrx_word' id='word_1_283' title='bbox 550 3946 1041 4036; x_wconf 85' lang='lat' dir='ltr'>praetermittant</span> <span class='ocrx_word' id='word_1_284' title='bbox 1062 3952 1123 4014; x_wconf 91' lang='lat' dir='ltr'>et</span> <span class='ocrx_word' id='word_1_285' title='bbox 1151 3966 1269 4036; x_wconf 89' lang='lat' dir='ltr'>pro</span> <span class='ocrx_word' id='word_1_286' title='bbox 1294 3942 1599 4012; x_wconf 82' lang='lat' dir='ltr'>correctis</span> <span class='ocrx_word' id='word_1_287' title='bbox 1623 3964 1698 4012; x_wconf 90' lang='lat' dir='ltr'>ac</span> <span class='ocrx_word' id='word_1_288' title='bbox 1722 3941 1973 4033; x_wconf 72' lang='lat' dir='ltr'>reiectis</span> <span class='ocrx_word' id='word_1_289' title='bbox 1995 3941 2297 4011; x_wconf 87' lang='lat' dir='ltr'>habeant.</span> 
     </span>
    </p>
   </div>
   <div class='ocr_carea' id='block_1_5' title="bbox 2808 148 2876 1383">
    <p class='ocr_par' dir='ltr' id='par_1_8' title="bbox 2808 148 2876 1383">
     <span class='ocr_line' id='line_1_36' title="bbox 2808 148 2876 1383; textangle 90"><span class='ocrx_word' id='word_1_290' title='bbox 2866 1378 2873 1383; x_wconf 92' lang='lat'>.</span> <span class='ocrx_word' id='word_1_291' title='bbox 2818 928 2876 1337; x_wconf 50' lang='lat' dir='ltr'>qvvffmw</span> <span class='ocrx_word' id='word_1_292' title='bbox 2809 512 2876 859; x_wconf 45' lang='lat' dir='ltr'>vatinii!</span> <span class='ocrx_word' id='word_1_293' title='bbox 2808 383 2858 473; x_wconf 66' lang='lat' dir='ltr'>&#39;m</span> <span class='ocrx_word' id='word_1_294' title='bbox 2808 306 2850 347; x_wconf 57' lang='grc' dir='ltr'>Ἴ</span> <span class='ocrx_word' id='word_1_295' title='bbox 2812 214 2843 267; x_wconf 67' lang='lat'>¹¹</span> <span class='ocrx_word' id='word_1_296' title='bbox 2816 148 2837 187; x_wconf 67' lang='lat'>²*</span> 
     </span>
    </p>
   </div>
   <div class='ocr_carea' id='block_1_6' title="bbox 2860 3903 2876 4088">
    <p class='ocr_par' dir='ltr' id='par_1_9' title="bbox 2860 3903 2876 4088">
     <span class='ocr_line' id='line_1_37' title="bbox 2860 3903 2876 4088; textangle 90"><span class='ocrx_word' id='word_1_297' title='bbox 2865 4069 2876 4088; x_wconf 69' lang='lat' dir='ltr'>n</span> <span class='ocrx_word' id='word_1_298' title='bbox 2860 3903 2876 4048; x_wconf 41' lang='grc' dir='ltr'>ἠέ*-</span> 
     </span>
    </p>
   </div>
  </div>
 </body>
</html>
