<?xml version="1.0" encoding="UTF-8"?>
<!DOCTYPE html PUBLIC "-//W3C//DTD XHTML 1.0 Transitional//EN"
    "http://www.w3.org/TR/xhtml1/DTD/xhtml1-transitional.dtd">
<html xmlns="http://www.w3.org/1999/xhtml" xml:lang="en" lang="en">
 <head>
  <title>
</title>
<meta http-equiv="Content-Type" content="text/html;charset=utf-8" />
  <meta name='ocr-system' content='tesseract 3.04.00' />
  <meta name='ocr-capabilities' content='ocr_page ocr_carea ocr_par ocr_line ocrx_word'/>
</head>
<body>
  <div class='ocr_page' id='page_1' title='image "./tractatusdecapi00bouigoog_0275.png"; bbox 0 0 2930 4982; ppageno 0'>
   <div class='ocr_carea' id='block_1_1' title="bbox 1167 310 2536 369">
    <p class='ocr_par' dir='ltr' id='par_1_1' title="bbox 1167 310 2536 369">
     <span class='ocr_line' id='line_1_1' title="bbox 1167 310 2536 369; baseline 0.004 -7"><span class='ocrx_word' id='word_1_1' title='bbox 1167 317 1246 362; x_wconf 73' lang='lat' dir='ltr'><strong>nn</strong></span> <span class='ocrx_word' id='word_1_2' title='bbox 1290 316 1617 365; x_wconf 56' lang='lat' dir='ltr'><strong>carn-uus.</strong></span> <span class='ocrx_word' id='word_1_3' title='bbox 2173 310 2179 317; x_wconf 89' lang='lat'>&#39;</span> <span class='ocrx_word' id='word_1_4' title='bbox 2412 311 2536 369; x_wconf 73' lang='lat'><strong>255</strong></span> 
     </span>
    </p>
   </div>
   <div class='ocr_carea' id='block_1_2' title="bbox 226 434 2543 4450">
    <p class='ocr_par' dir='ltr' id='par_1_2' title="bbox 242 434 2543 1697">
     <span class='ocr_line' id='line_1_2' title="bbox 334 434 2542 532; baseline 0.004 -28"><span class='ocrx_word' id='word_1_5' title='bbox 334 436 401 504; x_wconf 80' lang='lat'><strong>5⁰</strong></span> <span class='ocrx_word' id='word_1_6' title='bbox 451 434 764 516; x_wconf 85' lang='lat' dir='ltr'><strong>Quamvis</strong></span> <span class='ocrx_word' id='word_1_7' title='bbox 817 435 885 502; x_wconf 91' lang='lat' dir='ltr'><strong>in</strong></span> <span class='ocrx_word' id='word_1_8' title='bbox 936 456 1090 504; x_wconf 90' lang='lat' dir='ltr'><strong>casu</strong></span> <span class='ocrx_word' id='word_1_9' title='bbox 1145 456 1343 526; x_wconf 85' lang='lat' dir='ltr'><strong>supra</strong></span> <span class='ocrx_word' id='word_1_10' title='bbox 1388 437 1600 521; x_wconf 86' lang='lat' dir='ltr'><strong>citato,</strong></span> <span class='ocrx_word' id='word_1_11' title='bbox 1659 435 1731 505; x_wconf 91' lang='lat' dir='ltr'><strong>in</strong></span> <span class='ocrx_word' id='word_1_12' title='bbox 1777 458 1910 527; x_wconf 90' lang='lat' dir='ltr'><strong>quo</strong></span> <span class='ocrx_word' id='word_1_13' title='bbox 1965 459 2202 531; x_wconf 82' lang='lat' dir='ltr'><strong>nempe</strong></span> <span class='ocrx_word' id='word_1_14' title='bbox 2246 442 2542 532; x_wconf 87' lang='lat' dir='ltr'><strong>passibus</strong></span> 
     </span>
     <span class='ocr_line' id='line_1_3' title="bbox 253 541 2543 635; baseline 0.004 -25"><span class='ocrx_word' id='word_1_15' title='bbox 253 542 378 610; x_wconf 89' lang='grc'><strong>228</strong></span> <span class='ocrx_word' id='word_1_16' title='bbox 403 541 676 610; x_wconf 89' lang='lat' dir='ltr'><strong>distabat</strong></span> <span class='ocrx_word' id='word_1_17' title='bbox 696 541 1126 633; x_wconf 90' lang='lat' dir='ltr'><strong>episcopium,</strong></span> <span class='ocrx_word' id='word_1_18' title='bbox 1161 542 1544 611; x_wconf 78' lang='lat' dir='ltr'><strong>declarasset</strong></span> <span class='ocrx_word' id='word_1_19' title='bbox 1565 543 1756 613; x_wconf 89' lang='lat' dir='ltr'><strong>Sacra</strong></span> <span class='ocrx_word' id='word_1_20' title='bbox 1787 544 2238 635; x_wconf 80' lang='lat' dir='ltr'><strong>Congregatio,</strong></span> <span class='ocrx_word' id='word_1_21' title='bbox 2270 569 2405 617; x_wconf 91' lang='lat' dir='ltr'><strong>non</strong></span> <span class='ocrx_word' id='word_1_22' title='bbox 2434 556 2543 619; x_wconf 89' lang='lat' dir='ltr'><strong>te-</strong></span> 
     </span>
     <span class='ocr_line' id='line_1_4' title="bbox 254 647 2533 740; baseline 0.004 -24"><span class='ocrx_word' id='word_1_23' title='bbox 254 649 392 716; x_wconf 89' lang='lat' dir='ltr'><strong>neri</strong></span> <span class='ocrx_word' id='word_1_24' title='bbox 444 647 799 739; x_wconf 89' lang='lat' dir='ltr'><strong>capitulum</strong></span> <span class='ocrx_word' id='word_1_25' title='bbox 837 648 917 715; x_wconf 90' lang='lat' dir='ltr'><strong>ad</strong></span> <span class='ocrx_word' id='word_1_26' title='bbox 963 648 1184 717; x_wconf 89' lang='lat' dir='ltr'><strong>aulam</strong></span> <span class='ocrx_word' id='word_1_27' title='bbox 1219 648 1523 740; x_wconf 85' lang='lat' dir='ltr'>Episcopi</span> <span class='ocrx_word' id='word_1_28' title='bbox 1570 672 1636 719; x_wconf 91' lang='lat' dir='ltr'><strong>se</strong></span> <span class='ocrx_word' id='word_1_29' title='bbox 1681 651 2046 733; x_wconf 66' lang='lat' dir='ltr'><strong>transferre,</strong></span> <span class='ocrx_word' id='word_1_30' title='bbox 2097 652 2533 725; x_wconf 85' lang='lat' dir='ltr'><strong>nibilominus</strong></span> 
     </span>
     <span class='ocr_line' id='line_1_5' title="bbox 256 753 2533 846; baseline 0.004 -26"><span class='ocrx_word' id='word_1_31' title='bbox 256 753 350 821; x_wconf 90' lang='lat' dir='ltr'><strong>die</strong></span> <span class='ocrx_word' id='word_1_32' title='bbox 374 753 461 821; x_wconf 90' lang='grc'><strong>26</strong></span> <span class='ocrx_word' id='word_1_33' title='bbox 489 753 711 843; x_wconf 84' lang='lat' dir='ltr'>aprilis</span> <span class='ocrx_word' id='word_1_34' title='bbox 743 753 913 822; x_wconf 72' lang='grc'><strong>1704</strong></span> <span class='ocrx_word' id='word_1_35' title='bbox 948 754 1140 846; x_wconf 91' lang='lat' dir='ltr'><strong>(apud</strong></span> <span class='ocrx_word' id='word_1_36' title='bbox 1183 755 1565 841; x_wconf 90' lang='lat' dir='ltr'><strong>Gardellini,</strong></span> <span class='ocrx_word' id='word_1_37' title='bbox 1600 779 1670 824; x_wconf 92' lang='lat' dir='ltr'><strong>n.</strong></span> <span class='ocrx_word' id='word_1_38' title='bbox 1708 755 1936 846; x_wconf 82' lang='lat'><strong>3538),</strong></span> <span class='ocrx_word' id='word_1_39' title='bbox 1982 758 2062 825; x_wconf 89' lang='lat' dir='ltr'><strong>ad</strong></span> <span class='ocrx_word' id='word_1_40' title='bbox 2105 758 2407 841; x_wconf 88' lang='lat' dir='ltr'><strong>dubium,</strong></span> <span class='ocrx_word' id='word_1_41' title='bbox 2441 783 2533 829; x_wconf 81' lang='lat' dir='ltr'><strong>an</strong></span> 
     </span>
     <span class='ocr_line' id='line_1_6' title="bbox 250 859 2535 952; baseline 0.004 -27"><span class='ocrx_word' id='word_1_42' title='bbox 250 859 613 949; x_wconf 80' lang='lat' dir='ltr'><strong>capitulum</strong></span> <span class='ocrx_word' id='word_1_43' title='bbox 676 872 740 928; x_wconf 86' lang='lat' dir='ltr'><strong>et</strong></span> <span class='ocrx_word' id='word_1_44' title='bbox 788 862 1088 930; x_wconf 82' lang='lat' dir='ltr'><strong>canonici</strong></span> <span class='ocrx_word' id='word_1_45' title='bbox 1150 862 1497 930; x_wconf 82' lang='lat' dir='ltr'><strong>Turritani</strong></span> <span class='ocrx_word' id='word_1_46' title='bbox 1557 873 1911 930; x_wconf 81' lang='lat' dir='ltr'><strong>teneantur</strong></span> <span class='ocrx_word' id='word_1_47' title='bbox 1948 864 2535 952; x_wconf 79' lang='lat' dir='ltr'><em>processionaliter</em></span> 
     </span>
     <span class='ocr_line' id='line_1_7' title="bbox 251 963 2535 1059; baseline 0.004 -28"><span class='ocrx_word' id='word_1_48' title='bbox 251 963 541 1033; x_wconf 81' lang='lat' dir='ltr'><strong><em>accedere</em></strong></span> <span class='ocrx_word' id='word_1_49' title='bbox 563 965 658 1034; x_wconf 84' lang='lat' dir='ltr'><strong>ad</strong></span> <span class='ocrx_word' id='word_1_50' title='bbox 675 968 1020 1057; x_wconf 83' lang='lat' dir='ltr'><strong>palatium</strong></span> <span class='ocrx_word' id='word_1_51' title='bbox 1043 972 1128 1038; x_wconf 92' lang='lat' dir='ltr'><strong>D.</strong></span> <span class='ocrx_word' id='word_1_52' title='bbox 1161 967 1684 1059; x_wconf 80' lang='lat' dir='ltr'><strong>Archiepiscopi‚</strong></span> <span class='ocrx_word' id='word_1_53' title='bbox 1712 990 1848 1035; x_wconf 80' lang='lat' dir='ltr'><strong>non</strong></span> <span class='ocrx_word' id='word_1_54' title='bbox 1874 968 2182 1037; x_wconf 82' lang='lat' dir='ltr'><strong>obstante</strong></span> <span class='ocrx_word' id='word_1_55' title='bbox 2209 967 2535 1040; x_wconf 78' lang='lat' dir='ltr'><em>distantia</em></span> 
     </span>
     <span class='ocr_line' id='line_1_8' title="bbox 252 1069 2536 1165; baseline 0.004 -28"><span class='ocrx_word' id='word_1_56' title='bbox 252 1069 335 1138; x_wconf 86' lang='lat' dir='ltr'><strong>bis</strong></span> <span class='ocrx_word' id='word_1_57' title='bbox 370 1083 638 1141; x_wconf 78' lang='lat' dir='ltr'><strong>centum</strong></span> <span class='ocrx_word' id='word_1_58' title='bbox 668 1084 732 1141; x_wconf 87' lang='lat' dir='ltr'><strong>et</strong></span> <span class='ocrx_word' id='word_1_59' title='bbox 762 1075 953 1142; x_wconf 85' lang='lat' dir='ltr'><strong>ultra</strong></span> <span class='ocrx_word' id='word_1_60' title='bbox 971 1096 1332 1165; x_wconf 79' lang='lat' dir='ltr'><strong><em>passuum,</em></strong></span> <span class='ocrx_word' id='word_1_61' title='bbox 1364 1074 1721 1164; x_wconf 83' lang='lat' dir='ltr'><strong>respondit,</strong></span> <span class='ocrx_word' id='word_1_62' title='bbox 1763 1074 2204 1164; x_wconf 84' lang='lat' dir='ltr'><strong>affirmative.</strong></span> <span class='ocrx_word' id='word_1_63' title='bbox 2248 1074 2375 1144; x_wconf 87' lang='lat' dir='ltr'><strong>Sed</strong></span> <span class='ocrx_word' id='word_1_64' title='bbox 2414 1077 2536 1147; x_wconf 90' lang='lat' dir='ltr'><strong>hoc</strong></span> 
     </span>
     <span class='ocr_line' id='line_1_9' title="bbox 248 1175 2537 1271; baseline 0.005 -28"><span class='ocrx_word' id='word_1_65' title='bbox 248 1175 396 1244; x_wconf 84' lang='lat' dir='ltr'><strong>forte</strong></span> <span class='ocrx_word' id='word_1_66' title='bbox 440 1178 522 1246; x_wconf 91' lang='lat' dir='ltr'><strong>ob</strong></span> <span class='ocrx_word' id='word_1_67' title='bbox 568 1179 964 1269; x_wconf 84' lang='lat' dir='ltr'><strong>peculiarem</strong></span> <span class='ocrx_word' id='word_1_68' title='bbox 1000 1183 1140 1271; x_wconf 89' lang='lat' dir='ltr'><strong>jam</strong></span> <span class='ocrx_word' id='word_1_69' title='bbox 1174 1182 1267 1249; x_wconf 90' lang='lat' dir='ltr'><strong>ibi</strong></span> <span class='ocrx_word' id='word_1_70' title='bbox 1307 1182 1630 1270; x_wconf 83' lang='lat' dir='ltr'><strong>vigentem</strong></span> <span class='ocrx_word' id='word_1_71' title='bbox 1660 1182 2219 1249; x_wconf 83' lang='lat' dir='ltr'><strong>consuetudinem.</strong></span> <span class='ocrx_word' id='word_1_72' title='bbox 2251 1181 2420 1250; x_wconf 88' lang='lat' dir='ltr'><strong>Nam</strong></span> <span class='ocrx_word' id='word_1_73' title='bbox 2449 1186 2537 1254; x_wconf 87' lang='lat' dir='ltr'><strong>ob</strong></span> 
     </span>
     <span class='ocr_line' id='line_1_10' title="bbox 246 1283 2528 1376; baseline 0.004 -25"><span class='ocrx_word' id='word_1_74' title='bbox 246 1283 393 1352; x_wconf 85' lang='lat' dir='ltr'><strong>alias</strong></span> <span class='ocrx_word' id='word_1_75' title='bbox 451 1285 807 1355; x_wconf 85' lang='lat' dir='ltr'><strong>decisiones</strong></span> <span class='ocrx_word' id='word_1_76' title='bbox 868 1292 931 1355; x_wconf 91' lang='lat' dir='ltr'><strong>et</strong></span> <span class='ocrx_word' id='word_1_77' title='bbox 984 1293 1079 1355; x_wconf 89' lang='lat' dir='ltr'><strong>sat</strong></span> <span class='ocrx_word' id='word_1_78' title='bbox 1120 1309 1548 1356; x_wconf 89' lang='lat' dir='ltr'><strong>communem</strong></span> <span class='ocrx_word' id='word_1_79' title='bbox 1586 1287 2072 1356; x_wconf 83' lang='lat' dir='ltr'><strong>canonistarum</strong></span> <span class='ocrx_word' id='word_1_80' title='bbox 2114 1291 2528 1376; x_wconf 88' lang='lat' dir='ltr'><strong>sententiam,</strong></span> 
     </span>
     <span class='ocr_line' id='line_1_11' title="bbox 245 1390 2532 1484; baseline 0.003 -27"><span class='ocrx_word' id='word_1_81' title='bbox 245 1390 493 1458; x_wconf 83' lang='lat' dir='ltr'><strong>videtur</strong></span> <span class='ocrx_word' id='word_1_82' title='bbox 527 1392 910 1483; x_wconf 83' lang='lat' dir='ltr'><strong>assignanda</strong></span> <span class='ocrx_word' id='word_1_83' title='bbox 949 1416 1262 1484; x_wconf 82' lang='lat' dir='ltr'><strong>passuum</strong></span> <span class='ocrx_word' id='word_1_84' title='bbox 1298 1394 1430 1462; x_wconf 92' lang='grc'><strong>200</strong></span> <span class='ocrx_word' id='word_1_85' title='bbox 1455 1393 1783 1477; x_wconf 77' lang='lat' dir='ltr'><strong>distantia,</strong></span> <span class='ocrx_word' id='word_1_86' title='bbox 1815 1393 1977 1461; x_wconf 86' lang='lat' dir='ltr'><strong>citra</strong></span> <span class='ocrx_word' id='word_1_87' title='bbox 2004 1415 2204 1483; x_wconf 85' lang='lat' dir='ltr'><strong>quam</strong></span> <span class='ocrx_word' id='word_1_88' title='bbox 2239 1402 2532 1464; x_wconf 87' lang='lat' dir='ltr'><strong>teneatur</strong></span> 
     </span>
     <span class='ocr_line' id='line_1_12' title="bbox 245 1499 2533 1592; baseline 0.002 -25"><span class='ocrx_word' id='word_1_89' title='bbox 245 1499 599 1589; x_wconf 89' lang='lat' dir='ltr'><strong>capitulum</strong></span> <span class='ocrx_word' id='word_1_90' title='bbox 626 1502 707 1568; x_wconf 87' lang='lat' dir='ltr'><strong>ad</strong></span> <span class='ocrx_word' id='word_1_91' title='bbox 735 1502 952 1570; x_wconf 90' lang='lat' dir='ltr'><strong>aulam</strong></span> <span class='ocrx_word' id='word_1_92' title='bbox 1000 1502 1448 1592; x_wconf 34' lang='lat' dir='ltr'><strong>episcopalem,</strong></span> <span class='ocrx_word' id='word_1_93' title='bbox 1472 1500 1798 1585; x_wconf 83' lang='lat' dir='ltr'><strong>accedere,</strong></span> <span class='ocrx_word' id='word_1_94' title='bbox 1830 1500 2004 1568; x_wconf 86' lang='lat' dir='ltr'><strong>ultra</strong></span> <span class='ocrx_word' id='word_1_95' title='bbox 2038 1522 2237 1590; x_wconf 90' lang='lat' dir='ltr'><strong>quam</strong></span> <span class='ocrx_word' id='word_1_96' title='bbox 2283 1523 2415 1571; x_wconf 92' lang='lat' dir='ltr'><strong>non</strong></span> <span class='ocrx_word' id='word_1_97' title='bbox 2444 1508 2533 1571; x_wconf 87' lang='lat' dir='ltr'><strong>te·</strong></span> 
     </span>
     <span class='ocr_line' id='line_1_13' title="bbox 242 1607 2243 1697; baseline 0.002 -26"><span class='ocrx_word' id='word_1_98' title='bbox 242 1611 501 1684; x_wconf 81' lang='lat' dir='ltr'><strong>neatur3</strong></span> <span class='ocrx_word' id='word_1_99' title='bbox 533 1607 707 1675; x_wconf 85' lang='lat' dir='ltr'><strong>salvo</strong></span> <span class='ocrx_word' id='word_1_100' title='bbox 735 1614 950 1677; x_wconf 91' lang='lat' dir='ltr'><strong>tamen</strong></span> <span class='ocrx_word' id='word_1_101' title='bbox 980 1608 1317 1676; x_wconf 88' lang='lat' dir='ltr'><strong>contrariae</strong></span> <span class='ocrx_word' id='word_1_102' title='bbox 1342 1607 1831 1676; x_wconf 80' lang='lat' dir='ltr'><strong>consuetudinis</strong></span> <span class='ocrx_word' id='word_1_103' title='bbox 1860 1607 2047 1675; x_wconf 89' lang='lat' dir='ltr'><strong>locali</strong></span> <span class='ocrx_word' id='word_1_104' title='bbox 2067 1608 2243 1697; x_wconf 87' lang='lat' dir='ltr'><strong>jure.</strong></span> 
     </span>
    </p>

    <p class='ocr_par' dir='ltr' id='par_1_3' title="bbox 226 1712 2534 2650">
     <span class='ocr_line' id='line_1_14' title="bbox 318 1712 2532 1805; baseline 0.003 -26"><span class='ocrx_word' id='word_1_105' title='bbox 318 1712 389 1779; x_wconf 80' lang='lat'><strong>6⁰</strong></span> <span class='ocrx_word' id='word_1_106' title='bbox 419 1713 519 1781; x_wconf 79' lang='lat' dir='ltr'><strong>Ad</strong></span> <span class='ocrx_word' id='word_1_107' title='bbox 562 1713 866 1799; x_wconf 89' lang='lat' dir='ltr'><strong>dubium,</strong></span> <span class='ocrx_word' id='word_1_108' title='bbox 908 1737 1019 1800; x_wconf 90' lang='lat' dir='ltr'><strong>an,</strong></span> <span class='ocrx_word' id='word_1_109' title='bbox 1051 1722 1235 1804; x_wconf 88' lang='lat' dir='ltr'><strong>quot,</strong></span> <span class='ocrx_word' id='word_1_110' title='bbox 1272 1722 1333 1783; x_wconf 89' lang='lat' dir='ltr'><strong>et</strong></span> <span class='ocrx_word' id='word_1_111' title='bbox 1364 1715 1590 1805; x_wconf 88' lang='lat' dir='ltr'><strong>quales</strong></span> <span class='ocrx_word' id='word_1_112' title='bbox 1624 1714 1926 1783; x_wconf 88' lang='lat' dir='ltr'><strong>canonici</strong></span> <span class='ocrx_word' id='word_1_113' title='bbox 1965 1720 2027 1782; x_wconf 93' lang='lat' dir='ltr'><strong>et</strong></span> <span class='ocrx_word' id='word_1_114' title='bbox 2053 1714 2398 1804; x_wconf 85' lang='lat' dir='ltr'><strong>dignitates</strong></span> <span class='ocrx_word' id='word_1_115' title='bbox 2440 1721 2532 1785; x_wconf 89' lang='lat' dir='ltr'><strong>te·</strong></span> 
     </span>
     <span class='ocr_line' id='line_1_15' title="bbox 238 1819 2520 1914; baseline 0.003 -30"><span class='ocrx_word' id='word_1_116' title='bbox 238 1824 511 1887; x_wconf 89' lang='lat' dir='ltr'><strong>neantur</strong></span> <span class='ocrx_word' id='word_1_117' title='bbox 550 1821 630 1888; x_wconf 91' lang='lat' dir='ltr'><strong>ad</strong></span> <span class='ocrx_word' id='word_1_118' title='bbox 681 1823 920 1889; x_wconf 89' lang='lat' dir='ltr'><strong>ostium</strong></span> <span class='ocrx_word' id='word_1_119' title='bbox 967 1821 1247 1889; x_wconf 87' lang='lat' dir='ltr'><strong>ecclesiae</strong></span> <span class='ocrx_word' id='word_1_120' title='bbox 1290 1823 1582 1912; x_wconf 89' lang='lat' dir='ltr'><strong>excipere</strong></span> <span class='ocrx_word' id='word_1_121' title='bbox 1629 1826 1693 1888; x_wconf 89' lang='lat' dir='ltr'><strong>et</strong></span> <span class='ocrx_word' id='word_1_122' title='bbox 1736 1820 2053 1889; x_wconf 90' lang='lat' dir='ltr'><strong>associare</strong></span> <span class='ocrx_word' id='word_1_123' title='bbox 2098 1819 2520 1914; x_wconf 83' lang='lat' dir='ltr'><strong>Episcopum,</strong></span> 
     </span>
     <span class='ocr_line' id='line_1_16' title="bbox 238 1924 2528 2011; baseline 0.002 -21"><span class='ocrx_word' id='word_1_124' title='bbox 238 1925 493 2011; x_wconf 86' lang='lat' dir='ltr'><strong>quando</strong></span> <span class='ocrx_word' id='word_1_125' title='bbox 523 1927 810 1994; x_wconf 90' lang='lat' dir='ltr'><strong>rochetto</strong></span> <span class='ocrx_word' id='word_1_126' title='bbox 839 1932 901 1993; x_wconf 91' lang='lat' dir='ltr'><strong>et</strong></span> <span class='ocrx_word' id='word_1_127' title='bbox 935 1932 1204 1993; x_wconf 87' lang='lat' dir='ltr'><strong>mozetta</strong></span> <span class='ocrx_word' id='word_1_128' title='bbox 1231 1926 1498 1992; x_wconf 88' lang='lat' dir='ltr'><strong>indutus</strong></span> <span class='ocrx_word' id='word_1_129' title='bbox 1535 1925 1781 1992; x_wconf 87' lang='lat' dir='ltr'><strong>accedit</strong></span> <span class='ocrx_word' id='word_1_130' title='bbox 1824 1931 1901 1991; x_wconf 90' lang='lat' dir='ltr'><strong>ut</strong></span> <span class='ocrx_word' id='word_1_131' title='bbox 1928 1924 2183 2003; x_wconf 81' lang='lat' dir='ltr'><strong>intersit</strong></span> <span class='ocrx_word' id='word_1_132' title='bbox 2218 1925 2528 1994; x_wconf 88' lang='lat' dir='ltr'><strong>benedic-</strong></span> 
     </span>
     <span class='ocr_line' id='line_1_17' title="bbox 238 2027 2525 2118; baseline 0.001 -24"><span class='ocrx_word' id='word_1_133' title='bbox 238 2027 391 2096; x_wconf 80' lang='lat' dir='ltr'><strong>tioni</strong></span> <span class='ocrx_word' id='word_1_134' title='bbox 417 2028 816 2099; x_wconf 78' lang='lat' dir='ltr'><strong>sanctissimi</strong></span> <span class='ocrx_word' id='word_1_135' title='bbox 845 2029 1252 2099; x_wconf 87' lang='lat' dir='ltr'><strong>Sacramenti</strong></span> <span class='ocrx_word' id='word_1_136' title='bbox 1276 2029 1551 2118; x_wconf 89' lang='lat' dir='ltr'><strong>aliisque</strong></span> <span class='ocrx_word' id='word_1_137' title='bbox 1579 2029 2026 2096; x_wconf 86' lang='lat' dir='ltr'><strong>functionibus</strong></span> <span class='ocrx_word' id='word_1_138' title='bbox 2055 2028 2525 2113; x_wconf 84' lang='lat' dir='ltr'><strong>ecclesiasticis,</strong></span> 
     </span>
     <span class='ocr_line' id='line_1_18' title="bbox 235 2131 2533 2228; baseline 0 -27"><span class='ocrx_word' id='word_1_139' title='bbox 235 2154 410 2202; x_wconf 87' lang='lat' dir='ltr'><strong>sacra</strong></span> <span class='ocrx_word' id='word_1_140' title='bbox 456 2135 882 2226; x_wconf 84' lang='lat' dir='ltr'><strong>Congregatio</strong></span> <span class='ocrx_word' id='word_1_141' title='bbox 928 2136 1175 2204; x_wconf 86' lang='lat' dir='ltr'><strong>rituum</strong></span> <span class='ocrx_word' id='word_1_142' title='bbox 1233 2134 1327 2228; x_wconf 91' lang='lat' dir='ltr'><strong>(in</strong></span> <span class='ocrx_word' id='word_1_143' title='bbox 1377 2134 1707 2202; x_wconf 80' lang='lat' dir='ltr'><strong>Pranensi</strong></span> <span class='ocrx_word' id='word_1_144' title='bbox 1746 2134 1833 2201; x_wconf 87' lang='grc'><strong>26</strong></span> <span class='ocrx_word' id='word_1_145' title='bbox 1881 2136 2137 2221; x_wconf 85' lang='lat' dir='ltr'><strong>augusti</strong></span> <span class='ocrx_word' id='word_1_146' title='bbox 2180 2131 2376 2222; x_wconf 89' lang='grc'>1702)</span> <span class='ocrx_word' id='word_1_147' title='bbox 2430 2155 2533 2202; x_wconf 91' lang='lat' dir='ltr'><strong>re·</strong></span> 
     </span>
     <span class='ocr_line' id='line_1_19' title="bbox 231 2236 2534 2328; baseline -0.001 -23"><span class='ocrx_word' id='word_1_148' title='bbox 231 2239 499 2328; x_wconf 82' lang='lat' dir='ltr'><strong>spondit</strong></span> <span class='ocrx_word' id='word_1_149' title='bbox 528 2241 732 2308; x_wconf 81' lang='lat' dir='ltr'><strong>teneri</strong></span> <span class='ocrx_word' id='word_1_150' title='bbox 781 2241 944 2308; x_wconf 81' lang='lat' dir='ltr'><strong>duos</strong></span> <span class='ocrx_word' id='word_1_151' title='bbox 991 2241 1423 2308; x_wconf 51' lang='lat' dir='ltr'><strong>canonicos..</strong></span> <span class='ocrx_word' id='word_1_152' title='bbox 1481 2241 1726 2306; x_wconf 80' lang='lat' dir='ltr'><strong>saltem</strong></span> <span class='ocrx_word' id='word_1_153' title='bbox 1774 2238 1967 2304; x_wconf 76' lang='lat' dir='ltr'><strong>duos·</strong></span> <span class='ocrx_word' id='word_1_154' title='bbox 2008 2238 2225 2326; x_wconf 71' lang='lat' dir='ltr'><strong>(Apud</strong></span> <span class='ocrx_word' id='word_1_155' title='bbox 2253 2236 2534 2303; x_wconf 89' lang='lat' dir='ltr'><strong>Gardel-</strong></span> 
     </span>
     <span class='ocr_line' id='line_1_20' title="bbox 229 2342 2533 2434; baseline 0 -24"><span class='ocrx_word' id='word_1_156' title='bbox 229 2343 388 2426; x_wconf 86' lang='lat' dir='ltr'><strong>lini,</strong></span> <span class='ocrx_word' id='word_1_157' title='bbox 447 2353 517 2408; x_wconf 85' lang='lat' dir='ltr'><strong>n⁰</strong></span> <span class='ocrx_word' id='word_1_158' title='bbox 577 2343 811 2434; x_wconf 80' lang='lat'>3483.)</span> <span class='ocrx_word' id='word_1_159' title='bbox 877 2344 1153 2412; x_wconf 87' lang='lat' dir='ltr'><strong>Videtur</strong></span> <span class='ocrx_word' id='word_1_160' title='bbox 1221 2351 1438 2413; x_wconf 86' lang='lat' dir='ltr'><strong>autem</strong></span> <span class='ocrx_word' id='word_1_161' title='bbox 1509 2366 1689 2414; x_wconf 88' lang='lat' dir='ltr'><strong>sacra</strong></span> <span class='ocrx_word' id='word_1_162' title='bbox 1749 2342 2178 2431; x_wconf 85' lang='lat' dir='ltr'><strong>Congregatio</strong></span> <span class='ocrx_word' id='word_1_163' title='bbox 2248 2342 2533 2410; x_wconf 89' lang='lat' dir='ltr'><strong>liberum</strong></span> 
     </span>
     <span class='ocr_line' id='line_1_21' title="bbox 226 2446 2527 2541; baseline 0 -26"><span class='ocrx_word' id='word_1_164' title='bbox 226 2446 574 2540; x_wconf 82' lang='lat' dir='ltr'><strong>reliquisse</strong></span> <span class='ocrx_word' id='word_1_165' title='bbox 627 2448 932 2540; x_wconf 88' lang='lat' dir='ltr'><strong>capitulo,</strong></span> <span class='ocrx_word' id='word_1_166' title='bbox 991 2455 1066 2518; x_wconf 91' lang='lat' dir='ltr'><strong>ut</strong></span> <span class='ocrx_word' id='word_1_167' title='bbox 1113 2472 1276 2541; x_wconf 87' lang='lat' dir='ltr'><strong>quos</strong></span> <span class='ocrx_word' id='word_1_168' title='bbox 1309 2449 1498 2518; x_wconf 87' lang='lat' dir='ltr'><strong>vellet</strong></span> <span class='ocrx_word' id='word_1_169' title='bbox 1538 2451 1616 2518; x_wconf 90' lang='lat' dir='ltr'><strong>ad</strong></span> <span class='ocrx_word' id='word_1_170' title='bbox 1666 2449 1729 2517; x_wconf 92' lang='lat' dir='ltr'><strong>id</strong></span> <span class='ocrx_word' id='word_1_171' title='bbox 1772 2448 2132 2539; x_wconf 87' lang='lat' dir='ltr'><strong>deputaret,</strong></span> <span class='ocrx_word' id='word_1_172' title='bbox 2183 2467 2338 2516; x_wconf 91' lang='lat' dir='ltr'><strong>cum</strong></span> <span class='ocrx_word' id='word_1_173' title='bbox 2395 2467 2527 2516; x_wconf 89' lang='lat' dir='ltr'><strong>non</strong></span> 
     </span>
     <span class='ocr_line' id='line_1_22' title="bbox 233 2554 1508 2650; baseline 0.002 -28"><span class='ocrx_word' id='word_1_174' title='bbox 233 2554 462 2623; x_wconf 84' lang='lat' dir='ltr'><strong>dixerit</strong></span> <span class='ocrx_word' id='word_1_175' title='bbox 488 2557 711 2646; x_wconf 88' lang='lat' dir='ltr'><strong>quales</strong></span> <span class='ocrx_word' id='word_1_176' title='bbox 737 2558 868 2626; x_wconf 93' lang='lat' dir='ltr'><strong>duo</strong></span> <span class='ocrx_word' id='word_1_177' title='bbox 895 2564 1105 2626; x_wconf 87' lang='lat' dir='ltr'><strong>essent</strong></span> <span class='ocrx_word' id='word_1_178' title='bbox 1128 2557 1508 2650; x_wconf 89' lang='lat' dir='ltr'><strong>deputandi.</strong></span> 
     </span>
    </p>

    <p class='ocr_par' dir='ltr' id='par_1_4' title="bbox 234 2660 2530 3281">
     <span class='ocr_line' id='line_1_23' title="bbox 321 2660 2526 2754; baseline 0.003 -28"><span class='ocrx_word' id='word_1_179' title='bbox 321 2660 386 2726; x_wconf 87' lang='lat'><strong>7⁰</strong></span> <span class='ocrx_word' id='word_1_180' title='bbox 415 2661 584 2730; x_wconf 90' lang='lat' dir='ltr'><strong>Cum</strong></span> <span class='ocrx_word' id='word_1_181' title='bbox 629 2664 925 2731; x_wconf 89' lang='lat' dir='ltr'><strong>canonici</strong></span> <span class='ocrx_word' id='word_1_182' title='bbox 956 2663 1341 2732; x_wconf 86' lang='lat' dir='ltr'><strong>cathedralis</strong></span> <span class='ocrx_word' id='word_1_183' title='bbox 1385 2662 1918 2754; x_wconf 86' lang='lat' dir='ltr'><strong>Compostellanae</strong></span> <span class='ocrx_word' id='word_1_184' title='bbox 1952 2667 2304 2732; x_wconf 85' lang='lat' dir='ltr'><strong>renuerent</strong></span> <span class='ocrx_word' id='word_1_185' title='bbox 2341 2684 2526 2733; x_wconf 88' lang='lat' dir='ltr'><strong>asso-</strong></span> 
     </span>
     <span class='ocr_line' id='line_1_24' title="bbox 235 2765 2528 2860; baseline 0.001 -27"><span class='ocrx_word' id='word_1_186' title='bbox 235 2765 406 2836; x_wconf 86' lang='lat' dir='ltr'><strong>ciare</strong></span> <span class='ocrx_word' id='word_1_187' title='bbox 432 2769 1045 2837; x_wconf 83' lang='lat' dir='ltr'><strong>reverendissimum</strong></span> <span class='ocrx_word' id='word_1_188' title='bbox 1071 2769 1655 2860; x_wconf 88' lang='lat' dir='ltr'><strong>Archiepiscopum</strong></span> <span class='ocrx_word' id='word_1_189' title='bbox 1684 2770 1765 2836; x_wconf 90' lang='lat' dir='ltr'><strong>ab</strong></span> <span class='ocrx_word' id='word_1_190' title='bbox 1797 2770 1946 2836; x_wconf 90' lang='lat' dir='ltr'><strong>aula</strong></span> <span class='ocrx_word' id='word_1_191' title='bbox 1975 2770 2057 2834; x_wconf 85' lang='lat' dir='ltr'><strong>ad</strong></span> <span class='ocrx_word' id='word_1_192' title='bbox 2091 2769 2456 2850; x_wconf 92' lang='lat' dir='ltr'><strong>ecclesiam,</strong></span> <span class='ocrx_word' id='word_1_193' title='bbox 2489 2790 2528 2836; x_wconf 84' lang='lat' dir='ltr'><strong>a</strong></span> 
     </span>
     <span class='ocr_line' id='line_1_25' title="bbox 234 2872 2523 2963; baseline 0 -22"><span class='ocrx_word' id='word_1_194' title='bbox 234 2893 419 2941; x_wconf 89' lang='lat' dir='ltr'><strong>sacra</strong></span> <span class='ocrx_word' id='word_1_195' title='bbox 446 2872 954 2963; x_wconf 74' lang='lat' dir='ltr'><strong>congregatione</strong></span> <span class='ocrx_word' id='word_1_196' title='bbox 981 2878 1262 2963; x_wconf 89' lang='lat' dir='ltr'><strong>rituum,</strong></span> <span class='ocrx_word' id='word_1_197' title='bbox 1293 2877 1396 2942; x_wconf 91' lang='lat' dir='ltr'><strong>die</strong></span> <span class='ocrx_word' id='word_1_198' title='bbox 1425 2875 1513 2942; x_wconf 86' lang='grc'><strong>23</strong></span> <span class='ocrx_word' id='word_1_199' title='bbox 1545 2875 1704 2941; x_wconf 90' lang='lat' dir='ltr'><strong>maii</strong></span> <span class='ocrx_word' id='word_1_200' title='bbox 1734 2873 1938 2956; x_wconf 83' lang='lat'><strong>1835,</strong></span> <span class='ocrx_word' id='word_1_201' title='bbox 1968 2874 2358 2960; x_wconf 88' lang='lat' dir='ltr'><strong>rescriptum</strong></span> <span class='ocrx_word' id='word_1_202' title='bbox 2386 2878 2523 2941; x_wconf 87' lang='lat' dir='ltr'><strong>est:</strong></span> 
     </span>
     <span class='ocr_line' id='line_1_26' title="bbox 234 2973 2530 3069; baseline 0 -25"><span class='ocrx_word' id='word_1_203' title='bbox 234 3014 326 3028; x_wconf 89' lang='lat'><strong>—</strong></span> <span class='ocrx_word' id='word_1_204' title='bbox 352 2979 675 3046; x_wconf 83' lang='lat' dir='ltr'><strong>Servetur</strong></span> <span class='ocrx_word' id='word_1_205' title='bbox 695 2977 1033 3069; x_wconf 82' lang='lat' dir='ltr'><strong>dispositio</strong></span> <span class='ocrx_word' id='word_1_206' title='bbox 1065 2978 1566 3046; x_wconf 81' lang='lat' dir='ltr'><strong>Coeremonialis</strong></span> <span class='ocrx_word' id='word_1_207' title='bbox 1593 2978 1669 3067; x_wconf 86' lang='lat' dir='ltr'><strong>(l.</strong></span> <span class='ocrx_word' id='word_1_208' title='bbox 1697 2980 1739 3043; x_wconf 97' lang='lat' dir='ltr'><em>I</em></span> <span class='ocrx_word' id='word_1_209' title='bbox 1740 3000 1838 3061; x_wconf 85' lang='lat' dir='ltr'><strong>,-c.</strong></span> <span class='ocrx_word' id='word_1_210' title='bbox 1869 2976 1980 3065; x_wconf 91' lang='grc'>20)</span> <span class='ocrx_word' id='word_1_211' title='bbox 2005 2988 2069 3042; x_wconf 89' lang='lat' dir='ltr'><strong>et</strong></span> <span class='ocrx_word' id='word_1_212' title='bbox 2092 2974 2287 3042; x_wconf 85' lang='lat' dir='ltr'><strong>detur</strong></span> <span class='ocrx_word' id='word_1_213' title='bbox 2314 2973 2530 3044; x_wconf 84' lang='lat' dir='ltr'><strong>decre-</strong></span> 
     </span>
     <span class='ocr_line' id='line_1_27' title="bbox 243 3081 2527 3174; baseline 0.001 -25"><span class='ocrx_word' id='word_1_214' title='bbox 243 3092 382 3150; x_wconf 85' lang='lat' dir='ltr'><strong>tum</strong></span> <span class='ocrx_word' id='word_1_215' title='bbox 439 3084 510 3151; x_wconf 83' lang='lat' dir='ltr'><strong>in</strong></span> <span class='ocrx_word' id='word_1_216' title='bbox 573 3085 936 3153; x_wconf 81' lang='lat' dir='ltr'><strong>Turritana</strong></span> <span class='ocrx_word' id='word_1_217' title='bbox 987 3084 1122 3153; x_wconf 87' lang='lat' dir='ltr'><strong>diei</strong></span> <span class='ocrx_word' id='word_1_218' title='bbox 1169 3084 1257 3152; x_wconf 88' lang='grc'><strong>26</strong></span> <span class='ocrx_word' id='word_1_219' title='bbox 1316 3083 1561 3174; x_wconf 81' lang='lat' dir='ltr'><strong>aprilis</strong></span> <span class='ocrx_word' id='word_1_220' title='bbox 1612 3082 1807 3152; x_wconf 83' lang='grc'>1704.</span> <span class='ocrx_word' id='word_1_221' title='bbox 1862 3081 2086 3173; x_wconf 91' lang='lat' dir='ltr'><strong>(Apud</strong></span> <span class='ocrx_word' id='word_1_222' title='bbox 2141 3081 2527 3171; x_wconf 86' lang='lat' dir='ltr'><strong>Gardellini,</strong></span> 
     </span>
     <span class='ocr_line' id='line_1_28' title="bbox 243 3186 871 3281; baseline 0.005 -26"><span class='ocrx_word' id='word_1_223' title='bbox 243 3193 287 3257; x_wconf 90' lang='lat' dir='ltr'><strong>t.</strong></span> <span class='ocrx_word' id='word_1_224' title='bbox 320 3186 491 3276; x_wconf 90' lang='lat' dir='ltr'><strong>Vlll,</strong></span> <span class='ocrx_word' id='word_1_225' title='bbox 531 3213 601 3258; x_wconf 88' lang='lat' dir='ltr'><strong>n.</strong></span> <span class='ocrx_word' id='word_1_226' title='bbox 637 3191 871 3281; x_wconf 80' lang='grc'>4592.)</span> 
     </span>
    </p>

    <p class='ocr_par' dir='ltr' id='par_1_5' title="bbox 251 3293 2525 3600">
     <span class='ocr_line' id='line_1_29' title="bbox 328 3293 2525 3387; baseline 0.002 -25"><span class='ocrx_word' id='word_1_227' title='bbox 328 3293 393 3362; x_wconf 80' lang='lat'><strong>8⁰</strong></span> <span class='ocrx_word' id='word_1_228' title='bbox 428 3295 739 3365; x_wconf 88' lang='lat' dir='ltr'><strong>Canonici</strong></span> <span class='ocrx_word' id='word_1_229' title='bbox 785 3297 1158 3366; x_wconf 91' lang='lat' dir='ltr'><strong>accedentes</strong></span> <span class='ocrx_word' id='word_1_230' title='bbox 1205 3296 1286 3365; x_wconf 92' lang='lat' dir='ltr'><strong>ad</strong></span> <span class='ocrx_word' id='word_1_231' title='bbox 1341 3295 1799 3386; x_wconf 90' lang='lat' dir='ltr'><strong>excipiendum</strong></span> <span class='ocrx_word' id='word_1_232' title='bbox 1846 3294 2244 3387; x_wconf 90' lang='lat' dir='ltr'><strong>Episcopum</strong></span> <span class='ocrx_word' id='word_1_233' title='bbox 2291 3297 2525 3366; x_wconf 87' lang='lat' dir='ltr'><strong>debent</strong></span> 
     </span>
     <span class='ocr_line' id='line_1_30' title="bbox 251 3401 2522 3494; baseline 0.002 -27"><span class='ocrx_word' id='word_1_234' title='bbox 251 3409 597 3493; x_wconf 87' lang='lat' dir='ltr'><strong>exspectare</strong></span> <span class='ocrx_word' id='word_1_235' title='bbox 626 3406 696 3472; x_wconf 92' lang='lat' dir='ltr'><strong>in</strong></span> <span class='ocrx_word' id='word_1_236' title='bbox 731 3404 878 3472; x_wconf 91' lang='lat' dir='ltr'><strong>aula</strong></span> <span class='ocrx_word' id='word_1_237' title='bbox 926 3405 1066 3494; x_wconf 89' lang='lat' dir='ltr'><strong>ejus</strong></span> <span class='ocrx_word' id='word_1_238' title='bbox 1111 3404 1490 3484; x_wconf 87' lang='lat' dir='ltr'><strong>adventum.</strong></span> <span class='ocrx_word' id='word_1_239' title='bbox 1538 3401 1896 3494; x_wconf 91' lang='lat' dir='ltr'><strong>Episcopus</strong></span> <span class='ocrx_word' id='word_1_240' title='bbox 1940 3424 2093 3472; x_wconf 87' lang='lat' dir='ltr'><strong>vero</strong></span> <span class='ocrx_word' id='word_1_241' title='bbox 2146 3402 2335 3472; x_wconf 89' lang='lat' dir='ltr'><strong>debet</strong></span> <span class='ocrx_word' id='word_1_242' title='bbox 2384 3423 2522 3472; x_wconf 88' lang='lat' dir='ltr'><strong>esse</strong></span> 
     </span>
     <span class='ocr_line' id='line_1_31' title="bbox 252 3503 1276 3600; baseline 0.002 -26"><span class='ocrx_word' id='word_1_243' title='bbox 252 3503 569 3576; x_wconf 87' lang='lat' dir='ltr'><strong>discretus.</strong></span> <span class='ocrx_word' id='word_1_244' title='bbox 604 3509 1010 3599; x_wconf 78' lang='lat' dir='ltr'><strong>(Gardellini‚</strong></span> <span class='ocrx_word' id='word_1_245' title='bbox 1046 3508 1276 3600; x_wconf 89' lang='grc'>2879.)</span> 
     </span>
    </p>

    <p class='ocr_par' dir='ltr' id='par_1_6' title="bbox 260 3610 2519 3808">
     <span class='ocr_line' id='line_1_32' title="bbox 327 3610 2519 3704; baseline -0.004 -21"><span class='ocrx_word' id='word_1_246' title='bbox 327 3616 394 3683; x_wconf 83' lang='lat'><strong>9⁰</strong></span> <span class='ocrx_word' id='word_1_247' title='bbox 439 3614 583 3684; x_wconf 91' lang='lat' dir='ltr'><strong>Non</strong></span> <span class='ocrx_word' id='word_1_248' title='bbox 613 3619 1001 3683; x_wconf 84' lang='lat' dir='ltr'><strong>excusantur</strong></span> <span class='ocrx_word' id='word_1_249' title='bbox 1030 3614 1111 3681; x_wconf 88' lang='lat' dir='ltr'><strong>ab</strong></span> <span class='ocrx_word' id='word_1_250' title='bbox 1141 3616 1558 3682; x_wconf 90' lang='lat' dir='ltr'><strong>associatione</strong></span> <span class='ocrx_word' id='word_1_251' title='bbox 1594 3620 1902 3704; x_wconf 80' lang='lat' dir='ltr'><strong>praetextu</strong></span> <span class='ocrx_word' id='word_1_252' title='bbox 1942 3610 2215 3679; x_wconf 83' lang='lat' dir='ltr'><strong>modicae</strong></span> <span class='ocrx_word' id='word_1_253' title='bbox 2255 3610 2519 3700; x_wconf 83' lang='lat' dir='ltr'><strong>pluviae.</strong></span> 
     </span>
     <span class='ocr_line' id='line_1_33' title="bbox 260 3714 1005 3808; baseline -0.004 -20"><span class='ocrx_word' id='word_1_254' title='bbox 260 3714 646 3807; x_wconf 88' lang='lat' dir='ltr'><strong>(Gardellini,</strong></span> <span class='ocrx_word' id='word_1_255' title='bbox 673 3743 743 3789; x_wconf 88' lang='lat' dir='ltr'><strong>n.</strong></span> <span class='ocrx_word' id='word_1_256' title='bbox 774 3717 1005 3808; x_wconf 89' lang='grc'>2127.)</span> 
     </span>
    </p>

    <p class='ocr_par' dir='ltr' id='par_1_7' title="bbox 261 3816 2517 4018">
     <span class='ocr_line' id='line_1_34' title="bbox 334 3816 2517 3911; baseline -0.004 -18"><span class='ocrx_word' id='word_1_257' title='bbox 334 3826 440 3895; x_wconf 83' lang='lat'><strong>100</strong></span> <span class='ocrx_word' id='word_1_258' title='bbox 489 3827 636 3895; x_wconf 90' lang='lat' dir='ltr'><strong>Non</strong></span> <span class='ocrx_word' id='word_1_259' title='bbox 695 3829 1023 3911; x_wconf 88' lang='lat' dir='ltr'><strong>tenentur,</strong></span> <span class='ocrx_word' id='word_1_260' title='bbox 1072 3820 1127 3890; x_wconf 91' lang='lat' dir='ltr'><strong>si</strong></span> <span class='ocrx_word' id='word_1_261' title='bbox 1176 3821 1537 3911; x_wconf 90' lang='lat' dir='ltr'><strong>Episcopus</strong></span> <span class='ocrx_word' id='word_1_262' title='bbox 1579 3819 1838 3887; x_wconf 89' lang='lat' dir='ltr'><strong>accedat</strong></span> <span class='ocrx_word' id='word_1_263' title='bbox 1885 3819 1959 3885; x_wconf 91' lang='lat' dir='ltr'><strong>in</strong></span> <span class='ocrx_word' id='word_1_264' title='bbox 2015 3816 2163 3885; x_wconf 90' lang='lat' dir='ltr'><strong>sede</strong></span> <span class='ocrx_word' id='word_1_265' title='bbox 2214 3817 2517 3905; x_wconf 87' lang='lat' dir='ltr'><strong>portatili.</strong></span> 
     </span>
     <span class='ocr_line' id='line_1_35' title="bbox 261 3925 577 4018; baseline 0.003 -20"><span class='ocrx_word' id='word_1_266' title='bbox 261 3925 348 4018; x_wconf 80' lang='lat' dir='ltr'><strong>(N.</strong></span> <span class='ocrx_word' id='word_1_267' title='bbox 380 3932 577 4001; x_wconf 91' lang='grc'>2737.</span> 
     </span>
    </p>

    <p class='ocr_par' dir='ltr' id='par_1_8' title="bbox 259 3932 2529 4450">
     <span class='ocr_line' id='line_1_36' title="bbox 340 3932 2522 4129; baseline -0.002 -25"><span class='ocrx_word' id='word_1_268' title='bbox 340 4038 444 4105; x_wconf 75' lang='grc' dir='ltr'><strong>11ο</strong></span> <span class='ocrx_word' id='word_1_269' title='bbox 470 3932 862 4129; x_wconf 57' lang='grc' dir='ltr'>Ερίζοορυῐη</span> <span class='ocrx_word' id='word_1_270' title='bbox 890 4036 1256 4108; x_wconf 85' lang='lat' dir='ltr'><strong>venientem</strong></span> <span class='ocrx_word' id='word_1_271' title='bbox 1304 4056 1457 4104; x_wconf 91' lang='lat' dir='ltr'><strong>cum</strong></span> <span class='ocrx_word' id='word_1_272' title='bbox 1491 4054 1695 4124; x_wconf 88' lang='lat' dir='ltr'><strong>cappa</strong></span> <span class='ocrx_word' id='word_1_273' title='bbox 1743 4049 1984 4118; x_wconf 86' lang='lat' dir='ltr'><strong>magna</strong></span> <span class='ocrx_word' id='word_1_274' title='bbox 2019 4032 2320 4094; x_wconf 89' lang='lat' dir='ltr'><strong>tenentur</strong></span> <span class='ocrx_word' id='word_1_275' title='bbox 2349 4050 2522 4099; x_wconf 87' lang='lat' dir='ltr'><strong>asso-</strong></span> 
     </span>
     <span class='ocr_line' id='line_1_37' title="bbox 262 4133 2518 4227; baseline -0.003 -20"><span class='ocrx_word' id='word_1_276' title='bbox 262 4141 412 4211; x_wconf 89' lang='lat' dir='ltr'><strong>ciare</strong></span> <span class='ocrx_word' id='word_1_277' title='bbox 438 4147 627 4212; x_wconf 89' lang='lat' dir='ltr'><strong>etiam</strong></span> <span class='ocrx_word' id='word_1_278' title='bbox 675 4144 900 4212; x_wconf 91' lang='lat' dir='ltr'><strong>diebus</strong></span> <span class='ocrx_word' id='word_1_279' title='bbox 943 4143 1289 4211; x_wconf 89' lang='lat' dir='ltr'><strong>dominicis</strong></span> <span class='ocrx_word' id='word_1_280' title='bbox 1339 4148 1401 4209; x_wconf 89' lang='lat' dir='ltr'><strong>et</strong></span> <span class='ocrx_word' id='word_1_281' title='bbox 1439 4142 1664 4207; x_wconf 87' lang='lat' dir='ltr'><strong>minus</strong></span> <span class='ocrx_word' id='word_1_282' title='bbox 1711 4136 2112 4206; x_wconf 89' lang='lat' dir='ltr'><strong>solemnibus</strong></span> <span class='ocrx_word' id='word_1_283' title='bbox 2152 4135 2242 4227; x_wconf 89' lang='lat' dir='ltr'><strong>(n.</strong></span> <span class='ocrx_word' id='word_1_284' title='bbox 2290 4133 2518 4224; x_wconf 78' lang='lat'>3954).</span> 
     </span>
     <span class='ocr_line' id='line_1_38' title="bbox 259 4240 2529 4339; baseline -0.006 -26"><span class='ocrx_word' id='word_1_285' title='bbox 259 4243 482 4319; x_wconf 85' lang='lat' dir='ltr'><strong>Tamen</strong></span> <span class='ocrx_word' id='word_1_286' title='bbox 512 4274 689 4321; x_wconf 87' lang='lat' dir='ltr'><strong>sacra</strong></span> <span class='ocrx_word' id='word_1_287' title='bbox 730 4250 1155 4339; x_wconf 76' lang='lat' dir='ltr'><strong>Congregatio</strong></span> <span class='ocrx_word' id='word_1_288' title='bbox 1195 4256 1416 4317; x_wconf 90' lang='lat' dir='ltr'><strong>monet</strong></span> <span class='ocrx_word' id='word_1_289' title='bbox 1446 4247 1846 4337; x_wconf 88' lang='lat' dir='ltr'><strong>Episcopum</strong></span> <span class='ocrx_word' id='word_1_290' title='bbox 1893 4252 1967 4313; x_wconf 90' lang='lat' dir='ltr'><strong>ut</strong></span> <span class='ocrx_word' id='word_1_291' title='bbox 2010 4264 2155 4312; x_wconf 87' lang='lat' dir='ltr'><strong>raro</strong></span> <span class='ocrx_word' id='word_1_292' title='bbox 2185 4243 2279 4310; x_wconf 93' lang='lat' dir='ltr'><strong>sic</strong></span> <span class='ocrx_word' id='word_1_293' title='bbox 2312 4240 2529 4307; x_wconf 81' lang='lat' dir='ltr'><strong>veniat</strong></span> 
     </span>
     <span class='ocr_line' id='line_1_39' title="bbox 263 4345 2361 4450; baseline -0.006 -30"><span class='ocrx_word' id='word_1_294' title='bbox 263 4373 398 4426; x_wconf 89' lang='lat' dir='ltr'><strong>cum</strong></span> <span class='ocrx_word' id='word_1_295' title='bbox 423 4380 619 4450; x_wconf 87' lang='lat' dir='ltr'><strong>cappa</strong></span> <span class='ocrx_word' id='word_1_296' title='bbox 649 4360 715 4427; x_wconf 91' lang='lat' dir='ltr'><strong>in</strong></span> <span class='ocrx_word' id='word_1_297' title='bbox 748 4357 977 4426; x_wconf 90' lang='lat' dir='ltr'><strong>diebus</strong></span> <span class='ocrx_word' id='word_1_298' title='bbox 1001 4356 1223 4423; x_wconf 90' lang='lat' dir='ltr'><strong>minus</strong></span> <span class='ocrx_word' id='word_1_299' title='bbox 1250 4354 1649 4424; x_wconf 87' lang='lat' dir='ltr'><strong>solemnibus</strong></span> <span class='ocrx_word' id='word_1_300' title='bbox 1679 4353 1786 4443; x_wconf 79' lang='lat' dir='ltr'><strong>(n¹⁸</strong></span> <span class='ocrx_word' id='word_1_301' title='bbox 1825 4352 1998 4422; x_wconf 88' lang='grc'>3996</span> <span class='ocrx_word' id='word_1_302' title='bbox 2027 4357 2091 4420; x_wconf 90' lang='lat' dir='ltr'><strong>et</strong></span> <span class='ocrx_word' id='word_1_303' title='bbox 2132 4345 2361 4427; x_wconf 73' lang='lat'>40¹4).</span> 
     </span>
    </p>
   </div>
  </div>
 </body>
</html>
