<?xml version="1.0" encoding="UTF-8"?>
<!DOCTYPE html PUBLIC "-//W3C//DTD XHTML 1.0 Transitional//EN"
    "http://www.w3.org/TR/xhtml1/DTD/xhtml1-transitional.dtd">
<html xmlns="http://www.w3.org/1999/xhtml" xml:lang="en" lang="en">
 <head>
  <title>
</title>
<meta http-equiv="Content-Type" content="text/html;charset=utf-8" />
  <meta name='ocr-system' content='tesseract 3.04.00' />
  <meta name='ocr-capabilities' content='ocr_page ocr_carea ocr_par ocr_line ocrx_word'/>
</head>
<body>
  <div class='ocr_page' id='page_1' title='image "./tractatusdecapi00bouigoog_0118.png"; bbox 0 0 2930 4982; ppageno 0'>
   <div class='ocr_carea' id='block_1_1' title="bbox 404 383 1720 441">
    <p class='ocr_par' dir='ltr' id='par_1_1' title="bbox 404 383 1720 441">
     <span class='ocr_line' id='line_1_1' title="bbox 404 383 1720 441; baseline 0 -11"><span class='ocrx_word' id='word_1_1' title='bbox 404 384 484 441; x_wconf 65' lang='grc' dir='ltr'>οε</span> <span class='ocrx_word' id='word_1_2' title='bbox 1379 383 1720 431; x_wconf 75' lang='lat' dir='ltr'>TRACTATUS</span> 
     </span>
    </p>
   </div>
   <div class='ocr_carea' id='block_1_2' title="bbox 384 502 2680 1021">
    <p class='ocr_par' dir='ltr' id='par_1_2' title="bbox 402 502 2680 808">
     <span class='ocr_line' id='line_1_2' title="bbox 409 502 2680 599; baseline -0.001 -24"><span class='ocrx_word' id='word_1_3' title='bbox 409 511 642 578; x_wconf 89' lang='lat' dir='ltr'>«libus</span> <span class='ocrx_word' id='word_1_4' title='bbox 671 509 741 577; x_wconf 91' lang='lat' dir='ltr'>in</span> <span class='ocrx_word' id='word_1_5' title='bbox 774 507 1017 599; x_wconf 90' lang='lat' dir='ltr'>quibus</span> <span class='ocrx_word' id='word_1_6' title='bbox 1046 502 1262 571; x_wconf 92' lang='lat' dir='ltr'>adhuc</span> <span class='ocrx_word' id='word_1_7' title='bbox 1292 509 1499 570; x_wconf 89' lang='lat' dir='ltr'>erecta</span> <span class='ocrx_word' id='word_1_8' title='bbox 1532 525 1662 570; x_wconf 91' lang='lat' dir='ltr'>non</span> <span class='ocrx_word' id='word_1_9' title='bbox 1699 503 1851 584; x_wconf 82' lang='lat' dir='ltr'>fuit,</span> <span class='ocrx_word' id='word_1_10' title='bbox 1885 524 2021 571; x_wconf 90' lang='lat' dir='ltr'>non</span> <span class='ocrx_word' id='word_1_11' title='bbox 2054 503 2271 572; x_wconf 89' lang='lat' dir='ltr'>solum</span> <span class='ocrx_word' id='word_1_12' title='bbox 2310 509 2513 594; x_wconf 90' lang='lat' dir='ltr'>potest</span> <span class='ocrx_word' id='word_1_13' title='bbox 2540 505 2680 572; x_wconf 86' lang='lat' dir='ltr'>fieri</span> 
     </span>
     <span class='ocr_line' id='line_1_3' title="bbox 402 610 2679 709; baseline -0.003 -23"><span class='ocrx_word' id='word_1_14' title='bbox 402 644 438 685; x_wconf 70' lang='grc' dir='ltr'>ε(</span> <span class='ocrx_word' id='word_1_15' title='bbox 467 616 726 709; x_wconf 91' lang='lat' dir='ltr'>quando</span> <span class='ocrx_word' id='word_1_16' title='bbox 755 621 900 682; x_wconf 87' lang='lat' dir='ltr'>actu</span> <span class='ocrx_word' id='word_1_17' title='bbox 932 612 1347 680; x_wconf 78' lang='lat' dir='ltr'>canonicatus</span> <span class='ocrx_word' id='word_1_18' title='bbox 1365 616 1459 676; x_wconf 88' lang='lat' dir='ltr'>est</span> <span class='ocrx_word' id='word_1_19' title='bbox 1483 630 1738 694; x_wconf 89' lang='lat' dir='ltr'>vacans,</span> <span class='ocrx_word' id='word_1_20' title='bbox 1764 610 1874 677; x_wconf 87' lang='lat' dir='ltr'>sed</span> <span class='ocrx_word' id='word_1_21' title='bbox 1894 612 2090 679; x_wconf 89' lang='lat' dir='ltr'>etiam</span> <span class='ocrx_word' id='word_1_22' title='bbox 2111 634 2229 702; x_wconf 90' lang='lat' dir='ltr'>pro</span> <span class='ocrx_word' id='word_1_23' title='bbox 2247 612 2461 703; x_wconf 87' lang='lat' dir='ltr'>primo</span> <span class='ocrx_word' id='word_1_24' title='bbox 2490 633 2679 680; x_wconf 89' lang='lat' dir='ltr'>cano-</span> 
     </span>
     <span class='ocr_line' id='line_1_4' title="bbox 402 715 2672 808; baseline -0.004 -19"><span class='ocrx_word' id='word_1_25' title='bbox 402 749 437 789; x_wconf 82' lang='lat'>«</span> <span class='ocrx_word' id='word_1_26' title='bbox 469 725 688 791; x_wconf 88' lang='lat' dir='ltr'>nicatu</span> <span class='ocrx_word' id='word_1_27' title='bbox 702 726 1031 795; x_wconf 82' lang='lat' dir='ltr'>vacatum,</span> <span class='ocrx_word' id='word_1_28' title='bbox 1052 719 1234 806; x_wconf 81' lang='lat' dir='ltr'>juxta</span> <span class='ocrx_word' id='word_1_29' title='bbox 1252 722 1494 782; x_wconf 89' lang='lat' dir='ltr'>textum</span> <span class='ocrx_word' id='word_1_30' title='bbox 1508 715 2158 785; x_wconf 89' lang='lat' dir='ltr'>ConciliiTridentini</span> <span class='ocrx_word' id='word_1_31' title='bbox 2175 717 2350 808; x_wconf 91' lang='lat' dir='ltr'>(sess.</span> <span class='ocrx_word' id='word_1_32' title='bbox 2368 717 2434 800; x_wconf 85' lang='lat'>5,</span> <span class='ocrx_word' id='word_1_33' title='bbox 2462 738 2520 784; x_wconf 92' lang='lat' dir='ltr'>c.</span> <span class='ocrx_word' id='word_1_34' title='bbox 2542 718 2672 801; x_wconf 88' lang='lat'>1).»</span> 
     </span>
    </p>

    <p class='ocr_par' dir='ltr' id='par_1_3' title="bbox 384 822 2676 1021">
     <span class='ocr_line' id='line_1_5' title="bbox 480 822 2676 911; baseline -0.004 -14"><span class='ocrx_word' id='word_1_35' title='bbox 480 829 909 897; x_wconf 88' lang='lat' dir='ltr'>Canonicatus</span> <span class='ocrx_word' id='word_1_36' title='bbox 938 830 1151 891; x_wconf 84' lang='lat' dir='ltr'>autem</span> <span class='ocrx_word' id='word_1_37' title='bbox 1191 822 1569 911; x_wconf 87' lang='lat' dir='ltr'>theologalis</span> <span class='ocrx_word' id='word_1_38' title='bbox 1613 823 2044 892; x_wconf 83' lang='lat' dir='ltr'>conserendus</span> <span class='ocrx_word' id='word_1_39' title='bbox 2080 830 2175 892; x_wconf 85' lang='lat' dir='ltr'>est</span> <span class='ocrx_word' id='word_1_40' title='bbox 2211 824 2445 891; x_wconf 91' lang='lat' dir='ltr'>clerico</span> <span class='ocrx_word' id='word_1_41' title='bbox 2473 844 2676 890; x_wconf 85' lang='lat' dir='ltr'>saecu-</span> 
     </span>
     <span class='ocr_line' id='line_1_6' title="bbox 384 927 2671 1021; baseline -0.002 -20"><span class='ocrx_word' id='word_1_42' title='bbox 384 935 529 1016; x_wconf 89' lang='lat' dir='ltr'>lari,</span> <span class='ocrx_word' id='word_1_43' title='bbox 583 953 923 1021; x_wconf 90' lang='lat' dir='ltr'>nunquam</span> <span class='ocrx_word' id='word_1_44' title='bbox 977 929 1260 1017; x_wconf 90' lang='lat' dir='ltr'>regulari</span> <span class='ocrx_word' id='word_1_45' title='bbox 1315 929 1427 1020; x_wconf 91' lang='lat' dir='ltr'>(ita</span> <span class='ocrx_word' id='word_1_46' title='bbox 1477 927 1546 997; x_wconf 91' lang='lat' dir='ltr'>S.</span> <span class='ocrx_word' id='word_1_47' title='bbox 1607 928 2036 1019; x_wconf 85' lang='lat' dir='ltr'>Congregatio</span> <span class='ocrx_word' id='word_1_48' title='bbox 2109 928 2404 998; x_wconf 85' lang='lat' dir='ltr'>Rituurn.</span> <span class='ocrx_word' id='word_1_49' title='bbox 2480 930 2671 1021; x_wconf 90' lang='lat' dir='ltr'><strong>Apud</strong></span> 
     </span>
    </p>
   </div>
   <div class='ocr_carea' id='block_1_3' title="bbox 385 1022 1592 1279">
    <p class='ocr_par' dir='ltr' id='par_1_4' title="bbox 385 1022 1592 1279">
     <span class='ocr_line' id='line_1_7' title="bbox 385 1022 1052 1122; baseline -0.013 -14"><span class='ocrx_word' id='word_1_50' title='bbox 385 1039 769 1122; x_wconf 85' lang='lat' dir='ltr'>Gardellini,</span> <span class='ocrx_word' id='word_1_51' title='bbox 812 1059 878 1103; x_wconf 89' lang='lat' dir='ltr'>n.</span> <span class='ocrx_word' id='word_1_52' title='bbox 917 1022 1052 1119; x_wconf 71' lang='lat'>74).</span> 
     </span>
     <span class='ocr_line' id='line_1_8' title="bbox 1476 1202 1592 1279; baseline -0.009 -16"><span class='ocrx_word' id='word_1_53' title='bbox 1476 1202 1513 1279; x_wconf 63' lang='grc' dir='ltr'>ἓ</span> <span class='ocrx_word' id='word_1_54' title='bbox 1555 1206 1592 1262; x_wconf 81' lang='lat'>5</span> 
     </span>
    </p>
   </div>
   <div class='ocr_carea' id='block_1_4' title="bbox 381 1380 2671 1535">
    <p class='ocr_par' dir='ltr' id='par_1_5' title="bbox 381 1380 2671 1535">
     <span class='ocr_line' id='line_1_9' title="bbox 381 1380 2671 1437; baseline -0.002 -7"><span class='ocrx_word' id='word_1_55' title='bbox 381 1390 703 1437; x_wconf 67' lang='lat' dir='ltr'>QUALl‘rATEs</span> <span class='ocrx_word' id='word_1_56' title='bbox 747 1387 806 1425; x_wconf 87' lang='lat' dir='ltr'>IN</span> <span class='ocrx_word' id='word_1_57' title='bbox 855 1384 1122 1424; x_wconf 68' lang='lat' dir='ltr'>CANONICO</span> <span class='ocrx_word' id='word_1_58' title='bbox 1166 1383 1502 1423; x_wconf 73' lang='lat' dir='ltr'><strong>THEOLOGALI</strong></span> <span class='ocrx_word' id='word_1_59' title='bbox 1550 1380 1864 1430; x_wconf 75' lang='lat' dir='ltr'>REQUISJTAE.</span> <span class='ocrx_word' id='word_1_60' title='bbox 1915 1400 1987 1409; x_wconf 89' lang='grc'><strong>-</strong></span> <span class='ocrx_word' id='word_1_61' title='bbox 2031 1385 2105 1423; x_wconf 83' lang='grc' dir='ltr'>ΑΝ</span> <span class='ocrx_word' id='word_1_62' title='bbox 2148 1385 2352 1424; x_wconf 82' lang='lat' dir='ltr'>DEBEAT</span> <span class='ocrx_word' id='word_1_63' title='bbox 2393 1386 2534 1425; x_wconf 84' lang='lat' dir='ltr'>ELIGl</span> <span class='ocrx_word' id='word_1_64' title='bbox 2572 1387 2671 1426; x_wconf 85' lang='lat' dir='ltr'>PER</span> 
     </span>
     <span class='ocr_line' id='line_1_10' title="bbox 726 1483 2312 1535; baseline -0.001 -11"><span class='ocrx_word' id='word_1_65' title='bbox 726 1485 1063 1535; x_wconf 76' lang='lat' dir='ltr'>CONCURSUM‚</span> <span class='ocrx_word' id='word_1_66' title='bbox 1096 1483 1161 1520; x_wconf 84' lang='lat' dir='ltr'>ET</span> <span class='ocrx_word' id='word_1_67' title='bbox 1190 1484 1265 1521; x_wconf 88' lang='lat' dir='ltr'>AN</span> <span class='ocrx_word' id='word_1_68' title='bbox 1304 1484 1509 1522; x_wconf 83' lang='lat' dir='ltr'>DEBEAT</span> <span class='ocrx_word' id='word_1_69' title='bbox 1543 1484 1667 1522; x_wconf 83' lang='lat' dir='ltr'>ESSE</span> <span class='ocrx_word' id='word_1_70' title='bbox 1696 1484 1754 1522; x_wconf 89' lang='lat' dir='ltr'>IN</span> <span class='ocrx_word' id='word_1_71' title='bbox 1782 1484 2087 1523; x_wconf 74' lang='lat' dir='ltr'><strong>THEOLOGIA</strong></span> <span class='ocrx_word' id='word_1_72' title='bbox 2115 1485 2312 1524; x_wconf 87' lang='lat' dir='ltr'>DOCTOR</span> 
     </span>
    </p>
   </div>
   <div class='ocr_carea' id='block_1_5' title="bbox 360 1669 2670 3882">
    <p class='ocr_par' dir='ltr' id='par_1_6' title="bbox 368 1669 2670 2932">
     <span class='ocr_line' id='line_1_11' title="bbox 463 1669 2670 1759; baseline 0.001 -19"><span class='ocrx_word' id='word_1_73' title='bbox 463 1672 514 1740; x_wconf 91' lang='lat'>1.</span> <span class='ocrx_word' id='word_1_74' title='bbox 579 1670 803 1751; x_wconf 82' lang='lat' dir='ltr'>Quoad</span> <span class='ocrx_word' id='word_1_75' title='bbox 858 1669 1193 1758; x_wconf 89' lang='lat' dir='ltr'>qualitates</span> <span class='ocrx_word' id='word_1_76' title='bbox 1259 1670 1603 1758; x_wconf 86' lang='lat' dir='ltr'>requisitas</span> <span class='ocrx_word' id='word_1_77' title='bbox 1658 1672 1753 1759; x_wconf 85' lang='lat' dir='ltr'>sic</span> <span class='ocrx_word' id='word_1_78' title='bbox 1811 1671 2271 1740; x_wconf 86' lang='lat' dir='ltr'>animadvertit</span> <span class='ocrx_word' id='word_1_79' title='bbox 2323 1673 2670 1743; x_wconf 85' lang='lat' dir='ltr'>cardinalis</span> 
     </span>
     <span class='ocr_line' id='line_1_12' title="bbox 372 1776 2661 1872; baseline -0 -22"><span class='ocrx_word' id='word_1_80' title='bbox 372 1781 557 1850; x_wconf 89' lang='lat' dir='ltr'>Petra</span> <span class='ocrx_word' id='word_1_81' title='bbox 598 1779 692 1866; x_wconf 88' lang='lat' dir='ltr'>(in</span> <span class='ocrx_word' id='word_1_82' title='bbox 749 1777 967 1845; x_wconf 82' lang='lat' dir='ltr'>Const.</span> <span class='ocrx_word' id='word_1_83' title='bbox 1027 1776 1238 1858; x_wconf 78' lang='lat' dir='ltr'>Quasi</span> <span class='ocrx_word' id='word_1_84' title='bbox 1278 1776 1504 1845; x_wconf 78' lang='lat' dir='ltr'>Inn00.</span> <span class='ocrx_word' id='word_1_85' title='bbox 1559 1777 1678 1863; x_wconf 92' lang='lat' dir='ltr'>Vl,</span> <span class='ocrx_word' id='word_1_86' title='bbox 1735 1777 2029 1864; x_wconf 63' lang='lat' dir='ltr'>Surum„</span> <span class='ocrx_word' id='word_1_87' title='bbox 2082 1801 2150 1848; x_wconf 89' lang='lat' dir='ltr'>n.</span> <span class='ocrx_word' id='word_1_88' title='bbox 2203 1779 2290 1849; x_wconf 77' lang='grc'>34</span> <span class='ocrx_word' id='word_1_89' title='bbox 2337 1786 2401 1848; x_wconf 92' lang='lat' dir='ltr'>et</span> <span class='ocrx_word' id='word_1_90' title='bbox 2443 1782 2661 1872; x_wconf 87' lang='lat' dir='ltr'>seq.):</span> 
     </span>
     <span class='ocr_line' id='line_1_13' title="bbox 380 1881 2665 1974; baseline 0.001 -21"><span class='ocrx_word' id='word_1_91' title='bbox 380 1914 414 1953; x_wconf 91' lang='lat'>«</span> <span class='ocrx_word' id='word_1_92' title='bbox 444 1884 736 1954; x_wconf 78' lang='lat' dir='ltr'><strong>Profecto</strong></span> <span class='ocrx_word' id='word_1_93' title='bbox 775 1888 993 1949; x_wconf 86' lang='lat' dir='ltr'>autern</span> <span class='ocrx_word' id='word_1_94' title='bbox 1045 1881 1125 1947; x_wconf 91' lang='lat' dir='ltr'>ad</span> <span class='ocrx_word' id='word_1_95' title='bbox 1173 1881 1558 1970; x_wconf 86' lang='lat' dir='ltr'>hujusmodi</span> <span class='ocrx_word' id='word_1_96' title='bbox 1607 1883 2025 1973; x_wconf 77' lang='lat' dir='ltr'>praebendam</span> <span class='ocrx_word' id='word_1_97' title='bbox 2073 1885 2414 1974; x_wconf 87' lang='lat' dir='ltr'>eligendus</span> <span class='ocrx_word' id='word_1_98' title='bbox 2457 1892 2551 1954; x_wconf 91' lang='lat' dir='ltr'>est</span> <span class='ocrx_word' id='word_1_99' title='bbox 2578 1887 2665 1956; x_wconf 89' lang='lat' dir='ltr'>ab</span> 
     </span>
     <span class='ocr_line' id='line_1_14' title="bbox 377 1987 2666 2085; baseline 0 -26"><span class='ocrx_word' id='word_1_100' title='bbox 377 2020 411 2059; x_wconf 73' lang='grc' dir='ltr'>α</span> <span class='ocrx_word' id='word_1_101' title='bbox 438 1992 757 2082; x_wconf 86' lang='lat' dir='ltr'>Episcopo</span> <span class='ocrx_word' id='word_1_102' title='bbox 790 1987 1130 2074; x_wconf 88' lang='lat' dir='ltr'>theologus</span> <span class='ocrx_word' id='word_1_103' title='bbox 1168 1988 1284 2076; x_wconf 91' lang='lat' dir='ltr'>qui</span> <span class='ocrx_word' id='word_1_104' title='bbox 1330 1988 1572 2055; x_wconf 87' lang='lat' dir='ltr'>habilis</span> <span class='ocrx_word' id='word_1_105' title='bbox 1608 1988 1740 2056; x_wconf 90' lang='lat' dir='ltr'>dici</span> <span class='ocrx_word' id='word_1_106' title='bbox 1779 1991 1978 2080; x_wconf 88' lang='lat' dir='ltr'>possit</span> <span class='ocrx_word' id='word_1_107' title='bbox 2019 1991 2101 2058; x_wconf 92' lang='lat' dir='ltr'>ad</span> <span class='ocrx_word' id='word_1_108' title='bbox 2147 2013 2399 2060; x_wconf 88' lang='lat' dir='ltr'>sacram</span> <span class='ocrx_word' id='word_1_109' title='bbox 2435 1991 2666 2085; x_wconf 90' lang='lat' dir='ltr'>Scrip-</span> 
     </span>
     <span class='ocr_line' id='line_1_15' title="bbox 376 2093 2664 2188; baseline 0 -22"><span class='ocrx_word' id='word_1_110' title='bbox 376 2126 411 2166; x_wconf 88' lang='lat'>«</span> <span class='ocrx_word' id='word_1_111' title='bbox 437 2106 739 2165; x_wconf 90' lang='lat' dir='ltr'>turarum</span> <span class='ocrx_word' id='word_1_112' title='bbox 792 2094 1136 2162; x_wconf 88' lang='lat' dir='ltr'>lectionem</span> <span class='ocrx_word' id='word_1_113' title='bbox 1180 2094 1279 2185; x_wconf 85' lang='lat' dir='ltr'>(ex</span> <span class='ocrx_word' id='word_1_114' title='bbox 1316 2093 1746 2186; x_wconf 85' lang='lat' dir='ltr'>Tridentino).</span> <span class='ocrx_word' id='word_1_115' title='bbox 1784 2096 1865 2163; x_wconf 89' lang='lat' dir='ltr'>Et</span> <span class='ocrx_word' id='word_1_116' title='bbox 1894 2097 2191 2187; x_wconf 88' lang='lat' dir='ltr'>quidem,</span> <span class='ocrx_word' id='word_1_117' title='bbox 2234 2105 2308 2166; x_wconf 86' lang='lat' dir='ltr'>ut</span> <span class='ocrx_word' id='word_1_118' title='bbox 2344 2098 2664 2188; x_wconf 87' lang='lat' dir='ltr'>pinguius</span> 
     </span>
     <span class='ocr_line' id='line_1_16' title="bbox 374 2199 2665 2294; baseline 0.001 -23"><span class='ocrx_word' id='word_1_119' title='bbox 374 2203 868 2294; x_wconf 88' lang='lat' dir='ltr'>«adimpleatur</span> <span class='ocrx_word' id='word_1_120' title='bbox 907 2202 1067 2267; x_wconf 91' lang='lat' dir='ltr'>sacri</span> <span class='ocrx_word' id='word_1_121' title='bbox 1114 2199 1391 2267; x_wconf 90' lang='lat' dir='ltr'>Concilii</span> <span class='ocrx_word' id='word_1_122' title='bbox 1445 2223 1656 2285; x_wconf 89' lang='lat' dir='ltr'>mens,</span> <span class='ocrx_word' id='word_1_123' title='bbox 1708 2203 1781 2268; x_wconf 91' lang='lat' dir='ltr'>in</span> <span class='ocrx_word' id='word_1_124' title='bbox 1823 2203 2146 2293; x_wconf 85' lang='lat' dir='ltr'>theologia</span> <span class='ocrx_word' id='word_1_125' title='bbox 2193 2203 2417 2271; x_wconf 84' lang='lat' dir='ltr'>doctor</span> <span class='ocrx_word' id='word_1_126' title='bbox 2458 2206 2665 2294; x_wconf 87' lang='lat' dir='ltr'>depu-</span> 
     </span>
     <span class='ocr_line' id='line_1_17' title="bbox 370 2306 2664 2399; baseline -0.001 -20"><span class='ocrx_word' id='word_1_127' title='bbox 370 2339 405 2379; x_wconf 78' lang='lat'>«</span> <span class='ocrx_word' id='word_1_128' title='bbox 434 2310 557 2379; x_wconf 84' lang='lat' dir='ltr'>tari</span> <span class='ocrx_word' id='word_1_129' title='bbox 607 2310 817 2376; x_wconf 88' lang='lat' dir='ltr'>debet.</span> <span class='ocrx_word' id='word_1_130' title='bbox 874 2306 1192 2374; x_wconf 87' lang='lat' dir='ltr'>Caeterum</span> <span class='ocrx_word' id='word_1_131' title='bbox 1243 2307 1298 2374; x_wconf 91' lang='lat' dir='ltr'>si</span> <span class='ocrx_word' id='word_1_132' title='bbox 1348 2309 1691 2376; x_wconf 87' lang='lat' dir='ltr'>commode</span> <span class='ocrx_word' id='word_1_133' title='bbox 1741 2309 2014 2399; x_wconf 89' lang='lat' dir='ltr'>reperiri</span> <span class='ocrx_word' id='word_1_134' title='bbox 2059 2315 2357 2399; x_wconf 86' lang='lat' dir='ltr'>nequeat,</span> <span class='ocrx_word' id='word_1_135' title='bbox 2414 2310 2664 2379; x_wconf 74' lang='lat' dir='ltr'>sufficit</span> 
     </span>
     <span class='ocr_line' id='line_1_18' title="bbox 369 2413 2660 2506; baseline 0.002 -27"><span class='ocrx_word' id='word_1_136' title='bbox 369 2440 404 2480; x_wconf 91' lang='lat'>«</span> <span class='ocrx_word' id='word_1_137' title='bbox 432 2420 503 2482; x_wconf 87' lang='lat' dir='ltr'>ut</span> <span class='ocrx_word' id='word_1_138' title='bbox 561 2414 904 2506; x_wconf 79' lang='lat' dir='ltr'>praebenda</span> <span class='ocrx_word' id='word_1_139' title='bbox 965 2414 1378 2503; x_wconf 86' lang='lat' dir='ltr'>provideatur</span> <span class='ocrx_word' id='word_1_140' title='bbox 1428 2413 1507 2480; x_wconf 92' lang='lat' dir='ltr'>de</span> <span class='ocrx_word' id='word_1_141' title='bbox 1578 2414 1877 2504; x_wconf 84' lang='lat' dir='ltr'>theologo</span> <span class='ocrx_word' id='word_1_142' title='bbox 1945 2436 2077 2481; x_wconf 91' lang='lat' dir='ltr'>non</span> <span class='ocrx_word' id='word_1_143' title='bbox 2143 2415 2428 2483; x_wconf 89' lang='lat' dir='ltr'>laureato</span> <span class='ocrx_word' id='word_1_144' title='bbox 2496 2417 2660 2485; x_wconf 87' lang='lat' dir='ltr'>alias</span> 
     </span>
     <span class='ocr_line' id='line_1_19' title="bbox 369 2520 2658 2610; baseline 0.002 -24"><span class='ocrx_word' id='word_1_145' title='bbox 369 2523 689 2603; x_wconf 87' lang='lat' dir='ltr'>«idoneo,</span> <span class='ocrx_word' id='word_1_146' title='bbox 754 2525 830 2586; x_wconf 92' lang='lat' dir='ltr'>ut</span> <span class='ocrx_word' id='word_1_147' title='bbox 893 2520 1052 2586; x_wconf 90' lang='lat' dir='ltr'>dixit</span> <span class='ocrx_word' id='word_1_148' title='bbox 1125 2542 1302 2588; x_wconf 91' lang='lat' dir='ltr'>sacra</span> <span class='ocrx_word' id='word_1_149' title='bbox 1379 2520 1808 2610; x_wconf 86' lang='lat' dir='ltr'>Congregatio</span> <span class='ocrx_word' id='word_1_150' title='bbox 1880 2520 2142 2588; x_wconf 91' lang='lat' dir='ltr'>concilii</span> <span class='ocrx_word' id='word_1_151' title='bbox 2205 2522 2293 2608; x_wconf 90' lang='lat' dir='ltr'>(in</span> <span class='ocrx_word' id='word_1_152' title='bbox 2355 2524 2658 2606; x_wconf 77' lang='lat' dir='ltr'>Astensz&#39;,</span> 
     </span>
     <span class='ocr_line' id='line_1_20' title="bbox 371 2623 2660 2716; baseline 0 -21"><span class='ocrx_word' id='word_1_153' title='bbox 371 2655 405 2695; x_wconf 87' lang='lat'>&lt;‹</span> <span class='ocrx_word' id='word_1_154' title='bbox 433 2627 471 2696; x_wconf 89' lang='grc'>3</span> <span class='ocrx_word' id='word_1_155' title='bbox 499 2627 662 2694; x_wconf 83' lang='lat' dir='ltr'>sehr.</span> <span class='ocrx_word' id='word_1_156' title='bbox 704 2624 925 2716; x_wconf 77' lang='lat'>1646),</span> <span class='ocrx_word' id='word_1_157' title='bbox 969 2627 1038 2691; x_wconf 92' lang='lat' dir='ltr'>in</span> <span class='ocrx_word' id='word_1_158' title='bbox 1079 2647 1208 2713; x_wconf 91' lang='lat' dir='ltr'>qua</span> <span class='ocrx_word' id='word_1_159' title='bbox 1254 2647 1473 2708; x_wconf 90' lang='lat' dir='ltr'>causa,</span> <span class='ocrx_word' id='word_1_160' title='bbox 1521 2627 1845 2715; x_wconf 88' lang='lat' dir='ltr'>proposito</span> <span class='ocrx_word' id='word_1_161' title='bbox 1898 2625 2125 2712; x_wconf 90' lang='lat' dir='ltr'>dubio,</span> <span class='ocrx_word' id='word_1_162' title='bbox 2174 2646 2259 2691; x_wconf 90' lang='lat' dir='ltr'>an</span> <span class='ocrx_word' id='word_1_163' title='bbox 2310 2623 2660 2716; x_wconf 88' lang='lat' dir='ltr'>theologus</span> 
     </span>
     <span class='ocr_line' id='line_1_21' title="bbox 368 2730 2648 2822; baseline 0 -21"><span class='ocrx_word' id='word_1_164' title='bbox 368 2761 401 2801; x_wconf 88' lang='lat'>«</span> <span class='ocrx_word' id='word_1_165' title='bbox 433 2756 562 2801; x_wconf 92' lang='lat' dir='ltr'>non</span> <span class='ocrx_word' id='word_1_166' title='bbox 605 2734 826 2800; x_wconf 92' lang='lat' dir='ltr'>doctor</span> <span class='ocrx_word' id='word_1_167' title='bbox 876 2732 1075 2822; x_wconf 87' lang='lat' dir='ltr'>possit</span> <span class='ocrx_word' id='word_1_168' title='bbox 1116 2730 1531 2819; x_wconf 68' lang='lat' dir='ltr'>praebendam</span> <span class='ocrx_word' id='word_1_169' title='bbox 1573 2732 1951 2820; x_wconf 85' lang='lat' dir='ltr'>hujusmodi</span> <span class='ocrx_word' id='word_1_170' title='bbox 1990 2730 2309 2813; x_wconf 92' lang='lat' dir='ltr'>obtinere,</span> <span class='ocrx_word' id='word_1_171' title='bbox 2344 2734 2648 2801; x_wconf 87' lang='lat' dir='ltr'>censuit:</span> 
     </span>
     <span class='ocr_line' id='line_1_22' title="bbox 368 2836 2390 2932; baseline -0.001 -24"><span class='ocrx_word' id='word_1_172' title='bbox 368 2869 401 2908; x_wconf 90' lang='lat'>«</span> <span class='ocrx_word' id='word_1_173' title='bbox 433 2839 889 2932; x_wconf 75' lang='lat' dir='ltr'>Affirmativc,</span> <span class='ocrx_word' id='word_1_174' title='bbox 918 2838 1130 2905; x_wconf 79' lang='lat' dir='ltr'>sinon</span> <span class='ocrx_word' id='word_1_175' title='bbox 1160 2836 1336 2904; x_wconf 81' lang='lat' dir='ltr'>adsit</span> <span class='ocrx_word' id='word_1_176' title='bbox 1366 2836 1595 2905; x_wconf 81' lang='lat' dir='ltr'>doctor</span> <span class='ocrx_word' id='word_1_177' title='bbox 1622 2838 1899 2927; x_wconf 80' lang='lat' dir='ltr'>oequalz&#39;s</span> <span class='ocrx_word' id='word_1_178' title='bbox 1927 2836 2390 2905; x_wconf 48' lang='lat' dir='ltr'>idoneitatis..</span> 
     </span>
    </p>

    <p class='ocr_par' dir='ltr' id='par_1_7' title="bbox 363 2943 2644 3353">
     <span class='ocr_line' id='line_1_23' title="bbox 457 2943 2644 3036; baseline 0.001 -27"><span class='ocrx_word' id='word_1_179' title='bbox 457 2973 490 3009; x_wconf 90' lang='lat'>«</span> <span class='ocrx_word' id='word_1_180' title='bbox 519 2948 600 3012; x_wconf 84' lang='lat' dir='ltr'>Et</span> <span class='ocrx_word' id='word_1_181' title='bbox 623 2945 890 3036; x_wconf 90' lang='lat' dir='ltr'>quidem</span> <span class='ocrx_word' id='word_1_182' title='bbox 921 2945 976 3011; x_wconf 89' lang='lat' dir='ltr'>si</span> <span class='ocrx_word' id='word_1_183' title='bbox 1006 2944 1343 3032; x_wconf 91' lang='lat' dir='ltr'>theologus</span> <span class='ocrx_word' id='word_1_184' title='bbox 1388 2944 1660 3010; x_wconf 86' lang='lat' dir='ltr'>idoneus</span> <span class='ocrx_word' id='word_1_185' title='bbox 1700 2945 1767 3010; x_wconf 87' lang='lat' dir='ltr'>in</span> <span class='ocrx_word' id='word_1_186' title='bbox 1810 2943 2062 3011; x_wconf 89' lang='lat' dir='ltr'>civitate</span> <span class='ocrx_word' id='word_1_187' title='bbox 2092 2964 2226 3009; x_wconf 91' lang='lat' dir='ltr'>non</span> <span class='ocrx_word' id='word_1_188' title='bbox 2258 2944 2644 3034; x_wconf 84' lang='lat' dir='ltr'>reperiatur,</span> 
     </span>
     <span class='ocr_line' id='line_1_24' title="bbox 365 3049 2640 3142; baseline 0 -24"><span class='ocrx_word' id='word_1_189' title='bbox 365 3053 601 3142; x_wconf 88' lang='lat' dir='ltr'>«quod</span> <span class='ocrx_word' id='word_1_190' title='bbox 658 3051 994 3141; x_wconf 85' lang='lat' dir='ltr'>providere</span> <span class='ocrx_word' id='word_1_191' title='bbox 1043 3049 1269 3117; x_wconf 88' lang='lat' dir='ltr'>debeat</span> <span class='ocrx_word' id='word_1_192' title='bbox 1320 3050 1740 3141; x_wconf 79' lang='lat' dir='ltr'>(Episcopus)</span> <span class='ocrx_word' id='word_1_193' title='bbox 1797 3049 2215 3142; x_wconf 86' lang='lat' dir='ltr'>praebendam</span> <span class='ocrx_word' id='word_1_194' title='bbox 2268 3051 2348 3117; x_wconf 93' lang='lat' dir='ltr'>de</span> <span class='ocrx_word' id='word_1_195' title='bbox 2402 3055 2640 3129; x_wconf 82' lang='lat' dir='ltr'>extem,</span> 
     </span>
     <span class='ocr_line' id='line_1_25' title="bbox 363 3156 2641 3247; baseline 0 -22"><span class='ocrx_word' id='word_1_196' title='bbox 363 3185 397 3225; x_wconf 79' lang='lat' dir='ltr'>t&lt;</span> <span class='ocrx_word' id='word_1_197' title='bbox 427 3160 585 3226; x_wconf 85' lang='lat' dir='ltr'>dixit</span> <span class='ocrx_word' id='word_1_198' title='bbox 608 3158 798 3227; x_wconf 87' lang='lat' dir='ltr'>Sacra</span> <span class='ocrx_word' id='word_1_199' title='bbox 823 3157 1043 3224; x_wconf 87' lang='lat' dir='ltr'>eadem</span> <span class='ocrx_word' id='word_1_200' title='bbox 1067 3156 1500 3244; x_wconf 86' lang='lat' dir='ltr'>Congregatio</span> <span class='ocrx_word' id='word_1_201' title='bbox 1527 3157 1620 3247; x_wconf 91' lang='lat' dir='ltr'>(in</span> <span class='ocrx_word' id='word_1_202' title='bbox 1666 3160 2072 3240; x_wconf 78' lang='lat' dir='ltr'>Venafrana,</span> <span class='ocrx_word' id='word_1_203' title='bbox 2114 3156 2154 3224; x_wconf 90' lang='lat'><strong>3</strong></span> <span class='ocrx_word' id='word_1_204' title='bbox 2187 3157 2409 3246; x_wconf 86' lang='lat' dir='ltr'>aprilis</span> <span class='ocrx_word' id='word_1_205' title='bbox 2438 3156 2641 3245; x_wconf 82' lang='lat'>1593,</span> 
     </span>
     <span class='ocr_line' id='line_1_26' title="bbox 366 3262 1483 3353; baseline 0 -24"><span class='ocrx_word' id='word_1_206' title='bbox 366 3291 401 3330; x_wconf 87' lang='lat'>«</span> <span class='ocrx_word' id='word_1_207' title='bbox 430 3266 475 3333; x_wconf 92' lang='lat' dir='ltr'>l.</span> <span class='ocrx_word' id='word_1_208' title='bbox 511 3266 547 3330; x_wconf 91' lang='lat'><strong>7</strong></span> <span class='ocrx_word' id='word_1_209' title='bbox 576 3265 1025 3346; x_wconf 91' lang='lat' dir='ltr'>Decretorum,</span> <span class='ocrx_word' id='word_1_210' title='bbox 1059 3285 1209 3353; x_wconf 89' lang='lat' dir='ltr'>pag.</span> <span class='ocrx_word' id='word_1_211' title='bbox 1246 3262 1483 3352; x_wconf 86' lang='lat'>103)...</span> 
     </span>
    </p>

    <p class='ocr_par' dir='ltr' id='par_1_8' title="bbox 360 3367 2640 3777">
     <span class='ocr_line' id='line_1_27' title="bbox 451 3367 2637 3459; baseline -0.002 -21"><span class='ocrx_word' id='word_1_212' title='bbox 451 3370 792 3438; x_wconf 87' lang='lat' dir='ltr'>«Persona</span> <span class='ocrx_word' id='word_1_213' title='bbox 814 3392 963 3437; x_wconf 87' lang='lat' dir='ltr'>vero</span> <span class='ocrx_word' id='word_1_214' title='bbox 1006 3392 1152 3457; x_wconf 82' lang='lat' dir='ltr'>quae</span> <span class='ocrx_word' id='word_1_215' title='bbox 1188 3370 1267 3436; x_wconf 91' lang='lat' dir='ltr'>ad</span> <span class='ocrx_word' id='word_1_216' title='bbox 1300 3368 1716 3459; x_wconf 74' lang='lat' dir='ltr'>praebendam</span> <span class='ocrx_word' id='word_1_217' title='bbox 1754 3367 2182 3457; x_wconf 90' lang='lat' dir='ltr'>theologalem</span> <span class='ocrx_word' id='word_1_218' title='bbox 2236 3367 2637 3451; x_wconf 83' lang='lat' dir='ltr'>adsciscitur,</span> 
     </span>
     <span class='ocr_line' id='line_1_28' title="bbox 362 3475 2640 3565; baseline -0.002 -19"><span class='ocrx_word' id='word_1_219' title='bbox 362 3477 617 3546; x_wconf 88' lang='lat' dir='ltr'>«debet</span> <span class='ocrx_word' id='word_1_220' title='bbox 670 3498 802 3543; x_wconf 91' lang='lat' dir='ltr'>esse</span> <span class='ocrx_word' id='word_1_221' title='bbox 844 3475 999 3541; x_wconf 88' lang='lat' dir='ltr'>adeo</span> <span class='ocrx_word' id='word_1_222' title='bbox 1046 3475 1301 3557; x_wconf 86' lang='lat' dir='ltr'>idonea,</span> <span class='ocrx_word' id='word_1_223' title='bbox 1367 3481 1442 3542; x_wconf 91' lang='lat' dir='ltr'>ut</span> <span class='ocrx_word' id='word_1_224' title='bbox 1491 3498 1605 3565; x_wconf 91' lang='lat' dir='ltr'>per</span> <span class='ocrx_word' id='word_1_225' title='bbox 1656 3498 1722 3541; x_wconf 90' lang='lat' dir='ltr'>se</span> <span class='ocrx_word' id='word_1_226' title='bbox 1774 3497 2021 3542; x_wconf 88' lang='lat' dir='ltr'>munus</span> <span class='ocrx_word' id='word_1_227' title='bbox 2074 3496 2362 3563; x_wconf 85' lang='lat' dir='ltr'>congrue</span> <span class='ocrx_word' id='word_1_228' title='bbox 2422 3475 2640 3541; x_wconf 88' lang='lat' dir='ltr'>subire</span> 
     </span>
     <span class='ocr_line' id='line_1_29' title="bbox 361 3579 2640 3669; baseline -0.001 -20"><span class='ocrx_word' id='word_1_229' title='bbox 361 3609 395 3651; x_wconf 84' lang='lat'>«</span> <span class='ocrx_word' id='word_1_230' title='bbox 425 3582 630 3650; x_wconf 75' lang='lat' dir='ltr'>valeat</span> <span class='ocrx_word' id='word_1_231' title='bbox 657 3608 675 3669; x_wconf 84' lang='lat'>3</span> <span class='ocrx_word' id='word_1_232' title='bbox 701 3579 990 3669; x_wconf 85' lang='lat' dir='ltr'>alioquin</span> <span class='ocrx_word' id='word_1_233' title='bbox 1023 3582 1278 3648; x_wconf 81' lang='lat' dir='ltr'>collatio</span> <span class='ocrx_word' id='word_1_234' title='bbox 1324 3581 1506 3648; x_wconf 90' lang='lat' dir='ltr'>nulla</span> <span class='ocrx_word' id='word_1_235' title='bbox 1533 3582 1801 3669; x_wconf 89' lang='lat' dir='ltr'>quidem</span> <span class='ocrx_word' id='word_1_236' title='bbox 1824 3586 1917 3647; x_wconf 89' lang='lat' dir='ltr'>est</span> <span class='ocrx_word' id='word_1_237' title='bbox 1949 3586 2011 3648; x_wconf 88' lang='lat' dir='ltr'>et</span> <span class='ocrx_word' id='word_1_238' title='bbox 2031 3580 2343 3665; x_wconf 87' lang='lat' dir='ltr'>invalida,</span> <span class='ocrx_word' id='word_1_239' title='bbox 2379 3602 2453 3648; x_wconf 88' lang='lat' dir='ltr'>ex</span> <span class='ocrx_word' id='word_1_240' title='bbox 2483 3579 2640 3648; x_wconf 88' lang='lat' dir='ltr'>Tri-</span> 
     </span>
     <span class='ocr_line' id='line_1_30' title="bbox 360 3677 2025 3777; baseline -0.001 -24"><span class='ocrx_word' id='word_1_241' title='bbox 360 3716 395 3756; x_wconf 89' lang='lat'>«</span> <span class='ocrx_word' id='word_1_242' title='bbox 424 3688 673 3758; x_wconf 89' lang='lat' dir='ltr'>dentini</span> <span class='ocrx_word' id='word_1_243' title='bbox 703 3677 1145 3777; x_wconf 83' lang='lat' dir='ltr'>dispositione.</span> <span class='ocrx_word' id='word_1_244' title='bbox 1180 3713 1215 3751; x_wconf 65' lang='grc' dir='ltr'><strong>υ</strong></span> <span class='ocrx_word' id='word_1_245' title='bbox 1242 3680 1447 3774; x_wconf 73' lang='grc' dir='ltr'>’(Ξθεε.</span> <span class='ocrx_word' id='word_1_246' title='bbox 1487 3686 1564 3769; x_wconf 82' lang='grc'>5,</span> <span class='ocrx_word' id='word_1_247' title='bbox 1597 3708 1654 3752; x_wconf 93' lang='lat' dir='ltr'>c.</span> <span class='ocrx_word' id='word_1_248' title='bbox 1692 3687 1719 3753; x_wconf 86' lang='lat'>1</span> <span class='ocrx_word' id='word_1_249' title='bbox 1760 3685 1852 3756; x_wconf 90' lang='lat' dir='ltr'>De</span> <span class='ocrx_word' id='word_1_250' title='bbox 1879 3686 2025 3775; x_wconf 80' lang='lat' dir='ltr'>ref.)</span> 
     </span>
    </p>

    <p class='ocr_par' dir='ltr' id='par_1_9' title="bbox 438 3792 2639 3882">
     <span class='ocr_line' id='line_1_31' title="bbox 438 3792 2639 3882; baseline -0.001 -22"><span class='ocrx_word' id='word_1_251' title='bbox 438 3794 516 3862; x_wconf 93' lang='lat' dir='ltr'>ll.</span> <span class='ocrx_word' id='word_1_252' title='bbox 569 3794 793 3875; x_wconf 85' lang='lat' dir='ltr'>Quoad</span> <span class='ocrx_word' id='word_1_253' title='bbox 844 3793 1281 3861; x_wconf 63' lang='lat' dir='ltr'>collationem,</span> <span class='ocrx_word' id='word_1_254' title='bbox 1312 3814 1426 3882; x_wconf 91' lang='lat' dir='ltr'>per</span> <span class='ocrx_word' id='word_1_255' title='bbox 1478 3815 1900 3875; x_wconf 88' lang='lat' dir='ltr'>concursum,</span> <span class='ocrx_word' id='word_1_256' title='bbox 1959 3792 2501 3882; x_wconf 88' lang='lat' dir='ltr'>distinguendum</span> <span class='ocrx_word' id='word_1_257' title='bbox 2548 3799 2639 3858; x_wconf 91' lang='lat' dir='ltr'>est</span> 
     </span>
    </p>
   </div>
   <div class='ocr_carea' id='block_1_6' title="bbox 348 3901 2629 4096">
    <p class='ocr_par' dir='ltr' id='par_1_10' title="bbox 348 3901 2629 4096">
     <span class='ocr_line' id='line_1_32' title="bbox 348 3901 1682 3990; baseline -0.001 -23"><span class='ocrx_word' id='word_1_258' title='bbox 348 3902 517 3967; x_wconf 87' lang='lat' dir='ltr'>inter</span> <span class='ocrx_word' id='word_1_259' title='bbox 538 3903 648 3990; x_wconf 90' lang='lat' dir='ltr'>jus</span> <span class='ocrx_word' id='word_1_260' title='bbox 688 3921 1037 3965; x_wconf 91' lang='lat' dir='ltr'>commune</span> <span class='ocrx_word' id='word_1_261' title='bbox 1062 3905 1124 3964; x_wconf 88' lang='lat' dir='ltr'>et</span> <span class='ocrx_word' id='word_1_262' title='bbox 1137 3902 1248 3986; x_wconf 86' lang='lat' dir='ltr'>jus</span> <span class='ocrx_word' id='word_1_263' title='bbox 1272 3901 1682 3987; x_wconf 88' lang='lat' dir='ltr'>particulare.</span> 
     </span>
     <span class='ocr_line' id='line_1_33' title="bbox 434 4000 2629 4096; baseline -0.002 -24"><span class='ocrx_word' id='word_1_264' title='bbox 434 4011 528 4073; x_wconf 87' lang='lat' dir='ltr'>De</span> <span class='ocrx_word' id='word_1_265' title='bbox 555 4000 710 4096; x_wconf 75' lang='lat' dir='ltr'>jur&#39;e</span> <span class='ocrx_word' id='word_1_266' title='bbox 749 4005 1087 4072; x_wconf 77' lang='lat' dir='ltr'>communi</span> <span class='ocrx_word' id='word_1_267' title='bbox 1136 4026 1266 4069; x_wconf 90' lang='lat' dir='ltr'>non</span> <span class='ocrx_word' id='word_1_268' title='bbox 1326 4006 1685 4092; x_wconf 88' lang='lat' dir='ltr'>requiritur</span> <span class='ocrx_word' id='word_1_269' title='bbox 1734 4004 1989 4072; x_wconf 89' lang='lat' dir='ltr'>collatio</span> <span class='ocrx_word' id='word_1_270' title='bbox 2043 4026 2160 4094; x_wconf 89' lang='lat' dir='ltr'>per</span> <span class='ocrx_word' id='word_1_271' title='bbox 2211 4025 2629 4084; x_wconf 88' lang='lat' dir='ltr'>concursum,</span> 
     </span>
    </p>
   </div>
   <div class='ocr_carea' id='block_1_7' title="bbox 341 4108 2638 4519">
    <p class='ocr_par' dir='ltr' id='par_1_11' title="bbox 341 4108 2638 4519">
     <span class='ocr_line' id='line_1_34' title="bbox 346 4108 2638 4202; baseline -0.003 -20"><span class='ocrx_word' id='word_1_272' title='bbox 346 4136 498 4182; x_wconf 89' lang='lat' dir='ltr'>cum</span> <span class='ocrx_word' id='word_1_273' title='bbox 544 4112 728 4179; x_wconf 90' lang='lat' dir='ltr'>nulla</span> <span class='ocrx_word' id='word_1_274' title='bbox 772 4112 914 4199; x_wconf 91' lang='lat' dir='ltr'>lege</span> <span class='ocrx_word' id='word_1_275' title='bbox 966 4110 1252 4201; x_wconf 86' lang='lat' dir='ltr'>generali</span> <span class='ocrx_word' id='word_1_276' title='bbox 1301 4115 1446 4177; x_wconf 89' lang='lat' dir='ltr'>ante</span> <span class='ocrx_word' id='word_1_277' title='bbox 1506 4108 1972 4179; x_wconf 88' lang='lat' dir='ltr'>Tridentinum</span> <span class='ocrx_word' id='word_1_278' title='bbox 2031 4110 2402 4202; x_wconf 83' lang='lat' dir='ltr'>praescripta</span> <span class='ocrx_word' id='word_1_279' title='bbox 2443 4108 2638 4176; x_wconf 86' lang='lat' dir='ltr'>suerit</span> 
     </span>
     <span class='ocr_line' id='line_1_35' title="bbox 341 4217 2633 4301; baseline -0.003 -12"><span class='ocrx_word' id='word_1_280' title='bbox 341 4222 478 4289; x_wconf 82' lang='lat' dir='ltr'>haec</span> <span class='ocrx_word' id='word_1_281' title='bbox 527 4220 756 4301; x_wconf 90' lang='lat' dir='ltr'>forma,</span> <span class='ocrx_word' id='word_1_282' title='bbox 809 4222 872 4283; x_wconf 90' lang='lat' dir='ltr'>et</span> <span class='ocrx_word' id='word_1_283' title='bbox 915 4218 1375 4284; x_wconf 85' lang='lat' dir='ltr'>Tridentinum</span> <span class='ocrx_word' id='word_1_284' title='bbox 1416 4218 1495 4285; x_wconf 90' lang='lat' dir='ltr'>de</span> <span class='ocrx_word' id='word_1_285' title='bbox 1554 4218 1923 4285; x_wconf 88' lang='lat' dir='ltr'>adhibendo</span> <span class='ocrx_word' id='word_1_286' title='bbox 1976 4218 2296 4285; x_wconf 85' lang='lat' dir='ltr'>concursu</span> <span class='ocrx_word' id='word_1_287' title='bbox 2349 4217 2419 4284; x_wconf 90' lang='lat' dir='ltr'>in</span> <span class='ocrx_word' id='word_1_288' title='bbox 2475 4236 2633 4282; x_wconf 88' lang='lat' dir='ltr'>con-</span> 
     </span>
     <span class='ocr_line' id='line_1_36' title="bbox 343 4323 2628 4412; baseline -0.004 -16"><span class='ocrx_word' id='word_1_289' title='bbox 343 4328 602 4396; x_wconf 83' lang='lat' dir='ltr'>serendo</span> <span class='ocrx_word' id='word_1_290' title='bbox 645 4323 1028 4392; x_wconf 86' lang='lat' dir='ltr'>canonicatu</span> <span class='ocrx_word' id='word_1_291' title='bbox 1082 4323 1427 4412; x_wconf 85' lang='lat' dir='ltr'>theologali</span> <span class='ocrx_word' id='word_1_292' title='bbox 1475 4327 1745 4391; x_wconf 89' lang='lat' dir='ltr'>omnino</span> <span class='ocrx_word' id='word_1_293' title='bbox 1800 4326 2006 4412; x_wconf 89' lang='lat' dir='ltr'>sileat,</span> <span class='ocrx_word' id='word_1_294' title='bbox 2061 4325 2195 4393; x_wconf 89' lang='lat' dir='ltr'>imo</span> <span class='ocrx_word' id='word_1_295' title='bbox 2246 4323 2628 4392; x_wconf 89' lang='lat' dir='ltr'>electionem</span> 
     </span>
     <span class='ocr_line' id='line_1_37' title="bbox 343 4425 1660 4519; baseline 0.002 -24"><span class='ocrx_word' id='word_1_296' title='bbox 343 4451 622 4517; x_wconf 85' lang='lat' dir='ltr'>personae</span> <span class='ocrx_word' id='word_1_297' title='bbox 669 4427 935 4493; x_wconf 85' lang='lat' dir='ltr'>arbitrio</span> <span class='ocrx_word' id='word_1_298' title='bbox 978 4425 1278 4518; x_wconf 90' lang='lat' dir='ltr'>Episcopi</span> <span class='ocrx_word' id='word_1_299' title='bbox 1318 4431 1660 4519; x_wconf 86' lang='lat' dir='ltr'>relinquat.</span> 
     </span>
    </p>
   </div>
  </div>
 </body>
</html>
