2930 4982
385 368 420 420 2
431 365 462 418 7
476 364 510 417 2
1350 354 1691 404 TRACTATUS

376 496 507 565 lem
546 487 961 568 habentibuS,
1006 483 1180 551 idem
1223 500 1357 547 non
1399 477 1649 561 liceret,
1690 472 1837 552 nisi}
1858 472 1962 540 vel
2005 491 2159 540 cum
2187 467 2460 559 capituli
2508 487 2667 536 con-

380 621 594 678 sensu,
625 596 729 663 vel
757 591 1025 685 probata
1052 584 1423 655 necessitate
1451 587 1564 648 aut
1591 578 1885 646 utilitate.
1953 622 1958 628 -

472 706 536 774 3.
574 703 838 772 Certum
887 702 980 764 est
1017 700 1080 762 et
1111 689 1547 761 communiter
1579 682 1937 753 admissum
1974 680 2311 771 praedictos
2353 680 2523 748 duos
2559 700 2666 747 ca-

380 810 647 879 nonicos
684 807 756 872 in
796 801 1052 871 servitio
1089 796 1389 888 Episcopi
1414 794 1701 861 detentos
1731 789 2063 880 percipere
2091 786 2337 853 fructus
2367 780 2667 876 praeb‘en-

379 920 610 987 darum
649 932 943 991 suarum,
976 906 1124 974 licet
1153 904 1352 972 choro
1388 922 1523 968 non
1553 897 1877 967 intersint.
1922 893 2322 985 (FagnanuS,
2354 892 2502 964 loco
2531 893 2663 976 cit.,

381 1050 450 1094 n.
503 1020 637 1111 12.)
661 1059 753 1072 —
794 1017 1038 1085 Eodem
1074 1012 1267 1080 modo
1295 1013 1548 1076 certum
1585 1010 1681 1073 est
1708 1024 1814 1072 eos
1841 1023 1975 1069 non
2001 1001 2244 1068 lucrari
2267 997 2670 1068 distributio-

383 1156 496 1201 nes
524 1126 954 1220 quotidianas,
995 1121 1122 1189 nisi
1161 1119 1322 1185 forte
1366 1111 1711 1208 praebenda
1751 1111 1892 1200 ipsa
1933 1110 2306 1177 consisteret
2336 1106 2411 1173 in
2452 1102 2668 1193 quoti-

384 1236 592 1306 dianis
629 1227 1190 1300 distributionibus
1221 1248 1237 1290 ε
1271 1228 1429 1289 tunc
1464 1220 1646 1288 enim
1675 1218 1859 1285 tertia
1884 1222 2138 1284 tantum
2167 1236 2314 1305 pars
2354 1210 2670 1281 censenda

385 1347 544 1412 esset
571 1343 885 1408 reservata
928 1354 1045 1425 pro
1086 1324 1651 1398 distributionibus
1681 1324 1939 1415 proprie
1971 1322 2158 1390 dictis
2199 1326 2261 1388 et
2302 1320 2672 1387 interessen-

384 1451 559 1517 tibus
601 1446 798 1513 choro
832 1438 1324 1508 distribueretur
1350 1459 1367 1518 ;
1413 1433 1577 1499 duas
1604 1437 1824 1498 autem
1847 1430 2003 1496 alias
2031 1433 2242 1519 partes
2266 1415 2672 1494 lucrarentur

384 1551 673 1644 praedicti
700 1544 1017 1617 canonici.
1049 1540 1238 1633 (Vide
1259 1539 1678 1626 Fagnanum,
1696 1537 1834 1604 loco
1856 1536 2098 1625 citato.)
2130 1534 2436 1603 Canonici
2458 1539 2674 1600 tamen

386 1661 663 1727 Romam
710 1655 792 1722 ab
843 1652 1160 1742 Episcopo
1208 1646 1391 1713 missi
1452 1644 1555 1710 vel
1610 1644 1831 1733 ipsum
1907 1640 2281 1710 comitantes
2335 1639 2678 1706 lucrantur

388 1766 583 1832 etiam
636 1759 1119 1829 distributiones
1168 1775 1352 1821 :non
1404 1773 1557 1818 vero
1609 1750 1903 1817 canonici
1953 1750 2296 1816 lustrantes
2346 1743 2677 1813 dioecesim

391 1893 544 1939 cum
591 1868 933 1958 Episcopo.
985 1863 1078 1930 Ita
1106 1859 1397 1928 decisum
1439 1857 1590 1924 vide
1623 1856 1797 1945 apud
1833 1854 2261 1923 Benedictum
2288 1850 2445 1922 XIV
2473 1850 2677 1940 (Insti-

388 1982 511 2043 tut.
554 1974 705 2053 107,
736 1972 891 2063 §9).
1210 2058 1214 2062 ,
1290 2024 1304 2041 .

481 2086 544 2150 4.
594 2107 630 2147 «
668 2079 795 2160 Qui
828 2097 981 2144 sane
1022 2075 1151 2142 duo
1190 2067 1492 2138 canonici
1520 2068 1626 2135 vel
1670 2063 2036 2134 beneficiati
2081 2085 2214 2132 non
2253 2062 2476 2131 solum
2517 2060 2678 2128 ultro

397 2216 432 2257 «
459 2187 697 2256 debent
730 2205 847 2250 suo
894 2180 1211 2271 Episcopo
1256 2176 1575 2244 inservire
1598 2174 1668 2240 in
1692 2173 1797 2240 his
1824 2193 1970 2261 quae
1994 2171 2354 2261 respiciunt
2390 2167 2594 2259 ipsius
2622 2170 2680 2234 et

402 2323 435 2363 «
466 2292 753 2363 ecclesiae
791 2288 1160 2367 utilitatem,
1207 2287 1278 2350 ut
1308 2303 1382 2349 ex
1413 2281 1700 2371 proxime
1730 2279 1947 2346 relatis
1991 2281 2188 2368 patet,
2222 2296 2462 2343 verum
2491 2273 2678 2341 etiam

398 2427 433 2467 «
464 2403 542 2469 ad
579 2400 644 2465 id
679 2397 862 2463 inviti
906 2393 987 2459 ab
1030 2390 1255 2457 eodem
1295 2392 1567 2476 possunt
1598 2384 1823 2474 cogi...
1866 2382 2223 2473 Episcopus
2260 2385 2464 2471 potest
2501 2400 2680 2447 com·

403 2506 695 2597 «pellere
720 2498 1160 2578 beneficiatoS,
1187 2499 1261 2562 ut
1286 2493 1364 2560 ad
1393 2494 1594 2581 ipsius
1624 2493 1964 2559 servitium
1988 2488 2312 2557 accedant.
2343 2513 2378 2553 >³
2406 2485 2684 2576 (Fagna-

393 2633 543 2689 τως,
581 2610 723 2676 loco
753 2606 862 2673 cit.
901 2626 969 2670 n.
1009 2601 1091 2668 15
1122 2606 1184 2666 et
1211 2621 1278 2665 n.
1320 2597 1458 2688 24).
1497 2597 1625 2666 Ubi
1669 2596 1976 2688 supponit
2009 2595 2313 2664 laudatus
2343 2595 2555 2660 auctor
2583 2589 2685 2658 ad

390 2720 459 2787 id
484 2715 678 2785 etiam
707 2733 821 2803 per
848 2728 1148 2776 censuras
1172 2726 1353 2795 posse
1384 2704 1736 2772 Praelatum
1765 2702 2131 2794 procedere.

481 2819 667 2891 Unde
704 2811 1256 2898 concludendum,
1286 2831 1470 2900 posse
1497 2811 1578 2878 ad
1610 2810 1931 2901 Episcopo
1968 2809 2131 2878 duos
2153 2830 2236 2877 ex
2263 2803 2544 2897 capitulo
2581 2823 2685 2872 ca-

394 2927 669 2998 thedrali
696 2946 857 3014 quos
886 2918 1191 2988 maluerit
1218 2918 1299 2985 ad
1327 2917 1453 2984 sibi
1482 2918 1908 3007 praestandam
1939 2938 2202 3008 operam
2231 2913 2412 3003 eligi,
2445 2918 2509 2982 et
2536 2912 2683 2980 istos

396 3036 476 3103 ad
497 3030 988 3122 obsequendum
1018 3024 1285 3093 Praelato
1317 3024 1549 3090 teneri.

485 3141 549 3208 5.
581 3139 689 3208 An
718 3142 933 3204 autem
971 3133 1165 3223 possit
1195 3151 1327 3196 non
1368 3129 1588 3197 solum
1619 3130 1783 3197 duos
1806 3129 2153 3197 canonicos
2184 3149 2259 3195 ex
2300 3124 2681 3208 cathedrali,

397 3249 505 3317 sed
530 3249 719 3313 etiam
747 3266 822 3311 ex
851 3239 1185 3327 collegiata
1204 3237 1282 3304 ab
1302 3257 1498 3303 suum
1527 3235 1862 3303 servitium
1888 3235 2172 3303 detinere
2191 3234 2225 3302 ‘2
2253 3260 2288 3299 c<
2309 3233 2459 3302 Non
2477 3234 2687 3301 solum

405 3375 543 3419 «ex
586 3347 962 3428 cathedrali,
1016 3345 1124 3412 sed
1173 3344 1367 3410 etiam
1418 3364 1493 3410 ex
1544 3341 1918 3429 collegiatis,
1967 3341 2054 3409 ait
2099 3340 2490 3408 Benedictus
2534 3333 2691 3406 XIV

409 3487 443 3526 «
476 3459 772 3550 (Institut.
808 3452 1151 3521 ecclesiast.
1196 3449 1350 3531 107,
1380 3449 1421 3538 ἓ
1451 3450 1546 3538 9),
1576 3448 1673 3516 uti
1695 3470 1875 3517 sacra
1902 3448 2334 3538 Congregatio
2357 3443 2692 3536 respondit

408 3593 443 3633 ι(
476 3565 578 3635 die
603 3564 631 3629 1
669 3559 1047 3652 septembris
1076 3578 1248 3624 anno
1277 3553 1472 3623 1663.
1504 3580 1538 3620 »

491 3673 556 3741 6.
596 3671 705 3740 An
731 3666 926 3759 possit
960 3665 1319 3755 Episcopus
1356 3662 1435 3729 ad
1465 3652 1531 3728 id
1578 3682 1823 3729 munus
1852 3660 2090 3750 eligere
2127 3659 2549 3728 beneficiatos
2587 3659 2696 3725 aut

400 3774 867 3847 mansionarios
913 3767 1288 3837 cathedralis
1325 3772 1437 3834 aut
1476 3766 1875 3856 collegiatae‘?
1904 3803 1996 3819 -
2029 3764 2224 3834 Sacra
2262 3761 2699 3854 Congregatio

404 3886 679 3965 censuit,
703 3876 1064 3970 ‘Episcopis
1094 3874 1282 3942 licere
1299 3896 1434 3964 pro
1469 3897 1585 3941 suo
1608 3874 1895 3941 'servitio
1925 3871 2241 3939 adhibere
2273 3871 2481 3939 etiam
2508 3869 2701 3938 bene-

403 3989 684 4078 ficiatos,
710 3997 849 4050 tam
874 3979 1154 4047 ecclesiae
1170 3977 1613 4061 cathedralis,
1639 4001 1840 4068 quam
1861 3976 2138 4045 ecclesioe
2159 3977 2262 4044 col
2266 3976 2542 4066 leqz‘atoe
2558 3996 2703 4043 suoe

403 4089 686 4159 dioecesis
702 4108 729 4171 ,·
781 4087 1052 4177 ideoque
1103 4081 1588 4152 declarationes
1625 4084 1824 4174 hujus
1871 4086 2094 4152 Sacroe
2147 4081 2707 4173 Conqreqatiom's

404 4193 668 4268 extendi
702 4193 904 4258 etiam
936 4192 1027 4258 ad
1052 4189 1435 4282 hujusmodi
1464 4190 1884 4281 beneficiatos
1897 4211 1928 4275 ;
1960 4191 2062 4258 ita
2099 4201 2351 4276 tamen,
2382 4201 2459 4255 ut
2501 4190 2711 4256 ultra

404 4306 565 4375 duos
606 4323 742 4370 non
802 4295 1182 4363 adhibeant.
1216 4294 1323 4386 (In
1364 4321 1555 4366 causa
1596 4296 2060 4376 Avenionensz',
2098 4296 2141 4389 7ν
2185 4295 2473 4386 januarii
2523 4293 2711 4362 1640

402 4413 572 4479 libro
625 4405 779 4477 XVI
833 4403 1262 4480 decretorum,
1296 4409 1454 4490 pag.
1511 4403 1636 4472 317
1691 4404 2000 4496 -apud
2042 4403 2463 4472 Benedictum
2499 4399 2710 4480 XIV,
