2930 4982
407 330 533 388 38⁴
1377 333 1723 381 mactmus

400 460 596 528 etiam
620 457 844 546 nequit
865 455 1229 545 capitulum
1258 452 1600 521 admittere
1623 452 1763 519 sine
1783 473 2101 521 consensu
2128 451 2432 546 Episcopi
2460 456 2681 526 funda-

405 567 605 634 tiones
648 564 1023 644 missarum,
1056 567 1119 629 et
1145 560 1782 642 anniversariorum;
1833 560 1970 625 imo
2012 559 2410 648 probabilius
2438 562 2684 631 videtur

401 671 571 762 quod
610 672 747 738 sine
790 668 898 735 tali
938 688 1255 734 consensu
1295 671 1360 732 et
1392 666 1530 735 sine
1559 664 2105 747 solemnitatibuS,
2138 687 2257 733 nec
2292 667 2528 754 valide,
2578 691 2685 738 nec

399 777 576 845 licite
605 775 802 866 possit
837 772 1179 863 repudiare
1209 794 1430 839 rerum
1463 770 1908 839 immobilium
1939 771 2072 838 sive
2104 770 2528 860 pretiosarum
2562 774 2687 843 hae-

401 883 765 959 reditatem‚
787 881 891 947 vel
911 880 1223 967 legatum,
1254 878 1353 944 vel
1383 878 1805 945 donationem
1841 877 2077 944 factam
2098 878 2406 962 ecclesiae,
2432 885 2507 946 ut
2532 881 2687 950 bene

401 988 633 1055 docent
677 986 869 1066 Amr,
919 983 1181 1066 Molina,
1227 982 1462 1072 Engel,
1509 988 1665 1068 etc„
1714 988 1936 1053 contra
1973 981 2355 1067 Barbosam,
2381 982 2682 1073 Sanchez‚

409 1091 849 1162 Reiffenstuel.
1980 1148 1983 1153 ,

505 1226 539 1263 (ι
565 1198 731 1267 lllud
761 1198 956 1264 etiam
986 1196 1330 1265 sciendum
1363 1196 1546 1284 quod
1584 1193 1944 1284 capitulum
1976 1200 2179 1285 potaet
2206 1197 2349 1264 sine
2376 1217 2682 1265 consensu

407 1304 703 1394 Episcopi
750 1303 991 1370 donare
1028 1304 1140 1392 jus
1187 1308 1567 1391 patronatus
1611 1299 1733 1368 sibi
1765 1306 2137 1391 competens
2155 1303 2307 1392 jure
2336 1304 2594 1393 proprio
2621 1305 2687 1371 in-

404 1409 741 1493 beneficio‚
783 1408 966 1475 alteri
1001 1408 1288 1477 ecclesiae
1332 1407 1436 1476 vel
1467 1408 1612 1476 loco
1663 1410 1799 1498 pio,
1830 1408 1934 1475 vel
1983 1408 2240 1487 clerico,
2282 1410 2550 1477 nomine
2588 1432 2680 1478 ec·

407 1518 618 1585 clesiae
648 1537 760 1583 seu
813 1513 1144 1602 dignitatis
1167 1535 1366 1605 quam
1405 1513 1738 1581 obtinet...
1778 1513 2042 1581 tradunt
2074 1514 2509 1582 communiter
2547 1516 2685 1583 doc·

408 1628 654 1689 tores...
685 1619 938 1687 Verum
982 1641 1114 1686 non
1150 1625 1352 1710 potest
1386 1618 1550 1686 illud
1585 1618 1828 1686 donare
1855 1618 2045 1705 laico,
2086 1625 2198 1687 aut
2229 1620 2421 1701 etiam
2461 1621 2688 1690 clerico

405 1716 743 1815 tamquam
778 1746 1065 1815 personae
1097 1725 1385 1814 privatae,
1429 1726 1570 1792 sine
1599 1746 1921 1794 consensu
1945 1725 2271 1818 Episcopi.

500 1857 536 1896 «
566 1831 660 1900 De
694 1832 988 1920 reliquiis
1024 1832 1445 1899 existentibus
1482 1832 1606 1898 sub
1660 1831 1955 1900 dominio
1998 1840 2064 1901 et
2092 1818 2395 1924 potestate
2419 1836 2687 1905 ecclesiae

405 1938 811 2022 cathedraliS,
859 1942 1018 2028 puto
1059 1938 1233 2026 quod
1269 1937 1638 2028 capitulum
1680 1938 1878 2028 possit
1915 1939 2177 2029 aliquod
2207 1962 2432 2009 earum
2457 1942 2683 2009 frustu-

406 2047 579 2134 lum,
610 2044 855 2137 pietatis
884 2066 1099 2123 causa,
1145 2066 1439 2135 personae
1470 2051 1704 2112 exterae
1744 2050 1806 2111 et
1834 2045 1998 2113 bene
2021 2046 2271 2113 meritae
2308 2047 2569 2137 elargiri,
2590 2047 2684 2115 ita

409 2157 626 2218 tamen
654 2156 726 2219 ut
766 2152 967 2241 pietas
1009 2150 1313 2217 dilatetur
1359 2149 1651 2239 quidem,
1696 2150 1807 2217 sed
1842 2150 2124 2220 ecclesiae
2160 2151 2356 2219 decor
2394 2175 2515 2220 non
2537 2153 2681 2219 defi-

410 2257 615 2325 ciat...
642 2281 659 2335 ·,
696 2257 823 2325 nisi
854 2256 1040 2324 aliter
1082 2257 1239 2323 ferat
1279 2255 1682 2324 consuetudo
1701 2262 1813 2322 aut
1837 2278 2132 2346 expressa
2158 2256 2456 2348 Episcopi
2482 2260 2678 2349 prohi-

409 2364 594 2431 bitio.
642 2364 918 2431 Sanctus
949 2363 1218 2431 Carolus
1252 2361 1692 2444 BorromaeuS,
1739 2368 1816 2429 ut
1861 2368 2028 2433 extat
2055 2364 2128 2430 in
2160 2365 2301 2452 ejus
2337 2366 2483 2444 vita,
2527 2365 2570 2431 l.
2615 2365 2674 2448 8,

409 2491 467 2537 c.
502 2471 569 2552 2,
603 2470 887 2536 obtinuit
930 2470 1123 2537 breve
1167 2468 1593 2559 pontificium
1638 2490 1772 2558 quo
1814 2469 2303 2560 prohibebatur,
2350 2472 2468 2540 sub
2509 2493 2679 2561 poena

405 2573 1100 2642 excommunicationis
1129 2575 1272 2640 latae
1303 2577 1661 2658 sententiae,
1714 2597 1799 2644 ne
1827 2576 2101 2664 reliquia
2128 2577 2262 2643 ulla
2294 2584 2680 2646 amoveretur

402 2705 436 2747 e
457 2703 572 2749 sua
594 2680 862 2747 ecclesia
886 2680 1024 2745 sine
1043 2700 1361 2746 consensu
1394 2679 1657 2747 Summi
1686 2679 2037 2748 Pontificis.
2077 2707 2110 2744 »

491 2786 859 2858 Generatim
905 2786 1155 2875 nequit,
1209 2786 1405 2852 etiam
1451 2785 1886 2853 consentiente
1932 2785 2272 2877 Episcopo,
2301 2807 2438 2876 quae
2469 2806 2667 2876 repu-

411 2899 614 2984 gnant
643 2893 782 2983 juri
812 2893 1176 2960 communi.

506 3025 539 3062 «
567 2999 671 3066 Sic
691 3000 1075 3089 capitulum,
1108 2999 1304 3065 etiam
1334 2999 1412 3066 de
1449 3020 1768 3066 consensu
1807 2997 2137 3090 Episcopi,
2167 3002 2391 3091 nequit
2419 3004 2664 3067 statuere

406 3107 579 3199 quod
610 3106 1063 3173 descendentes
1101 3127 1175 3171 ex
1205 3127 1440 3193 genere
1493 3104 1752 3187 infecto,
1786 3105 1967 3172 verbi
2007 3108 2265 3194 gratia,'
2290 3107 2660 3194 Judaeorum,

412 3214 802 3302 caeteroquin
842 3217 1060 3278 tamen
1099 3212 1309 3298 digni,
1366 3234 1496 3278 non
1554 3212 1990 3278 admittantur
2035 3214 2113 3279 ad
2146 3213 2460 3282 beneficia
2486 3211 2659 3279 eccle·

413 3318 700 3402 siastica;
744 3317 900 3404 quia
945 3322 1038 3383 est
1068 3320 1292 3382 contra
1335 3322 1530 3405 caput
1567 3317 1748 3382 Eam
1788 3326 1876 3397 te,
1930 3320 2025 3383 De
2065 3317 2421 3408 rescripti&
2455 3343 2487 3380 »
2523 3318 2663 3404 (Au-

415 3420 695 3502 dreucci,
719 3425 888 3508 part.
921 3419 987 3507 3,
1017 3443 1084 3487 n.
1118 3419 1302 3510 142.)
1588 3425 1592 3430 '

501 3524 658 3592 Item
697 3529 971 3591 statuere
1012 3524 1238 3614 nequit
1274 3551 1309 3588 (ι
1338 3524 1515 3613 quod
1544 3544 1678 3591 non
1730 3526 2160 3595 admittantur
2208 3531 2529 3610 canonici,
2566 3524 2666 3593 nisi

415 3633 679 3723 probata
727 3631 1079 3713 nobilitate,
1124 3631 1282 3719 quia
1316 3638 1410 3699 est
1461 3637 1686 3700 contra
1724 3642 1933 3724 caput
2008 3637 2417 3706 Venerabilis
2467 3637 2568 3719 87,
2599 3636 2670 3699 De

410 3735 805 3826 praebendis,
874 3735 1167 3825 Excipias
1235 3735 1376 3803 illas
1450 3736 1747 3805 ecclesias
1818 3738 1887 3805 in
1947 3740 2189 3828 quibus
2254 3763 2330 3808 ex
2400 3742 2673 3832 primaeva

418 3843 793 3910 fundatione
845 3841 1145 3908 nobilitas
1211 3842 1513 3930 exigitur.
1586 3842 1853 3912 Limites
1908 3847 2102 3913 etiam
2130 3899 2149 3930 ,
2188 3846 2341 3916 ‚nisi
2397 3849 2534 3916 haec
2580 3847 2673 3912 aut

416 3947 736 4031 ejusmodi
772 3951 1003 4014 statuta
1029 3946 1275 4012 fuerint
1298 3967 1336 4012 a
1364 3945 1525 4014 Sede
1571 3947 1937 4037 Apostolica
1981 3951 2357 4041 approbata.
2399 3978 2433 4019 >›
2472 3951 2673 4043 (Idem,

421 4048 612 4134 ibid.)

513 4177 548 4216 a
580 4151 858 4220 Demum
887 4178 1006 4224 nec
1028 4158 1107 4225 de
1130 4180 1447 4228 consensu
1476 4157 1778 4249 Episcopi
1805 4166 2003 4250 potest
2033 4162 2395 4253 capitulum
2430 4169 2678 4231 statuere

414 4259 587 4351 quod
639 4258 897 4348 capiens
935 4266 1399 4351 possessionem
1449 4265 1868 4335 canonicatus
1904 4273 2015 4335 aut
2045 4268 2372 4354 beneficii,
2410 4272 2677 4339 teneatur

418 4366 664 4458 aliquid
687 4364 928 4434 solvere
960 4373 1467 4440 convertendum
1508 4371 1578 4439 in
1602 4374 2022 4443 commodum
2051 4375 2332 4446 aliorum
2366 4374 2677 4446 canonico·
