2930 4982
419 349 441 404 1
462 346 541 403 00
1388 350 1463 395 ‘ru
1472 347 1732 395 Aornos

415 485 487 544 ut
526 498 656 543 non
695 475 1040 564 eligeretur
1078 472 1205 539 nisi
1242 471 1464 538 doctor
1499 467 1571 533 in
1612 488 1793 534 sacra
1821 465 2184 554 theologia3
2222 486 2379 533 cum
2405 465 2589 533 enim
2632 467 2697 534 id

410 602 701 672 expresse
743 579 1031 648 statuerit
1067 597 1183 668 pro
1223 572 1699 665 poenitentiario
1741 577 1803 639 et
1828 594 1948 663 pro
1978 571 2356 656 scholastro,
2389 572 2695 640 concludi

410 692 618 779 potest
644 707 681 752 a
705 683 955 752 fortiori
997 703 1142 749 eam
1175 678 1350 746 idem
1395 676 1746 745 intendisse
1793 698 1909 768 pro
1954 676 2332 764 theologalis
2381 697 2691 765 munere3

411 792 521 862 sed
552 799 768 860 tamen
797 791 857 857 id
892 806 1184 877 expresse
1217 805 1351 852 non
1379 782 1562 865 dixit,
1597 805 1671 851 ac
1701 784 1975 875 proinde
2012 783 2377 851 doctoratus
2404 782 2486 849 ad
2519 782 2697 850 theo·

412 898 690 989 logalem
728 893 1145 987 praebendam
1187 890 1608 960 obtinendam
1656 888 1734 958 de
1771 892 1923 980 jure
1977 890 2317 958 communi
2363 909 2698 978 nonhprae·

413 1005 674 1096 cipitur.
1797 1052 1801 1056 .

498 1109 788 1178 Affertur
817 1131 854 1175 a
885 1106 1109 1174 multis
1148 1103 1521 1173 constitutio
1564 1100 1896 1170 Benedicti
1940 1100 2114 1185 Xlll,
2164 1101 2505 1192 requirens
2551 1101 2696 1170 lau-

405 1239 585 1286 ream
623 1216 690 1283 in
721 1236 900 1283 sacra
926 1213 1248 1302 theologia
1273 1217 1336 1279 et
1364 1211 1686 1302 praevium
1717 1231 2112 1277 concursum
2139 1236 2157 1296 ;
2189 1210 2297 1301 sed
2325 1209 2396 1275 in
2421 1209 2695 1300 ipsamet

404 1322 587 1390 bulla
611 1322 728 1389 ista
763 1321 1006 1387 dicitur
1044 1318 1112 1386 id
1138 1318 1400 1385 decerni
1428 1338 1556 1406 pro
1590 1313 1808 1383 Italia
1838 1326 1904 1383 et
1930 1314 2171 1383 insulis
2201 1313 2689 1406 adjacentibus.

403 1430 498 1500 De
526 1452 656 1520 quo
680 1449 814 1496 non
846 1446 1120 1494 monens
1152 1423 1543 1490 Benedictus
1577 1421 1732 1491 XIV
1759 1422 1830 1489 in
1864 1444 1981 1490 suo
2020 1427 2294 1490 tractatu
2337 1423 2416 1490 de
2446 1421 2690 1510 synodo

404 1537 764 1606 dioecesana
813 1532 954 1623 (lib.
1001 1553 1136 1614 xm,
1172 1553 1232 1598 c.
1267 1529 1332 1613 9,
1371 1551 1437 1595 n.
1489 1528 1571 1596 16
1612 1534 1675 1596 et
1717 1528 1823 1620 17)
1859 1550 1989 1596 non
2019 1551 2258 1619 paucos
2302 1529 2514 1596 forsan
2554 1528 2690 1596 lec-

403 1650 569 1709 tores
611 1642 682 1708 in
722 1659 1010 1707 errorem
1053 1637 1335 1718 induxit,
1371 1634 1462 1702 ita
1507 1641 1581 1702 ut
1625 1636 2130 1704 existimaverint
2178 1641 2240 1704 et
2283 1656 2683 1704 concursum

402 1754 464 1816 et
478 1749 884 1816 doctoratum
932 1743 1180 1832 requiri
1230 1741 1309 1809 de
1349 1743 1502 1832 jure
1542 1742 1923 1810 universali.

499 1880 534 1919 «
559 1851 790 1932 Hodie,
824 1849 1040 1938 inquit
1078 1847 1389 1933 FerrariS,
1425 1850 1652 1918 electio
1686 1849 1994 1938 theologi,
2026 1849 2217 1917 sicuti
2238 1849 2436 1917 etiam
2485 1852 2690 1941 poeni-

410 1986 443 2026 «
467 1958 864 2037 tentiarii...‚
905 1956 1092 2023 debet
1131 1955 1271 2023 fieri
1309 1977 1428 2045 per
1477 1977 1897 2036 concursum,
1931 1978 2004 2023 ex
2048 1958 2399 2026 novissima
2456 1957 2692 2026 consti-

407 2094 442 2134 «
471 2066 714 2134 tutione
751 2061 1085 2130 Benedicti
1130 2059 1305 2144 XlII,
1357 2062 1711 2153 incipiente
1759 2063 2132 2130 Pastoralis
2161 2065 2372 2155 officii
2394 2090 2428 2130 »
2472 2063 2692 2156 (verbo

405 2171 880 2249 CanonicatuS,
932 2168 1208 2236 articulo
1239 2168 1308 2255 9,
1363 2191 1432 2235 n.
1475 2167 1605 2259 14).
1646 2168 1728 2237 Et
1772 2169 1860 2235 ita
1906 2169 2123 2259 plures
2161 2171 2298 2255 alii,
2346 2194 2422 2239 ex
2466 2173 2694 2240 eadem

395 2278 881 2363 constitutione,
924 2296 1281 2344 concursus
1310 2279 1373 2341 et
1401 2275 1764 2342 doctoratus
1793 2277 2234 2345 necessitatem
2261 2279 2474 2367 quoad
2498 2299 2697 2347 cano-

398 2385 628 2453 nicum
665 2382 1123 2471 theologalem,
1184 2388 1498 2470 tanquam
1536 2382 1659 2472 jus
1714 2405 2061 2451 commune
2103 2385 2414 2453 inferunt.
2472 2383 2693 2474 Atque

400 2489 571 2557 idem
620 2490 888 2555 firmant
938 2486 1233 2577 insuper,
1294 2509 1368 2554 ex
1425 2488 1623 2555 variis
1688 2510 2020 2556 sacrarum
2098 2489 2690 2577 congregationum

400 2595 740 2686 responsis.
788 2593 1003 2674 Quam
1041 2615 1468 2662 communem
1523 2596 1906 2664 sententiam
1957 2595 2503 2677 animadvertens,
2556 2618 2703 2666 non

400 2701 605 2770 audeo
649 2700 1109 2769 contradicere.
1177 2699 1248 2769 Id
1308 2707 1570 2770 tantum
1636 2702 1876 2790 dicam,
1925 2724 2031 2769 me
2089 2723 2223 2770 non
2288 2701 2689 2793 perspicere,

399 2807 726 2898 quomodo
775 2828 852 2873 ex
878 2806 1048 2874 dicta
1078 2806 1548 2877 constitutione
1603 2813 1907 2898 sequatur
1943 2809 2063 2900 jus
2114 2831 2481 2890 commune,
2533 2830 2697 2877 cum

401 2916 469 2983 in
489 2938 564 2983 ea
590 2936 880 3005 expresse
903 2913 1198 2982 dicatur:
1234 2938 1268 2980 «
1293 2911 1729 2984 Decernimus
1750 2922 1812 2984 et
1844 2916 2258 3000 mandamus,
2287 2923 2361 2983 ut
2387 2917 2456 2983 in
2478 2917 2697 2983 cathe-

408 3044 444 3083 «
472 3019 762 3085 dralibus
808 3018 1331 3108 quibuscumque
1381 3021 1606 3088 Italiae
1662 3021 2168 3111 insularumque
2212 3019 2695 3109 adjacentium,

412 3126 544 3192 «in
587 3124 828 3213 quibus
868 3129 990 3192 etc.
1050 3149 1086 3190 ›>
1135 3126 1254 3193 His
1302 3129 1545 3218 quippe
1586 3129 1826 3206 verbiS‚
1883 3129 2104 3194 Italioe
2159 3127 2693 3214 insularumque,

405 3253 630 3298 omnes
657 3231 1132 3300 constitutionis
1162 3232 1611 3324 dispositiones
1643 3235 1810 3301 affici
1843 3235 2010 3301 mihi
2039 3232 2362 3300 videntur.

492 3335 653 3404 Item
691 3337 903 3424 quoad
958 3339 1402 3427 responsiones
1453 3362 1787 3408 sacrarum
1831 3341 2439 3429 congregationum,
2486 3344 2700 3406 atten-

405 3442 693 3510 dendum
729 3445 823 3507 est
860 3446 1084 3508 utrum
1113 3442 1293 3511 factae
1322 3446 1454 3512 sint
1481 3446 1559 3512 ad
1602 3467 1707 3511 eos
1731 3446 1846 3533 qui
1882 3451 2032 3512 sunt
2063 3447 2141 3513 de
2165 3444 2345 3512 Italia
2372 3449 2432 3509 et
2454 3444 2698 3513 insulis

406 3548 872 3640 adjacentibus,
911 3570 994 3616 an
1036 3556 1251 3619 autem
1301 3552 1380 3619 ad
1422 3552 1603 3620 alios,
1654 3551 1722 3620 Si
1766 3552 1846 3619 ad
1883 3554 2153 3642 priores,
2203 3549 2371 3618 nihil
2413 3551 2703 3641 probant

405 3655 865 3726 declarationes
906 3655 1036 3723 illae
1066 3657 1278 3747 quoad
1314 3661 1424 3746 jus
1463 3680 1841 3750 commune,
1889 3661 1996 3729 sed
2039 3667 2293 3728 tantum
2333 3657 2549 3748 quoad
2578 3659 2701 3747 jus

403 3764 692 3830 locorum
723 3764 792 3829 in
821 3764 1275 3831 consti-tutione
1303 3764 1637 3834 Benedicti
1673 3765 1819 3834 Xlll
1857 3787 2327 3857 expressorum.

492 3868 594 3934 Ad
619 3870 728 3955 jus
755 3869 1164 3957 particulare,
1197 3869 1379 3935 verbi
1413 3871 1643 3957 gratia,
1686 3871 2019 3939 referenda
2060 3872 2318 3940 videtur
2344 3868 2703 3950 declaratio

405 3972 483 4039 de
510 3994 641 4060 qua
678 3972 1064 4042 Benedictus
1106 3972 1260 4041 XlV
1290 3975 1383 4040 sic
1406 3975 1739 4064 loquitur:
1790 3977 2077 4048 «Merito
2116 4002 2154 4047 a
2182 4000 2359 4047 sacra
2408 3976 2705 4064 Congre-

411 4104 443 4143 «
473 4078 728 4167 gatione
766 4102 1148 4170 responsum
1181 4080 1305 4147 fuit
1345 4082 1752 4171 qeneraliter
1802 4083 2156 4174 loquenda,
2198 4105 2331 4152 non
2361 4084 2511 4151 satis
2553 4102 2706 4149 esse

408 4190 539 4249 «ut
585 4183 732 4270 quis
782 4183 852 4249 in
902 4187 1053 4274 jure
1101 4188 1414 4255 canonico
1469 4188 1748 4255 doctoris
1799 4190 2077 4277 gradum
2124 4190 2392 4280 adeptus
2428 4186 2696 4273 fuerit3

411 4287 545 4355 «in
604 4286 858 4354 casibus
908 4294 1124 4356 tamen
1188 4293 1685 4381 particularibus
1735 4294 1943 4362 videri
2011 4317 2196 4386 posse
2241 4314 2326 4362 an
2393 4291 2712 4383 expediat

410 4421 440 4456 a
469 4393 763 4460 eamdem
830 4394 1245 4483 praebendam
1300 4398 1497 4466 alicui
1562 4421 1894 4467 sacrorum
1972 4421 2299 4470 canonum
2369 4399 2711 4489 magistro
