<?xml version="1.0" encoding="UTF-8"?>
<!DOCTYPE html PUBLIC "-//W3C//DTD XHTML 1.0 Transitional//EN"
    "http://www.w3.org/TR/xhtml1/DTD/xhtml1-transitional.dtd">
<html xmlns="http://www.w3.org/1999/xhtml" xml:lang="en" lang="en">
 <head>
  <title>
</title>
<meta http-equiv="Content-Type" content="text/html;charset=utf-8" />
  <meta name='ocr-system' content='tesseract 3.04.00' />
  <meta name='ocr-capabilities' content='ocr_page ocr_carea ocr_par ocr_line ocrx_word'/>
</head>
<body>
  <div class='ocr_page' id='page_1' title='image "./tractatusdecapi00bouigoog_0659.png"; bbox 0 0 2930 4982; ppageno 0'>
   <div class='ocr_carea' id='block_1_1' title="bbox 1137 374 2498 433">
    <p class='ocr_par' dir='ltr' id='par_1_1' title="bbox 1137 374 2498 433">
     <span class='ocr_line' id='line_1_1' title="bbox 1137 374 2498 433; baseline 0.003 -5"><span class='ocrx_word' id='word_1_1' title='bbox 1137 383 1217 429; x_wconf 75' lang='lat' dir='ltr'>nn</span> <span class='ocrx_word' id='word_1_2' title='bbox 1259 377 1590 432; x_wconf 70' lang='lat' dir='ltr'>mmmm.</span> <span class='ocrx_word' id='word_1_3' title='bbox 2375 374 2498 433; x_wconf 73' lang='lat'>⁶09</span> 
     </span>
    </p>
   </div>
   <div class='ocr_carea' id='block_1_2' title="bbox 213 500 2502 700">
    <p class='ocr_par' dir='ltr' id='par_1_2' title="bbox 213 500 2502 700">
     <span class='ocr_line' id='line_1_2' title="bbox 218 500 2502 594; baseline 0 -22"><span class='ocrx_word' id='word_1_4' title='bbox 218 507 307 572; x_wconf 72' lang='lat' dir='ltr'>do</span> <span class='ocrx_word' id='word_1_5' title='bbox 337 503 534 571; x_wconf 85' lang='lat' dir='ltr'>rebus</span> <span class='ocrx_word' id='word_1_6' title='bbox 569 504 816 594; x_wconf 77' lang='lat' dir='ltr'>possint</span> <span class='ocrx_word' id='word_1_7' title='bbox 853 524 1000 592; x_wconf 84' lang='lat' dir='ltr'>quae</span> <span class='ocrx_word' id='word_1_8' title='bbox 1036 503 1117 569; x_wconf 87' lang='lat' dir='ltr'>ad</span> <span class='ocrx_word' id='word_1_9' title='bbox 1154 522 1266 570; x_wconf 83' lang='lat' dir='ltr'>vos</span> <span class='ocrx_word' id='word_1_10' title='bbox 1313 507 1729 590; x_wconf 80' lang='lat' dir='ltr'>vestrumque</span> <span class='ocrx_word' id='word_1_11' title='bbox 1752 500 2108 591; x_wconf 84' lang='lat' dir='ltr'>capitulum</span> <span class='ocrx_word' id='word_1_12' title='bbox 2146 501 2362 591; x_wconf 81' lang='lat' dir='ltr'>aliqua</span> <span class='ocrx_word' id='word_1_13' title='bbox 2397 527 2502 572; x_wconf 84' lang='lat' dir='ltr'>ra-</span> 
     </span>
     <span class='ocr_line' id='line_1_3' title="bbox 213 607 1937 700; baseline -0.002 -23"><span class='ocrx_word' id='word_1_14' title='bbox 213 612 392 678; x_wconf 90' lang='lat' dir='ltr'>tione</span> <span class='ocrx_word' id='word_1_15' title='bbox 419 611 803 700; x_wconf 89' lang='lat' dir='ltr'>pertineant.</span> <span class='ocrx_word' id='word_1_16' title='bbox 836 608 1060 677; x_wconf 87' lang='lat' dir='ltr'>Valete</span> <span class='ocrx_word' id='word_1_17' title='bbox 1088 609 1157 676; x_wconf 88' lang='lat' dir='ltr'>in</span> <span class='ocrx_word' id='word_1_18' title='bbox 1182 607 1486 676; x_wconf 80' lang='lat' dir='ltr'>Domino,</span> <span class='ocrx_word' id='word_1_19' title='bbox 1516 607 1789 686; x_wconf 88' lang='lat' dir='ltr'>Datum,</span> <span class='ocrx_word' id='word_1_20' title='bbox 1817 612 1937 674; x_wconf 89' lang='lat' dir='ltr'>etc.</span> 
     </span>
    </p>
   </div>
   <div class='ocr_carea' id='block_1_3' title="bbox 1290 865 1418 924">
    <p class='ocr_par' dir='ltr' id='par_1_3' title="bbox 1290 865 1418 924">
     <span class='ocr_line' id='line_1_4' title="bbox 1290 865 1418 924; baseline 0 0"><span class='ocrx_word' id='word_1_21' title='bbox 1290 865 1418 924; x_wconf 91' lang='lat' dir='ltr'>XII</span> 
     </span>
    </p>
   </div>
   <div class='ocr_carea' id='block_1_4' title="bbox 440 1011 2293 1163">
    <p class='ocr_par' dir='ltr' id='par_1_4' title="bbox 440 1011 2293 1163">
     <span class='ocr_line' id='line_1_5' title="bbox 440 1011 2293 1079; baseline -0.001 -15"><span class='ocrx_word' id='word_1_22' title='bbox 440 1016 735 1066; x_wconf 66' lang='lat' dir='ltr'>procuratio</span> <span class='ocrx_word' id='word_1_23' title='bbox 755 1012 964 1079; x_wconf 78' lang='lat' dir='ltr'>capituli</span> <span class='ocrx_word' id='word_1_24' title='bbox 984 1014 1237 1077; x_wconf 79' lang='lat' dir='ltr'>deputatis</span> <span class='ocrx_word' id='word_1_25' title='bbox 1262 1012 1327 1062; x_wconf 84' lang='lat' dir='ltr'>ad</span> <span class='ocrx_word' id='word_1_26' title='bbox 1356 1012 1609 1075; x_wconf 73' lang='lat' dir='ltr'>synodum</span> <span class='ocrx_word' id='word_1_27' title='bbox 1637 1011 2009 1075; x_wconf 84' lang='lat' dir='ltr'>provincialem.</span> <span class='ocrx_word' id='word_1_28' title='bbox 2042 1013 2142 1073; x_wconf 75' lang='lat' dir='ltr'>(Ex</span> <span class='ocrx_word' id='word_1_29' title='bbox 2162 1017 2293 1063; x_wconf 70' lang='lat' dir='ltr'>actis</span> 
     </span>
     <span class='ocr_line' id='line_1_6' title="bbox 1111 1099 1614 1163; baseline -0.004 -11"><span class='ocrx_word' id='word_1_30' title='bbox 1111 1099 1614 1163; x_wconf 70' lang='lat' dir='ltr'><em>Mediolanensibus.)</em></span> 
     </span>
    </p>
   </div>
   <div class='ocr_carea' id='block_1_5' title="bbox 214 1269 2516 2423">
    <p class='ocr_par' dir='ltr' id='par_1_5' title="bbox 214 1269 2516 2423">
     <span class='ocr_line' id='line_1_7' title="bbox 310 1269 2510 1361; baseline 0 -19"><span class='ocrx_word' id='word_1_31' title='bbox 310 1274 384 1342; x_wconf 91' lang='lat' dir='ltr'>ln</span> <span class='ocrx_word' id='word_1_32' title='bbox 421 1272 690 1342; x_wconf 88' lang='lat' dir='ltr'>nomine</span> <span class='ocrx_word' id='word_1_33' title='bbox 723 1272 1020 1358; x_wconf 87' lang='lat' dir='ltr'>Domini,</span> <span class='ocrx_word' id='word_1_34' title='bbox 1073 1271 1195 1340; x_wconf 80' lang='lat' dir='ltr'>e’tc.</span> <span class='ocrx_word' id='word_1_35' title='bbox 1235 1270 1316 1339; x_wconf 92' lang='lat' dir='ltr'>Et</span> <span class='ocrx_word' id='word_1_36' title='bbox 1363 1292 1479 1360; x_wconf 88' lang='lat' dir='ltr'>pro</span> <span class='ocrx_word' id='word_1_37' title='bbox 1527 1269 1618 1339; x_wconf 86' lang='lat' dir='ltr'>eis</span> <span class='ocrx_word' id='word_1_38' title='bbox 1656 1272 2192 1361; x_wconf 88' lang='lat' dir='ltr'>comparendum,</span> <span class='ocrx_word' id='word_1_39' title='bbox 2239 1275 2510 1346; x_wconf 83' lang='lat' dir='ltr'>interve-</span> 
     </span>
     <span class='ocr_line' id='line_1_8' title="bbox 217 1377 2511 1468; baseline 0.002 -22"><span class='ocrx_word' id='word_1_40' title='bbox 217 1378 567 1466; x_wconf 88' lang='lat' dir='ltr'>niendum,</span> <span class='ocrx_word' id='word_1_41' title='bbox 593 1385 657 1446; x_wconf 88' lang='lat' dir='ltr'>et</span> <span class='ocrx_word' id='word_1_42' title='bbox 677 1378 1107 1446; x_wconf 86' lang='lat' dir='ltr'>assistendum</span> <span class='ocrx_word' id='word_1_43' title='bbox 1131 1377 1199 1444; x_wconf 88' lang='lat' dir='ltr'>in</span> <span class='ocrx_word' id='word_1_44' title='bbox 1226 1377 1504 1445; x_wconf 91' lang='lat' dir='ltr'>concilio</span> <span class='ocrx_word' id='word_1_45' title='bbox 1525 1377 1910 1468; x_wconf 88' lang='lat' dir='ltr'>provinciali</span> <span class='ocrx_word' id='word_1_46' title='bbox 1937 1378 2003 1445; x_wconf 89' lang='lat' dir='ltr'>in</span> <span class='ocrx_word' id='word_1_47' title='bbox 2030 1378 2289 1468; x_wconf 65' lang='lat' dir='ltr'>praefata</span> <span class='ocrx_word' id='word_1_48' title='bbox 2311 1382 2511 1452; x_wconf 81' lang='lat' dir='ltr'>eccle-</span> 
     </span>
     <span class='ocr_line' id='line_1_9' title="bbox 215 1481 2513 1576; baseline 0.002 -24"><span class='ocrx_word' id='word_1_49' title='bbox 215 1486 311 1552; x_wconf 86' lang='lat' dir='ltr'>sia</span> <span class='ocrx_word' id='word_1_50' title='bbox 358 1485 848 1576; x_wconf 85' lang='lat' dir='ltr'>metropolitana</span> <span class='ocrx_word' id='word_1_51' title='bbox 882 1483 962 1553; x_wconf 91' lang='lat' dir='ltr'>N.</span> <span class='ocrx_word' id='word_1_52' title='bbox 1012 1483 1135 1551; x_wconf 89' lang='lat' dir='ltr'>sub</span> <span class='ocrx_word' id='word_1_53' title='bbox 1185 1484 1420 1552; x_wconf 80' lang='lat' dir='ltr'><strong>illustr.</strong></span> <span class='ocrx_word' id='word_1_54' title='bbox 1470 1489 1531 1550; x_wconf 89' lang='lat' dir='ltr'>et</span> <span class='ocrx_word' id='word_1_55' title='bbox 1576 1483 1908 1550; x_wconf 85' lang='lat' dir='ltr'>reverend.</span> <span class='ocrx_word' id='word_1_56' title='bbox 1949 1481 2024 1551; x_wconf 87' lang='lat' dir='ltr'>D.</span> <span class='ocrx_word' id='word_1_57' title='bbox 2058 1482 2143 1552; x_wconf 89' lang='lat' dir='ltr'>N.</span> <span class='ocrx_word' id='word_1_58' title='bbox 2168 1485 2513 1576; x_wconf 84' lang='lat' dir='ltr'>Archiepi-</span> 
     </span>
     <span class='ocr_line' id='line_1_10' title="bbox 215 1590 2515 1683; baseline -0 -22"><span class='ocrx_word' id='word_1_59' title='bbox 215 1614 435 1683; x_wconf 79' lang='lat' dir='ltr'>scope,</span> <span class='ocrx_word' id='word_1_60' title='bbox 479 1615 554 1661; x_wconf 87' lang='lat' dir='ltr'>ac</span> <span class='ocrx_word' id='word_1_61' title='bbox 600 1593 672 1660; x_wconf 89' lang='lat' dir='ltr'>in</span> <span class='ocrx_word' id='word_1_62' title='bbox 722 1591 1248 1682; x_wconf 81' lang='lat' dir='ltr'>quibuscumque</span> <span class='ocrx_word' id='word_1_63' title='bbox 1297 1590 1691 1660; x_wconf 83' lang='lat' dir='ltr'>sessionibus</span> <span class='ocrx_word' id='word_1_64' title='bbox 1750 1612 1945 1681; x_wconf 90' lang='lat' dir='ltr'>super</span> <span class='ocrx_word' id='word_1_65' title='bbox 1973 1590 2142 1677; x_wconf 57' lang='lat' dir='ltr'>„inde</span> <span class='ocrx_word' id='word_1_66' title='bbox 2193 1592 2425 1670; x_wconf 84' lang='lat' dir='ltr'>fiendis</span> <span class='ocrx_word' id='word_1_67' title='bbox 2453 1599 2515 1662; x_wconf 86' lang='lat' dir='ltr'>ct</span> 
     </span>
     <span class='ocr_line' id='line_1_11' title="bbox 214 1697 2512 1789; baseline 0 -20"><span class='ocrx_word' id='word_1_68' title='bbox 214 1700 537 1785; x_wconf 81' lang='lat' dir='ltr'>tenendis,</span> <span class='ocrx_word' id='word_1_69' title='bbox 570 1706 634 1766; x_wconf 91' lang='lat' dir='ltr'>et</span> <span class='ocrx_word' id='word_1_70' title='bbox 664 1698 1191 1788; x_wconf 88' lang='lat' dir='ltr'>quibuscumque</span> <span class='ocrx_word' id='word_1_71' title='bbox 1216 1697 1830 1788; x_wconf 81' lang='lat' dir='ltr'>congregationibus</span> <span class='ocrx_word' id='word_1_72' title='bbox 1858 1697 2123 1787; x_wconf 89' lang='lat' dir='ltr'>privatis</span> <span class='ocrx_word' id='word_1_73' title='bbox 2153 1703 2216 1765; x_wconf 91' lang='lat' dir='ltr'>et</span> <span class='ocrx_word' id='word_1_74' title='bbox 2240 1720 2512 1789; x_wconf 84' lang='lat' dir='ltr'>genera·</span> 
     </span>
     <span class='ocr_line' id='line_1_12' title="bbox 215 1802 2516 1896; baseline -0.001 -23"><span class='ocrx_word' id='word_1_75' title='bbox 215 1806 395 1876; x_wconf 88' lang='lat' dir='ltr'>libus</span> <span class='ocrx_word' id='word_1_76' title='bbox 416 1810 550 1873; x_wconf 87' lang='lat' dir='ltr'>tam</span> <span class='ocrx_word' id='word_1_77' title='bbox 583 1805 651 1871; x_wconf 90' lang='lat' dir='ltr'>in</span> <span class='ocrx_word' id='word_1_78' title='bbox 676 1804 912 1895; x_wconf 85' lang='lat' dir='ltr'>palatio</span> <span class='ocrx_word' id='word_1_79' title='bbox 945 1804 1479 1896; x_wconf 89' lang='lat' dir='ltr'>archiepiscopali</span> <span class='ocrx_word' id='word_1_80' title='bbox 1505 1804 1586 1872; x_wconf 92' lang='lat' dir='ltr'>N.</span> <span class='ocrx_word' id='word_1_81' title='bbox 1622 1826 1822 1893; x_wconf 89' lang='lat' dir='ltr'>quam</span> <span class='ocrx_word' id='word_1_82' title='bbox 1851 1804 1921 1871; x_wconf 90' lang='lat' dir='ltr'>in</span> <span class='ocrx_word' id='word_1_83' title='bbox 1964 1802 2135 1876; x_wconf 83' lang='lat' dir='ltr'>dicta</span> <span class='ocrx_word' id='word_1_84' title='bbox 2159 1805 2425 1878; x_wconf 84' lang='lat' dir='ltr'>ecclesia</span> <span class='ocrx_word' id='word_1_85' title='bbox 2452 1813 2516 1874; x_wconf 88' lang='lat' dir='ltr'>et</span> 
     </span>
     <span class='ocr_line' id='line_1_13' title="bbox 214 1910 2515 1997; baseline -0.002 -16"><span class='ocrx_word' id='word_1_86' title='bbox 214 1913 375 1981; x_wconf 87' lang='lat' dir='ltr'>alibi</span> <span class='ocrx_word' id='word_1_87' title='bbox 404 1913 732 1984; x_wconf 77' lang='lat' dir='ltr'>servandis</span> <span class='ocrx_word' id='word_1_88' title='bbox 773 1918 836 1980; x_wconf 90' lang='lat' dir='ltr'>et</span> <span class='ocrx_word' id='word_1_89' title='bbox 862 1912 1288 1997; x_wconf 32' lang='lat' dir='ltr'>tenendIS,2ac</span> <span class='ocrx_word' id='word_1_90' title='bbox 1319 1932 1553 1977; x_wconf 48' lang='lat' dir='ltr'>‘eorum</span> <span class='ocrx_word' id='word_1_91' title='bbox 1582 1916 1807 1978; x_wconf 81' lang='lat' dir='ltr'>votum</span> <span class='ocrx_word' id='word_1_92' title='bbox 1832 1910 2185 1978; x_wconf 87' lang='lat' dir='ltr'>dicendum</span> <span class='ocrx_word' id='word_1_93' title='bbox 2214 1916 2276 1978; x_wconf 88' lang='lat' dir='ltr'>et</span> <span class='ocrx_word' id='word_1_94' title='bbox 2303 1911 2515 1986; x_wconf 76' lang='lat' dir='ltr'>scren-</span> 
     </span>
     <span class='ocr_line' id='line_1_14' title="bbox 217 2014 2512 2104; baseline -0.003 -16"><span class='ocrx_word' id='word_1_95' title='bbox 217 2020 408 2101; x_wconf 89' lang='lat' dir='ltr'>dum‚</span> <span class='ocrx_word' id='word_1_96' title='bbox 435 2039 511 2087; x_wconf 89' lang='lat' dir='ltr'>ac</span> <span class='ocrx_word' id='word_1_97' title='bbox 539 2017 760 2085; x_wconf 86' lang='lat' dir='ltr'>omnia</span> <span class='ocrx_word' id='word_1_98' title='bbox 791 2016 917 2083; x_wconf 84' lang='lat' dir='ltr'>alia</span> <span class='ocrx_word' id='word_1_99' title='bbox 945 2015 1343 2101; x_wconf 80' lang='lat' dir='ltr'>laciendum,</span> <span class='ocrx_word' id='word_1_100' title='bbox 1371 2015 1573 2103; x_wconf 88' lang='lat' dir='ltr'>quod,</span> <span class='ocrx_word' id='word_1_101' title='bbox 1608 2014 1856 2104; x_wconf 76' lang='lat' dir='ltr'>prael&#39;ati</span> <span class='ocrx_word' id='word_1_102' title='bbox 1896 2014 2230 2081; x_wconf 83' lang='lat' dir='ltr'>reverendi</span> <span class='ocrx_word' id='word_1_103' title='bbox 2261 2014 2512 2082; x_wconf 88' lang='lat' dir='ltr'>domini</span> 
     </span>
     <span class='ocr_line' id='line_1_15' title="bbox 219 2105 2514 2219; baseline -0.002 -26"><span class='ocrx_word' id='word_1_104' title='bbox 219 2126 682 2194; x_wconf 67' lang='lat' dir='ltr'>constituentes</span> <span class='ocrx_word' id='word_1_105' title='bbox 710 2122 917 2189; x_wconf 79' lang='lat' dir='ltr'>facere</span> <span class='ocrx_word' id='word_1_106' title='bbox 947 2127 1230 2211; x_wconf 82' lang='lat' dir='ltr'>possent,</span> <span class='ocrx_word' id='word_1_107' title='bbox 1260 2105 1315 2219; x_wconf 65' lang='lat' dir='ltr'>si</span> <span class='ocrx_word' id='word_1_108' title='bbox 1344 2119 1765 2210; x_wconf 84' lang='lat' dir='ltr'>personaliter</span> <span class='ocrx_word' id='word_1_109' title='bbox 1787 2119 2101 2190; x_wconf 81' lang='lat' dir='ltr'>adessent.</span> <span class='ocrx_word' id='word_1_110' title='bbox 2131 2118 2211 2188; x_wconf 87' lang='lat' dir='ltr'>Et</span> <span class='ocrx_word' id='word_1_111' title='bbox 2250 2140 2514 2207; x_wconf 79' lang='lat' dir='ltr'>genera·</span> 
     </span>
     <span class='ocr_line' id='line_1_16' title="bbox 218 2224 2511 2314; baseline -0.002 -18"><span class='ocrx_word' id='word_1_112' title='bbox 218 2230 391 2310; x_wconf 86' lang='lat' dir='ltr'>liter,</span> <span class='ocrx_word' id='word_1_113' title='bbox 423 2234 544 2300; x_wconf 88' lang='lat' dir='ltr'>etc.</span> <span class='ocrx_word' id='word_1_114' title='bbox 577 2226 839 2306; x_wconf 80' lang='lat' dir='ltr'>DanteS‚</span> <span class='ocrx_word' id='word_1_115' title='bbox 876 2232 998 2295; x_wconf 87' lang='lat' dir='ltr'>etc.</span> <span class='ocrx_word' id='word_1_116' title='bbox 1037 2226 1119 2314; x_wconf 83' lang='lat' dir='ltr'>Et</span> <span class='ocrx_word' id='word_1_117' title='bbox 1144 2226 1451 2309; x_wconf 86' lang='lat' dir='ltr'>volentes,</span> <span class='ocrx_word' id='word_1_118' title='bbox 1481 2230 1603 2295; x_wconf 87' lang='lat' dir='ltr'>etc.</span> <span class='ocrx_word' id='word_1_119' title='bbox 1642 2225 2121 2309; x_wconf 78' lang='lat' dir='ltr'>promittentes,</span> <span class='ocrx_word' id='word_1_120' title='bbox 2162 2229 2282 2292; x_wconf 89' lang='lat' dir='ltr'>etc.</span> <span class='ocrx_word' id='word_1_121' title='bbox 2326 2224 2406 2298; x_wconf 87' lang='lat' dir='ltr'>Et</span> <span class='ocrx_word' id='word_1_122' title='bbox 2432 2224 2511 2298; x_wconf 86' lang='lat' dir='ltr'>de</span> 
     </span>
     <span class='ocr_line' id='line_1_17' title="bbox 221 2332 1169 2423; baseline -0.001 -23"><span class='ocrx_word' id='word_1_123' title='bbox 221 2334 570 2423; x_wconf 84' lang='lat' dir='ltr'>proedictis,</span> <span class='ocrx_word' id='word_1_124' title='bbox 596 2338 716 2399; x_wconf 84' lang='lat' dir='ltr'>ete.</span> <span class='ocrx_word' id='word_1_125' title='bbox 743 2332 1007 2415; x_wconf 90' lang='lat' dir='ltr'>Actum,</span> <span class='ocrx_word' id='word_1_126' title='bbox 1049 2337 1169 2404; x_wconf 84' lang='lat' dir='ltr'>etc.</span> 
     </span>
    </p>
   </div>
   <div class='ocr_carea' id='block_1_6' title="bbox 1283 2561 1446 2629">
    <p class='ocr_par' dir='ltr' id='par_1_6' title="bbox 1283 2561 1446 2629">
     <span class='ocr_line' id='line_1_18' title="bbox 1283 2561 1446 2629; baseline 0 -9"><span class='ocrx_word' id='word_1_127' title='bbox 1283 2561 1446 2629; x_wconf 87' lang='lat' dir='ltr'>XIII</span> 
     </span>
    </p>
   </div>
   <div class='ocr_carea' id='block_1_7' title="bbox 381 2660 2349 2847">
    <p class='ocr_par' dir='ltr' id='par_1_7' title="bbox 381 2660 2349 2847">
     <span class='ocr_line' id='line_1_19' title="bbox 381 2660 2349 2764; baseline -0.002 -12"><span class='ocrx_word' id='word_1_128' title='bbox 381 2702 621 2753; x_wconf 82' lang='lat' dir='ltr'>Formula</span> <span class='ocrx_word' id='word_1_129' title='bbox 646 2702 712 2752; x_wconf 85' lang='lat' dir='ltr'>ad</span> <span class='ocrx_word' id='word_1_130' title='bbox 738 2699 1098 2764; x_wconf 84' lang='lat' dir='ltr'>requirendum</span> <span class='ocrx_word' id='word_1_131' title='bbox 1146 2700 1411 2750; x_wconf 82' lang='lat' dir='ltr'>consilium</span> <span class='ocrx_word' id='word_1_132' title='bbox 1432 2701 1641 2763; x_wconf 83' lang='lat' dir='ltr'>capituli</span> <span class='ocrx_word' id='word_1_133' title='bbox 1663 2700 1828 2764; x_wconf 88' lang='lat' dir='ltr'>quoad</span> <span class='ocrx_word' id='word_1_134' title='bbox 1850 2700 2053 2750; x_wconf 86' lang='lat' dir='ltr'>decreta</span> <span class='ocrx_word' id='word_1_135' title='bbox 2070 2660 2349 2763; x_wconf 72' lang='lat' dir='ltr'>synodalia.</span> 
     </span>
     <span class='ocr_line' id='line_1_20' title="bbox 1146 2786 1582 2847; baseline 0 -11"><span class='ocrx_word' id='word_1_136' title='bbox 1146 2789 1243 2846; x_wconf 74' lang='lat' dir='ltr'>(Ex</span> <span class='ocrx_word' id='word_1_137' title='bbox 1267 2786 1582 2847; x_wconf 81' lang='lat' dir='ltr'>Monacelli.)</span> 
     </span>
    </p>
   </div>
   <div class='ocr_carea' id='block_1_8' title="bbox 806 2965 1831 3035">
    <p class='ocr_par' dir='ltr' id='par_1_8' title="bbox 806 2965 1831 3035">
     <span class='ocr_line' id='line_1_21' title="bbox 806 2965 1831 3035; baseline -0.002 0"><span class='ocrx_word' id='word_1_138' title='bbox 806 2965 926 3035; x_wconf 89' lang='lat' dir='ltr'>Die</span> <span class='ocrx_word' id='word_1_139' title='bbox 934 3019 1062 3034; x_wconf 91' lang='grc'><strong>.....</strong></span> <span class='ocrx_word' id='word_1_140' title='bbox 1099 2969 1340 3035; x_wconf 84' lang='lat' dir='ltr'>mensis</span> <span class='ocrx_word' id='word_1_141' title='bbox 1348 3019 1481 3033; x_wconf 92' lang='grc'><strong>.....</strong></span> <span class='ocrx_word' id='word_1_142' title='bbox 1518 2988 1690 3035; x_wconf 89' lang='lat' dir='ltr'>anno</span> <span class='ocrx_word' id='word_1_143' title='bbox 1699 3020 1831 3033; x_wconf 92' lang='grc'><strong>.....</strong></span> 
     </span>
    </p>
   </div>
   <div class='ocr_carea' id='block_1_9' title="bbox 136 3121 2513 4566">
    <p class='ocr_par' dir='ltr' id='par_1_9' title="bbox 136 3121 2513 4566">
     <span class='ocr_line' id='line_1_22' title="bbox 312 3121 2509 3215; baseline 0 -25"><span class='ocrx_word' id='word_1_144' title='bbox 312 3124 672 3192; x_wconf 87' lang='lat' dir='ltr'>Convocato</span> <span class='ocrx_word' id='word_1_145' title='bbox 720 3144 940 3190; x_wconf 84' lang='lat' dir='ltr'>coram</span> <span class='ocrx_word' id='word_1_146' title='bbox 967 3122 1413 3190; x_wconf 87' lang='lat' dir='ltr'>illustrissimo</span> <span class='ocrx_word' id='word_1_147' title='bbox 1457 3130 1518 3190; x_wconf 88' lang='lat' dir='ltr'>et</span> <span class='ocrx_word' id='word_1_148' title='bbox 1570 3122 2102 3190; x_wconf 88' lang='lat' dir='ltr'>reverendissimo</span> <span class='ocrx_word' id='word_1_149' title='bbox 2134 3121 2509 3215; x_wconf 84' lang='lat' dir='ltr'>D.·N.Epi-</span> 
     </span>
     <span class='ocr_line' id='line_1_23' title="bbox 218 3229 2513 3324; baseline 0.003 -28"><span class='ocrx_word' id='word_1_150' title='bbox 218 3249 417 3320; x_wconf 91' lang='lat' dir='ltr'>scopo</span> <span class='ocrx_word' id='word_1_151' title='bbox 430 3231 496 3298; x_wconf 90' lang='lat' dir='ltr'>in</span> <span class='ocrx_word' id='word_1_152' title='bbox 519 3229 968 3301; x_wconf 80' lang='lat' dir='ltr'>mansionibus</span> <span class='ocrx_word' id='word_1_153' title='bbox 981 3230 1199 3318; x_wconf 88' lang='lat' dir='ltr'>palatii</span> <span class='ocrx_word' id='word_1_154' title='bbox 1219 3229 1602 3320; x_wconf 83' lang='lat' dir='ltr'>episcopalis</span> <span class='ocrx_word' id='word_1_155' title='bbox 1620 3229 1821 3320; x_wconf 88' lang='lat' dir='ltr'>hujus</span> <span class='ocrx_word' id='word_1_156' title='bbox 1837 3230 2109 3303; x_wconf 81' lang='lat' dir='ltr'>civitatis</span> <span class='ocrx_word' id='word_1_157' title='bbox 2129 3231 2210 3303; x_wconf 90' lang='lat' dir='ltr'>N.</span> <span class='ocrx_word' id='word_1_158' title='bbox 2233 3237 2513 3324; x_wconf 75' lang='lat' dir='ltr'>capitulo</span> 
     </span>
     <span class='ocr_line' id='line_1_24' title="bbox 221 3333 2512 3431; baseline 0 -25"><span class='ocrx_word' id='word_1_159' title='bbox 221 3336 636 3423; x_wconf 77' lang='lat' dir='ltr'>cathedralis,</span> <span class='ocrx_word' id='word_1_160' title='bbox 665 3358 902 3426; x_wconf 82' lang='lat' dir='ltr'>nempe</span> <span class='ocrx_word' id='word_1_161' title='bbox 932 3333 1015 3404; x_wconf 91' lang='lat' dir='ltr'>N.</span> <span class='ocrx_word' id='word_1_162' title='bbox 1051 3334 1131 3403; x_wconf 93' lang='lat' dir='ltr'>N.</span> <span class='ocrx_word' id='word_1_163' title='bbox 1167 3343 1231 3403; x_wconf 89' lang='lat' dir='ltr'>et</span> <span class='ocrx_word' id='word_1_164' title='bbox 1258 3335 1339 3407; x_wconf 92' lang='lat' dir='ltr'>N.</span> <span class='ocrx_word' id='word_1_165' title='bbox 1381 3334 1822 3426; x_wconf 75' lang='lat' dir='ltr'>Dignitatibus</span> <span class='ocrx_word' id='word_1_166' title='bbox 1853 3342 1918 3407; x_wconf 81' lang='lat' dir='ltr'>et</span> <span class='ocrx_word' id='word_1_167' title='bbox 1947 3338 2277 3413; x_wconf 86' lang='lat' dir='ltr'>canonicis</span> <span class='ocrx_word' id='word_1_168' title='bbox 2309 3342 2512 3431; x_wconf 78' lang='lat' dir='ltr'>majo-</span> 
     </span>
     <span class='ocr_line' id='line_1_25' title="bbox 220 3440 2511 3533; baseline 0 -26"><span class='ocrx_word' id='word_1_169' title='bbox 220 3461 368 3507; x_wconf 88' lang='lat' dir='ltr'>rem</span> <span class='ocrx_word' id='word_1_170' title='bbox 413 3445 660 3531; x_wconf 85' lang='lat' dir='ltr'>partem</span> <span class='ocrx_word' id='word_1_171' title='bbox 696 3440 961 3529; x_wconf 88' lang='lat' dir='ltr'>capituli</span> <span class='ocrx_word' id='word_1_172' title='bbox 1009 3442 1574 3526; x_wconf 84' lang='lat' dir='ltr'>constituentibuS,</span> <span class='ocrx_word' id='word_1_173' title='bbox 1619 3441 1844 3531; x_wconf 79' lang='lat' dir='ltr'>ibique</span> <span class='ocrx_word' id='word_1_174' title='bbox 1868 3443 2312 3533; x_wconf 78' lang='lat' dir='ltr'>capitulariter</span> <span class='ocrx_word' id='word_1_175' title='bbox 2343 3469 2511 3515; x_wconf 71' lang='lat' dir='ltr'>con.-</span> 
     </span>
     <span class='ocr_line' id='line_1_26' title="bbox 192 3544 2509 3639; baseline 0.004 -30"><span class='ocrx_word' id='word_1_176' title='bbox 192 3546 530 3636; x_wconf 79' lang='lat' dir='ltr'>gregatis,</span> <span class='ocrx_word' id='word_1_177' title='bbox 576 3544 846 3613; x_wconf 85' lang='lat' dir='ltr'>fuerunt</span> <span class='ocrx_word' id='word_1_178' title='bbox 889 3567 1003 3635; x_wconf 88' lang='lat' dir='ltr'>per</span> <span class='ocrx_word' id='word_1_179' title='bbox 1051 3569 1156 3613; x_wconf 89' lang='lat' dir='ltr'>me</span> <span class='ocrx_word' id='word_1_180' title='bbox 1210 3548 1689 3639; x_wconf 78' lang='lat' dir='ltr'>infrascriptum</span> <span class='ocrx_word' id='word_1_181' title='bbox 1744 3549 1823 3616; x_wconf 89' lang='lat' dir='ltr'>de</span> <span class='ocrx_word' id='word_1_182' title='bbox 1871 3551 2174 3619; x_wconf 84' lang='lat' dir='ltr'>mandato</span> <span class='ocrx_word' id='word_1_183' title='bbox 2219 3553 2509 3639; x_wconf 80' lang='lat' dir='ltr'>ejusdam</span> 
     </span>
     <span class='ocr_line' id='line_1_27' title="bbox 218 3649 2504 3742; baseline 0.002 -23"><span class='ocrx_word' id='word_1_184' title='bbox 218 3651 305 3720; x_wconf 91' lang='lat' dir='ltr'>D.</span> <span class='ocrx_word' id='word_1_185' title='bbox 339 3651 420 3720; x_wconf 93' lang='lat' dir='ltr'>N.</span> <span class='ocrx_word' id='word_1_186' title='bbox 459 3650 761 3742; x_wconf 83' lang='lat' dir='ltr'>Episcopi</span> <span class='ocrx_word' id='word_1_187' title='bbox 796 3649 1197 3740; x_wconf 83' lang='lat' dir='ltr'>intelligibili</span> <span class='ocrx_word' id='word_1_188' title='bbox 1234 3673 1390 3721; x_wconf 72' lang='lat' dir='ltr'>voce</span> <span class='ocrx_word' id='word_1_189' title='bbox 1431 3653 1595 3721; x_wconf 88' lang='lat' dir='ltr'>lecta</span> <span class='ocrx_word' id='word_1_190' title='bbox 1636 3653 1914 3739; x_wconf 87' lang='lat' dir='ltr'>decreta,</span> <span class='ocrx_word' id='word_1_191' title='bbox 1957 3661 2019 3721; x_wconf 89' lang='lat' dir='ltr'>et</span> <span class='ocrx_word' id='word_1_192' title='bbox 2045 3654 2504 3737; x_wconf 83' lang='lat' dir='ltr'>ordinationes,</span> 
     </span>
     <span class='ocr_line' id='line_1_28' title="bbox 220 3757 2509 3848; baseline 0.003 -23"><span class='ocrx_word' id='word_1_193' title='bbox 220 3780 373 3848; x_wconf 74' lang='lat' dir='ltr'>quae</span> <span class='ocrx_word' id='word_1_194' title='bbox 417 3757 752 3845; x_wconf 82' lang='lat' dir='ltr'>evulgari,</span> <span class='ocrx_word' id='word_1_195' title='bbox 804 3762 867 3824; x_wconf 87' lang='lat' dir='ltr'>et</span> <span class='ocrx_word' id='word_1_196' title='bbox 914 3757 1235 3847; x_wconf 86' lang='lat' dir='ltr'>publicari</span> <span class='ocrx_word' id='word_1_197' title='bbox 1267 3757 1505 3827; x_wconf 85' lang='lat' dir='ltr'>debent</span> <span class='ocrx_word' id='word_1_198' title='bbox 1550 3758 1619 3826; x_wconf 92' lang='lat' dir='ltr'>in</span> <span class='ocrx_word' id='word_1_199' title='bbox 1667 3759 1959 3848; x_wconf 84' lang='lat' dir='ltr'>proxima</span> <span class='ocrx_word' id='word_1_200' title='bbox 2000 3759 2215 3832; x_wconf 81' lang='lat' dir='ltr'>futura</span> <span class='ocrx_word' id='word_1_201' title='bbox 2266 3763 2509 3848; x_wconf 77' lang='lat' dir='ltr'>synodo</span> 
     </span>
     <span class='ocr_line' id='line_1_29' title="bbox 222 3863 2511 3959; baseline 0.003 -28"><span class='ocrx_word' id='word_1_202' title='bbox 222 3864 524 3932; x_wconf 90' lang='lat' dir='ltr'>habenda</span> <span class='ocrx_word' id='word_1_203' title='bbox 554 3863 738 3932; x_wconf 88' lang='lat' dir='ltr'>die...</span> <span class='ocrx_word' id='word_1_204' title='bbox 768 3887 784 3930; x_wconf 78' lang='lat' dir='ltr'><em>z</em></span> <span class='ocrx_word' id='word_1_205' title='bbox 821 3886 1014 3954; x_wconf 88' lang='lat' dir='ltr'>super</span> <span class='ocrx_word' id='word_1_206' title='bbox 1039 3864 1304 3954; x_wconf 85' lang='lat' dir='ltr'>quihus,</span> <span class='ocrx_word' id='word_1_207' title='bbox 1333 3865 1579 3955; x_wconf 77' lang='lat' dir='ltr'>expleta</span> <span class='ocrx_word' id='word_1_208' title='bbox 1614 3865 1880 3949; x_wconf 85' lang='lat' dir='ltr'>lectura,</span> <span class='ocrx_word' id='word_1_209' title='bbox 1916 3865 2089 3934; x_wconf 88' lang='lat' dir='ltr'>idem</span> <span class='ocrx_word' id='word_1_210' title='bbox 2117 3864 2197 3933; x_wconf 92' lang='lat' dir='ltr'>D.</span> <span class='ocrx_word' id='word_1_211' title='bbox 2228 3865 2308 3935; x_wconf 88' lang='lat' dir='ltr'>N.</span> <span class='ocrx_word' id='word_1_212' title='bbox 2344 3867 2511 3959; x_wconf 89' lang='lat' dir='ltr'>Epi-</span> 
     </span>
     <span class='ocr_line' id='line_1_30' title="bbox 202 3969 2510 4062; baseline 0.003 -24"><span class='ocrx_word' id='word_1_213' title='bbox 202 3991 459 4061; x_wconf 74' lang='lat' dir='ltr'>scopus</span> <span class='ocrx_word' id='word_1_214' title='bbox 492 3971 845 4043; x_wconf 87' lang='lat' dir='ltr'>consilium</span> <span class='ocrx_word' id='word_1_215' title='bbox 888 3971 1268 4043; x_wconf 85' lang='lat' dir='ltr'>eorumdem</span> <span class='ocrx_word' id='word_1_216' title='bbox 1309 3969 1450 4041; x_wconf 88' lang='lat' dir='ltr'>DD.</span> <span class='ocrx_word' id='word_1_217' title='bbox 1497 3971 1905 4062; x_wconf 79' lang='lat' dir='ltr'>Dignitatum</span> <span class='ocrx_word' id='word_1_218' title='bbox 1948 3977 2012 4043; x_wconf 84' lang='lat' dir='ltr'>et</span> <span class='ocrx_word' id='word_1_219' title='bbox 2044 3974 2510 4047; x_wconf 79' lang='lat' dir='ltr'>canonicorum</span> 
     </span>
     <span class='ocr_line' id='line_1_31' title="bbox 220 4077 2513 4173; baseline 0.003 -27"><span class='ocrx_word' id='word_1_220' title='bbox 220 4080 318 4147; x_wconf 85' lang='lat' dir='ltr'>sic</span> <span class='ocrx_word' id='word_1_221' title='bbox 353 4077 791 4169; x_wconf 85' lang='lat' dir='ltr'>capitulariter</span> <span class='ocrx_word' id='word_1_222' title='bbox 816 4083 1353 4168; x_wconf 85' lang='lat' dir='ltr'>congregatorum</span> <span class='ocrx_word' id='word_1_223' title='bbox 1379 4080 1717 4169; x_wconf 80' lang='lat' dir='ltr'>requisivit</span> <span class='ocrx_word' id='word_1_224' title='bbox 1747 4105 1763 4149; x_wconf 72' lang='grc' dir='ltr'><strong>ε</strong></span> <span class='ocrx_word' id='word_1_225' title='bbox 1797 4103 1931 4170; x_wconf 85' lang='lat' dir='ltr'>qua</span> <span class='ocrx_word' id='word_1_226' title='bbox 1958 4102 2074 4170; x_wconf 76' lang='lat' dir='ltr'>per</span> <span class='ocrx_word' id='word_1_227' title='bbox 2101 4102 2206 4151; x_wconf 84' lang='lat' dir='ltr'>eos</span> <span class='ocrx_word' id='word_1_228' title='bbox 2240 4085 2513 4173; x_wconf 81' lang='lat' dir='ltr'>requisi-</span> 
     </span>
     <span class='ocr_line' id='line_1_32' title="bbox 224 4184 2504 4277; baseline 0.003 -25"><span class='ocrx_word' id='word_1_229' title='bbox 224 4186 399 4253; x_wconf 88' lang='lat' dir='ltr'>tione</span> <span class='ocrx_word' id='word_1_230' title='bbox 441 4184 682 4270; x_wconf 84' lang='lat' dir='ltr'>audita,</span> <span class='ocrx_word' id='word_1_231' title='bbox 727 4186 1129 4277; x_wconf 82' lang='lat' dir='ltr'>propositum</span> <span class='ocrx_word' id='word_1_232' title='bbox 1173 4190 1236 4253; x_wconf 90' lang='lat' dir='ltr'>et</span> <span class='ocrx_word' id='word_1_233' title='bbox 1281 4186 1878 4259; x_wconf 86' lang='lat' dir='ltr'>determinationem</span> <span class='ocrx_word' id='word_1_234' title='bbox 1926 4188 2079 4261; x_wconf 70' lang='lat' dir='ltr'>dicti</span> <span class='ocrx_word' id='word_1_235' title='bbox 2128 4190 2380 4261; x_wconf 82' lang='lat' dir='ltr'>domini</span> <span class='ocrx_word' id='word_1_236' title='bbox 2420 4190 2504 4259; x_wconf 88' lang='lat' dir='ltr'>N.</span> 
     </span>
     <span class='ocr_line' id='line_1_33' title="bbox 222 4288 2511 4385; baseline 0.003 -29"><span class='ocrx_word' id='word_1_237' title='bbox 222 4288 530 4381; x_wconf 89' lang='lat' dir='ltr'>Episcopi</span> <span class='ocrx_word' id='word_1_238' title='bbox 555 4291 633 4357; x_wconf 91' lang='lat' dir='ltr'>de</span> <span class='ocrx_word' id='word_1_239' title='bbox 675 4292 918 4378; x_wconf 76' lang='lat' dir='ltr'>synodo</span> <span class='ocrx_word' id='word_1_240' title='bbox 945 4293 1216 4382; x_wconf 85' lang='lat' dir='ltr'>agenda,</span> <span class='ocrx_word' id='word_1_241' title='bbox 1245 4298 1307 4360; x_wconf 90' lang='lat' dir='ltr'>et</span> <span class='ocrx_word' id='word_1_242' title='bbox 1339 4292 1590 4360; x_wconf 86' lang='lat' dir='ltr'>decreta</span> <span class='ocrx_word' id='word_1_243' title='bbox 1635 4293 1774 4384; x_wconf 85' lang='lat' dir='ltr'>(per</span> <span class='ocrx_word' id='word_1_244' title='bbox 1819 4317 1950 4383; x_wconf 91' lang='lat' dir='ltr'>me,</span> <span class='ocrx_word' id='word_1_245' title='bbox 1991 4302 2065 4365; x_wconf 87' lang='lat' dir='ltr'>ut</span> <span class='ocrx_word' id='word_1_246' title='bbox 2097 4317 2324 4385; x_wconf 80' lang='lat' dir='ltr'>supra,</span> <span class='ocrx_word' id='word_1_247' title='bbox 2356 4294 2511 4383; x_wconf 82' lang='lat' dir='ltr'>ipsis</span> 
     </span>
     <span class='ocr_line' id='line_1_34' title="bbox 136 4396 2511 4493; baseline 0 -30"><span class='ocrx_word' id='word_1_248' title='bbox 136 4474 150 4493; x_wconf 22' lang='grc' dir='ltr'>ἱ</span> <span class='ocrx_word' id='word_1_249' title='bbox 227 4396 679 4486; x_wconf 76' lang='lat' dir='ltr'>praesentibus,</span> <span class='ocrx_word' id='word_1_250' title='bbox 701 4401 765 4465; x_wconf 90' lang='lat' dir='ltr'>et</span> <span class='ocrx_word' id='word_1_251' title='bbox 785 4397 1197 4466; x_wconf 86' lang='lat' dir='ltr'>audientibus</span> <span class='ocrx_word' id='word_1_252' title='bbox 1219 4398 1404 4489; x_wconf 72' lang='lat' dir='ltr'>lecta)</span> <span class='ocrx_word' id='word_1_253' title='bbox 1427 4398 1496 4466; x_wconf 90' lang='lat' dir='ltr'>in</span> <span class='ocrx_word' id='word_1_254' title='bbox 1527 4421 1598 4466; x_wconf 91' lang='lat' dir='ltr'>ea</span> <span class='ocrx_word' id='word_1_255' title='bbox 1624 4399 2038 4490; x_wconf 87' lang='lat' dir='ltr'>publicanda,</span> <span class='ocrx_word' id='word_1_256' title='bbox 2061 4401 2511 4485; x_wconf 85' lang='lat' dir='ltr'>laudaverunt,</span> 
     </span>
     <span class='ocr_line' id='line_1_35' title="bbox 2144 4521 2209 4566; baseline -0.015 0"><span class='ocrx_word' id='word_1_257' title='bbox 2144 4521 2209 4566; x_wconf 75' lang='lat' dir='ltr'>aa</span> 
     </span>
    </p>
   </div>
  </div>
 </body>
</html>
