2930 4982
1178 343 1258 390 DE
1303 343 1630 393 culmus.
2469 347 2501 400 7
2513 346 2549 399 5

1185 616 1475 681 CAPUT
1526 619 1612 679 Vl

612 806 688 849 DE
731 798 960 851 omero
998 806 1072 850 ET
1115 806 1565 855 PRAEROGATIVIS
1602 810 1802 856 ramat
1842 811 2182 859 maturans

333 998 475 1065 Jam
506 998 577 1064 in
609 1001 999 1089 praecedenti
1030 1003 1237 1092 capite
1261 1002 1478 1092 aliqua
1505 1002 1584 1070 ad
1610 1004 1895 1094 primam
1945 1005 2327 1095 dignitatem
2363 1027 2547 1095 spec-

261 1105 449 1172 tantia
495 1127 572 1171 ex
639 1108 1131 1174 canonistarum
1189 1110 1564 1175 auctoritate
1609 1110 1968 1199 attigimus.
2021 1111 2143 1178 Sed
2187 1113 2377 1200 juvat
2439 1111 2548 1179 hic

254 1211 609 1300 praecipuas
664 1210 1042 1300 hujusmodi
1096 1209 1546 1302 praerogativas
1600 1220 1662 1280 et
1699 1214 2123 1304 obligationes
2173 1215 2552 1283 auctoritate

252 1337 445 1383 sacrae
471 1316 995 1435 Congregationis
1014 1318 1288 1387 Rituum
1311 1319 1595 1388 firmare.

336 1419 385 1486 1.
413 1420 513 1487 Ad
542 1422 828 1509 primam
862 1423 1244 1511 dignitatem
1278 1426 1581 1513 pertinet,
1630 1424 1890 1493 absente
1929 1426 2029 1493 vel
2059 1362 2369 1515 impedito
2399 1423 2549 1514 Epi-

252 1546 460 1616 scopo,
517 1528 884 1597 sunctiones
941 1552 1152 1599 sacras
1205 1533 1275 1599 in
1325 1531 1826 1601 solemnioribus
1880 1532 2038 1600 anni
2101 1530 2550 1600 festivitatibus

250 1649 571 1718 peragere.
600 1631 691 1700 lta
715 1655 892 1701 sacra
910 1634 1180 1703 Rituum
1205 1636 1638 1727 congregatio
1660 1638 2007 1706 declaravit
2028 1638 2295 1729 pluries.
2327 1636 2544 1728 (Apud

248 1731 626 1821 Gardellini,
670 1762 736 1808 n.
788 1740 1106 1829 162-216,
1133 1743 1287 1833 etc.)

339 1842 415 1909 ll.
444 1845 624 1912 Adeo
652 1852 724 1912 ut
738 1868 947 1936 neque
979 1850 1259 1916 vicarius
1313 1850 1632 1938 generalis
1660 1850 1990 1941 Episcopi,
2023 1872 2232 1938 neque
2261 1848 2548 1918 vicarius

246 1951 621 2038 capitularis
660 1953 909 2042 possint
954 1954 1321 2022 functiones
1370 1956 1514 2023 illas
1561 1978 1708 2044 quae
1748 1956 2155 2025 Pontificales
2204 1961 2543 2036 vocantur,

244 2055 504 2123 absente
532 2058 637 2123 vel
659 2059 973 2148 impedito
997 2060 1342 2150 Episcopo,
1378 2061 1504 2129 sibi
1537 2084 1868 2153 usurpare.
1906 2062 2125 2152 (Apud
2153 2061 2544 2146 Gardellini,

240 2183 303 2229 n.
339 2163 500 2247 188,
532 2163 691 2248 335,
722 2164 882 2243 464,
909 2165 1066 2249 548,
1100 2166 1287 2252 555.)

329 2267 450 2333 ΙΙΙ.
480 2267 655 2333 Illud
673 2276 887 2335 autem
914 2273 1023 2356 jus
1055 2273 1285 2356 primae
1320 2271 1658 2356 dignitatis
1685 2277 1779 2336 est
1805 2272 1999 2337 simul
2026 2270 2355 2357 obligatio.
2383 2268 2551 2337 Nam

232 2373 328 2439 ad
383 2371 644 2438 dubia:
697 2397 730 2437 «
777 2374 841 2439 1ο
890 2395 973 2440 an
1024 2373 1342 2464 Episcopo
1385 2398 1516 2443 non
1567 2377 1926 2444 celebrante
1972 2378 2041 2443 in
2096 2377 2545 2446 festivitatibus

241 2505 275 2542 «
332 2477 887 2567 solemnioribus,
942 2482 1321 2572 praepositus
1400 2482 1615 2575 prima
1688 2483 1967 2574 dignitas
2013 2484 2297 2554 ecclesiae
2355 2484 2546 2554 Mau-

248 2612 281 2651 «
333 2585 655 2652 rianensis
677 2591 964 2656 teneatur
988 2589 1066 2655 ad
1089 2589 1583 2660 celebrationem
1613 2593 1849 2676 missae,
1877 2592 2003 2660 nisi
2025 2591 2109 2660 sit
2137 2593 2272 2683 ipse
2315 2591 2547 2659 absens

252 2718 283 2757 ιι
334 2692 434 2757 vel
460 2693 1060 2781 impeditus‘J—-JZo
1094 2696 1196 2762 An
1229 2698 1593 2787 capitulum
1642 2699 1914 2767 condere
1972 2697 2174 2789 possit
2225 2703 2546 2765 statutum

256 2825 286 2863 α
330 2820 459 2887 quo
520 2799 901 2868 decernatur
953 2805 1372 2892 praepositum
1417 2805 1703 2893 primam
1761 2805 2144 2892 dignitatem
2203 2800 2408 2866 teneri
2466 2800 2550 2867 ad

258 2931 286 2967 «
336 2905 828 2974 celebrationem
848 2909 1062 2976 missae
1082 2910 1391 2978 solemnis
1415 2911 1608 2977 dictis
1633 2910 2013 2977 diebus?-
2031 2908 2233 2974 Sacra
2248 2906 2547 2994 Congre-

260 3034 292 3072 ε(
331 3010 498 3097 gatio
566 3014 1060 3080 rescribendum
1130 3016 1406 3082 censuit.
1456 3052 1549 3065 -
1590 3014 1700 3081 Ad
1745 3016 1807 3080 1.
1867 3012 2093 3079 Teneri
2116 3010 2327 3101 juxta
2372 3011 2550 3080 cilicis

262 3141 292 3177 «
340 3115 619 3184 decreta.
646 3158 737 3169 —
760 3119 874 3187 Ad
899 3120 966 3186 2.
997 3123 1194 3188 Posse
1224 3121 1294 3187 in
1325 3120 1653 3187 omnibus.
1679 3158 1767 3171 —
1797 3120 1915 3187 Die
1951 3118 2035 3192 23
2066 3120 2226 3186 maii
2257 3117 2454 3186 1846.
2504 3143 2538 3182 »

262 3220 348 3309 (ln
376 3224 755 3292 collectione
788 3225 1226 3311 Gardelliana‚
1264 3249 1333 3295 n.
1369 3226 1603 3317 4901.)

335 3326 450 3394 IV.
484 3326 800 3407 Quaenam
827 3338 1042 3400 autem
1075 3333 1206 3400 sint
1229 3334 1598 3400 functiones
1623 3330 2090 3399 solemniorum
2123 3329 2544 3398 festivitatum

257 3451 392 3518 quae
416 3435 850 3525 Pontifieales
868 3439 1239 3529 nuncupari
1263 3439 1495 3522 solent,
1516 3444 1577 3504 et
1595 3459 1741 3526 quae
1762 3438 1838 3504 ad
1859 3437 2140 3527 primam
2157 3435 2545 3523 dignitatem

258 3536 507 3605 absente
536 3541 638 3606 vel
661 3541 970 3632 impedito
998 3542 1313 3634 Episcopo
1345 3533 1690 3662 pertinent,
1727 3547 1820 3608 est
1875 3543 2143 3630 quaestio
2190 3562 2335 3627 quae
2387 3539 2548 3605 solvi

258 3645 475 3731 nequit
541 3646 668 3712 nisi
720 3646 1064 3734 diligenter
1117 3649 1410 3736 expensis
1475 3656 1538 3713 et
1592 3637 1838 3713 collatis
1889 3646 2092 3712 simul
2149 3649 2298 3708 tum
2351 3642 2549 3705 variis

260 3751 525 3818 textibus
563 3751 1064 3820 Coeremom'alis
1087 3751 1590 3841 Episcoporum
1637 3753 1782 3816 tum
1822 3749 2129 3838 plurimis
2194 3747 2316 3811 hac
2358 3745 2435 3811 de
2479 3770 2546 3815 re

259 3856 432 3925 editis
480 3857 546 3926 S.
590 3859 1121 3948 Congregationis
1148 3857 1419 3924 Rituum
1446 3855 1742 3923 decretis:
1778 3851 1987 3933 Quam
2020 3849 2538 3943 disceptationem

262 3961 378 4049 (hic
450 3966 782 4032 brevitatis
836 3987 1026 4033 causa
1112 3961 1633 4055 praetermissam)
1715 3960 1991 4050 reperies
2042 3960 2108 4026 in
2174 3959 2543 4030 collectione

261 4069 577 4155 periodica
620 4071 857 4160 (Revue
880 4070 989 4138 des
1015 4071 1285 4139 πίθησθε
1312 4068 1871 4158 εεείόεὶαςτὶᾳιιεε).
1925 4064 2323 4156 SubJ'icimus
2350 4068 2543 4135 dum-

260 4178 414 4241 taxat
465 4175 757 4265 ejusdem
795 4177 1267 4267 disceptationis
1313 4174 1836 4259 conclusionem,
1887 4173 1951 4240 id
2002 4178 2133 4264 est,
2182 4173 2545 4260 catalogum

262 4279 660 4351 functionum
708 4286 1178 4376 pontificalium
1207 4339 1224 4369 ,
1292 4286 1372 4353 ad
1422 4286 1703 4375 primam
1754 4284 2130 4373 dignitatem
2163 4334 2179 4364 ,
2237 4278 2549 4366 impedito

264 4383 592 4481 EpiscopO,
621 4392 1113 4481 pertinentium,
1143 4413 1289 4481 quae
1306 4396 1459 4459 sunt
1489 4397 1821 4479 sequentes
1852 4417 1868 4457 ι
