2930 4982
1107 327 1185 372 nn
1232 326 1557 375 cAm‘rUus.
2357 323 2472 379 251

235 449 433 514 «tecto
479 448 542 510 et
584 443 828 532 absque
876 443 1160 534 pileolo?
1202 482 1291 498 —
1333 446 1399 513 6ο
1432 447 1539 514 An
1584 445 1781 515 iidem
1829 448 2127 515 canonici
2167 447 2487 543 Episcopo

234 577 262 616 «
283 550 706 620 ministrantes
733 551 894 618 dum
920 572 1179 619 sacrum
1221 553 1494 642 peragit,
1530 553 1752 620 saltem
1791 555 2037 643 possint
2063 554 2342 623 retinere
2370 558 2487 647 pi-

236 656 506 724 «leolum
553 677 760 744 usque
795 656 875 723 ad
922 662 1502 741 consecrationem,
1549 657 1840 747 illudque
1876 680 2205 727 resumere
2247 682 2483 751 sump-

236 763 446 830 «tione
472 764 772 852 peracta?
799 788 835 827 »
870 798 961 813 —-
978 760 1173 831 Sacra
1192 762 1625 854 Congregatio
1648 764 2168 855 respondendum
2200 768 2479 835 censuit:

224 867 309 935 Ad
330 868 401 952 4,
431 866 738 956 neqative
754 866 827 934 in
853 868 1161 936 omnibus
1183 870 1508 960 expressis
1533 870 2072 939 circumstantiis.
2100 869 2208 937 Ad
2228 872 2296 950 5,
2322 894 2488 940 sem·

215 994 311 1063 per
331 971 470 1039 sine
491 970 770 1062 pileolo.
802 972 914 1041 Ad
944 975 1011 1055 6,
1044 974 1117 1041 in
1144 976 1347 1043 sacris
1382 977 1847 1066 functionibus
1870 999 2216 1067 nunquam
2239 976 2488 1067 pileolo

223 1079 301 1148 uti
339 1101 560 1169 posse.
621 1068 742 1153 Die
808 1079 892 1149 14
945 1081 1126 1170 junii
1185 1081 1382 1151 1845.
1452 1084 1563 1173 (ln
1623 1084 1998 1153 collectione
2054 1082 2490 1166 Gardelliana,

224 1195 274 1253 n⁰
295 1185 531 1274 4873.)

292 1292 402 1362 10⁰
444 1290 554 1359 An
605 1292 896 1360 canonici
941 1293 1247 1383 compelli
1294 1297 1541 1385 possint
1589 1296 1671 1363 ad
1716 1294 2146 1364 assistendum
2182 1301 2246 1363 et
2283 1295 2492 1365 inser-

220 1398 505 1466 viendum
532 1397 850 1488 Episcopo
873 1399 1035 1465 dum
1059 1400 1364 1488 privatim
1393 1402 1663 1468 missam
1691 1401 2015 1469 celebrat?
2040 1400 2163 1468 Eos
2188 1402 2333 1488 cogi
2360 1422 2494 1469 non

221 1526 382 1594 posse
408 1505 557 1571 vide
586 1505 876 1571 decisum
910 1526 949 1571 a
976 1525 1156 1571 sacra
1185 1505 1437 1574 rituum
1469 1506 1988 1596 Congregatione
2019 1505 2194 1596 apud
2232 1505 2497 1574 Gardel-

221 1608 320 1677 lini
344 1610 439 1699 (n.
467 1607 643 1676 2418
666 1614 729 1675 et
754 1607 953 1699 1727)
974 1635 991 1695 ;
1017 1615 1080 1676 et
1101 1614 1459 1700 praesertim
1484 1613 1537 1680 si
1562 1612 1840 1680 celebret
1862 1617 2035 1679 extra
2059 1610 2494 1680 cathedralem

222 1716 295 1805 (n.
328 1715 504 1785 3169
544 1720 609 1783 et
655 1714 881 1804 3184).
930 1713 1072 1783 Imo
1117 1716 1289 1785 ultro
1332 1718 1619 1786 volentes
1660 1717 1995 1808 prohiberi
2024 1721 2295 1806 possunt
2319 1736 2359 1784 a
2386 1715 2497 1784 de·

219 1822 620 1890 trectantibus
655 1821 750 1913 (n.
778 1820 1006 1911 4059).

290 1927 669 1998 Fossanensi
709 1933 927 1995 tamen
955 1927 1277 2018 Episcopo
1310 1928 1416 1994 die
1448 1928 1532 1996 15
1555 1929 1844 2017 januarii
1883 1927 2047 1996 1661
2088 1948 2125 1994 a
2147 1926 2217 1995 S.
2245 1926 2499 1992 rituum

215 2033 713 2125 Congregatione
739 2034 1128 2124 rescriptum
1152 2037 1271 2116 est,
1302 2054 1486 2123 posse
1509 2054 1625 2123 per
1649 2055 1952 2122 censuras
1981 2031 2127 2122 cogi
2155 2029 2500 2100 canonicos

212 2139 282 2207 ad
316 2140 374 2208 ei
397 2140 470 2206 in
501 2138 856 2207 cathedrali
884 2138 1220 2229 privatim
1264 2138 1618 2206 celebranti
1659 2138 2091 2206 assistendum
2119 2134 2501 2227 (Gardellini

207 2269 275 2315 n.
341 2247 574 2334 1944).
634 2247 763 2314 Sed
807 2249 917 2334 jus
977 2247 1142 2313 illud
1187 2246 1445 2312 videtur
1496 2268 1571 2312 ex
1622 2245 2090 2312 consuetudine
2134 2242 2508 2333 particulari

204 2353 410 2420 fuisse
438 2352 785 2418 inductum
828 2352 898 2417 in
930 2349 1317 2419 Fossanensi
1354 2349 1646 2436 ecclesia,
1688 2356 1751 2419 et
1787 2355 2045 2441 propter
2086 2349 2268 2416 illam
2303 2346 2506 2437 parti-

208 2457 496 2528 cularem
540 2457 1080 2526 consuetudinem
1112 2457 1200 2525 ita
1244 2457 1442 2526 fuisse
1488 2456 1801 2526 decisum.
1839 2456 2025 2538 Quod
2055 2462 2273 2526 autem
2317 2453 2504 2523 titulo

212 2564 697 2634 consuetudinis
734 2564 934 2655 possit
963 2565 1087 2633 tale
1108 2566 1222 2654 jus
1250 2564 1571 2655 Episcopo
1600 2570 1986 2656 competere,
2026 2561 2249 2631 innuit
2277 2559 2502 2629 eadem

212 2691 385 2740 sacra
428 2671 856 2761 Congregatio
892 2670 964 2738 in
1011 2693 1209 2761 supra
1246 2672 1438 2739 citata
1470 2670 1793 2738 decisione
1838 2670 2099 2738 numeri
2142 2667 2344 2752 1727,
2385 2664 2504 2732 ubi

214 2776 300 2845 sic
339 2776 659 2846 declarat:
714 2804 749 2843 «
789 2778 871 2848 Et
915 2800 1050 2846 non
1089 2799 1272 2867 posse
1315 2777 1462 2864 cogi
1503 2777 1851 2843 canonicos
1894 2773 1976 2841 ad
2012 2770 2506 2839 inserviendum

212 2880 715 2971 Archiepiscopo
731 2884 816 2948 in
842 2884 1052 2950 missis
1078 2883 1368 2972 privatiS‚
1388 2892 1648 2969 praeter
1677 2876 2240 2947 consuetudinem.
2276 2900 2313 2939 >2

305 2985 419 3053 11ο
460 2984 732 3053 Certum
760 2990 854 3052 est
894 2991 1227 3075 praeterea,
1263 2989 1339 3050 ut
1365 2984 1541 3049 infra
1576 2984 2006 3061 stabiliemus,
2039 3002 2220 3071 posse
2252 2979 2510 3072 Episcoa

220 3112 375 3179 pum
396 3092 575 3183 apud
604 3114 672 3161 se
717 3092 1008 3160 detinere
1044 3092 1212 3159 duos
1238 3091 1319 3157 de
1348 3089 1656 3179 capitulo,
1701 3089 1814 3177 qui
1844 3089 1965 3157 sibi
2002 3087 2074 3155 in
2103 3089 2511 3156 administra-

221 3194 383 3265 tione
410 3197 839 3267 ecclesiastica
867 3196 1260 3265 auxilientur
1283 3202 1345 3264 et
1372 3202 1686 3287 perpetuo
1714 3196 2090 3263 inserviant.
2360 3219 2363 3220 ⁷

314 3302 416 3369 12ο
441 3303 760 3395 Episcopo
789 3302 1249 3394 pontificaliter
1275 3300 1628 3370 celebranti
1657 3301 1922 3368 missam
1949 3299 2242 3369 canonici
2273 3298 2511 3368 debent

231 3407 592 3480 ministrare
627 3418 870 3501 septem
908 3409 1234 3487 candelas,
1266 3407 1519 3477 etiamsi
1562 3408 1747 3475 aliter
1787 3413 2016 3475 statuta
2058 3407 2344 3476 ecclesias
2381 3406 2510 3472 dis-

232 3522 465 3604 ponant
494 3515 898 3607 (Gardellini‚
941 3538 1013 3584 n.
1046 3515 1226 3605 630).
1260 3516 1644 3584 Assistentes
1673 3514 1990 3603 Episcopo
2023 3514 2242 3581 sedere
2273 3512 2511 3578 debent

234 3618 298 3687 in
338 3623 626 3692 scabellis
666 3622 862 3689 nudis
912 3620 1318 3710 (Gardellini‚
1366 3643 1435 3688 n.
1488 3619 1669 3707 727).
1719 3619 1797 3685 ln
1846 3617 2239 3707 porrigendo
2285 3633 2513 3701 asper-

237 3724 391 3793 sorio
416 3733 480 3794 et
514 3726 967 3795 benedictione
1002 3724 1278 3806 incensi,
1322 3724 1606 3791 osculari
1636 3722 1872 3788 debent
1909 3741 2185 3787 manum
2210 3718 2512 3807 Episcopi

241 3825 325 3915 (n.
368 3831 591 3924 1455).
1798 3837 1801 3840 ’

323 3935 428 4005 130
450 3938 758 4008 Canonici
777 3939 849 4006 in
875 3934 1275 4007 confectione
1303 3955 1637 4004 sacrorum
1663 3932 1960 4002 oleorum
1986 3929 2256 4021 implere
2281 3927 2515 3998 debent

244 4058 580 4113 numerum
605 4044 949 4114 duodecim
980 4043 1533 4133 presbyterorum,
1568 4046 1889 4130 quatenus
1918 4038 2058 4106 sine
2096 4037 2249 4129 ipsis
2277 4057 2514 4106 nume-

243 4164 344 4215 rus
369 4152 692 4221 sufficiens
716 4173 848 4220 non
871 4149 1229 4242 reperiatur
1258 4148 1664 4239 (Gardellini‚
1698 4169 1765 4214 n.
1802 4145 1974 4235 161).

327 4255 430 4323 14⁰
456 4257 771 4327 Canonici
796 4257 1165 4334 accedentes
1191 4256 1264 4323 in
1286 4254 1518 4323 habitu
1545 4253 1870 4323 ordinario
1898 4253 1977 4322 ad
2001 4253 2289 4341 aliquam
2314 4242 2515 4347 eccle-

242 4357 421 4450 siam,
451 4366 532 4435 ad
578 4386 779 4455 quam
809 4362 1169 4453 Episcopus
1199 4360 1273 4428 in
1313 4360 1544 4428 habitu
1590 4362 1827 4452 pariter
1873 4359 2199 4432 ordinario
2240 4336 2509 4417 accedss’
