2930 4982
1159 315 1239 361 nn
1283 314 1612 363 cArtwus.
2409 308 2530 366 ¹83

250 432 448 500 venire
479 444 845 514 conantur,
879 445 945 501 et
979 433 1206 502 multa
1252 433 1728 525 impedimenta
1749 434 2159 525 proveniunt
2186 446 2251 504 et
2280 458 2535 526 maqna

242 539 525 629 pericula
558 539 920 608 imminent
944 541 1225 608 ecclesiis
1256 539 1576 619 viduatis,
1614 540 1994 625 statuimus,
2024 552 2103 608 ut
2129 563 2278 610 cum
2301 542 2535 610 electio

240 646 427 734 fuerit
455 645 890 733 celebranda,
920 647 1371 738 praesentibus
1391 646 1697 715 omnibus
1723 648 1836 737 qui
1861 646 2094 717 debent
2115 660 2180 716 et
2201 647 2443 717 volunt
2468 659 2536 716 et

235 763 495 840 possunt
549 751 899 821 commode
927 754 1261 838 interesse,
1304 764 1742 820 assumantur
1791 764 1917 820 tres
1956 752 2034 821 cle
2080 753 2362 843 colleqio
2399 751 2535 842 fide

245 855 427 945 diqni,
454 857 577 946 qui
596 871 847 926 secrete
866 871 931 924 et
953 858 1312 948 siqillatim
1339 870 1498 927 vota
1522 869 1915 925 cunctorum
1938 858 2291 949 diliqenter
2312 859 2537 950 exqui-

243 973 397 1043 rant,
421 972 485 1027 et
524 963 600 1030 in
629 963 901 1054 scriptis
930 962 1204 1032 redacta
1251 986 1409 1031 mox
1438 963 1796 1055 publicent
1831 964 1904 1033 in
1933 966 2269 1033 communi
2294 965 2534 1033 :nullo

238 1089 488 1157 prorsus
532 1070 1040 1161 appellationis
1077 1070 1424 1138 obstaculo
1477 1071 1821 1161 interjecto
1859 1096 1883 1138 .·
1933 1083 2010 1138 ut
2074 1071 2129 1138 is
2180 1071 2539 1140 collatione

241 1171 452 1240 habita
480 1173 826 1264 eliqatur‚
859 1177 929 1244 in
951 1200 1142 1267 quem
1162 1199 1409 1257 omnes,
1436 1177 1545 1244 vel
1574 1175 1794 1267 major
1818 1190 1880 1245 et
1903 1177 2133 1245 sanior
2148 1199 2315 1267 pars
2344 1178 2540 1267 capi-

241 1278 357 1346 tuli
370 1283 729 1351 consentit.
780 1284 897 1351 Vel
924 1283 1167 1351 saltem
1196 1282 1488 1373 eliqendi
1494 1295 1796 1375 potestas
1817 1283 2160 1373 aliquibus
2202 1282 2368 1351 viris
2397 1281 2539 1351 ido·

236 1384 353 1451 neis
396 1390 907 1475 committatur,
947 1390 1076 1479 „qui
1112 1391 1247 1457 vice
1282 1391 1589 1458 omnium
1631 1388 1923 1457 ecclesioe
1972 1389 2272 1457 viduatae
2301 1392 2535 1481 provi·

236 1489 415 1559 deant
462 1493 544 1561 cle
580 1509 891 1587 pastore.
943 1495 1167 1564 Aliter
1218 1496 1447 1564 electio
1487 1497 1677 1585 facta
1723 1519 1860 1564 non
1894 1495 2125 1563 valeat
2154 1520 2178 1562 .·
2208 1497 2344 1564 nisi
2364 1498 2538 1585 forte

237 1602 673 1669 communiter
718 1613 882 1670 esset
910 1602 993 1669 ab
1020 1602 1326 1670 omnibus
1363 1601 1560 1692 quasi
1587 1624 1717 1693 per
1744 1601 2253 1692 inspirationem
2296 1603 2541 1694 absque

237 1704 387 1772 vitio
416 1708 790 1776 celebrata.
818 1708 997 1799 (Lib.
1025 1730 1043 1774 ι
1067 1708 1510 1792 decretalium,
1542 1709 1636 1775 tit.
1664 1731 1760 1787 v1‚
1786 1712 1879 1775 De
1905 1707 2243 1789 electione,
2268 1730 2326 1777 c.
2360 1709 2537 1792 Ouia

225 1824 521 1902 propter,
560 1815 710 1902 42.)

314 1915 444 1985 Lex
471 1920 595 1987 illa
617 1921 999 2009 obligatoria
1026 1921 1295 2010 quidem
1333 1920 1457 1987 fuit
1500 1920 1570 1988 in
1598 1919 1914 1989 electione
1955 1920 2260 2013 Episcopi
2293 1944 2331 1988 a
2358 1922 2535 2012 capi-

235 2021 359 2089 tulo
391 2027 779 2107 cathedrali,
818 2033 879 2093 et
907 2027 1155 2117 praelati
1191 2048 1228 2092 a
1255 2025 1542 2116 capitulo
1570 2027 1929 2114 collegiali;
1963 2028 2243 2093 minime
2273 2048 2424 2094 vero
2466 2028 2535 2094 in

230 2126 657 2200 electionibus
679 2133 957 2201 aliarum
982 2133 1409 2222 dignitatum,
1455 2132 1955 2199 canonicatuum
1982 2138 2046 2198 et
2067 2132 2537 2200 beneficiorum

220 2231 787 2320 inferiorum,·vel
834 2239 903 2304 in
934 2238 1445 2304 resolutionibus
1475 2237 1967 2324 capitularibus.
2002 2236 2536 2321 <Scart3ntonius,

221 2345 394 2406 tom.
435 2340 522 2424 ll,
554 2367 624 2434 p.
663 2345 819 2426 144,
853 2366 921 2411 n.
951 2344 1065 2425 24,
1100 2343 1295 2410 editio
1321 2343 1520 2409 Lucae
1545 2391 1563 2426 ‚
1601 2341 1828 2430 1723.)

320 2445 395 2513 2.
436 2445 627 2517 Unde
666 2449 874 2517 forma
904 2448 1242 2517 emittendi
1265 2447 1558 2537 suffragii
1588 2450 1655 2517 in
1686 2449 1996 2541 capitulis
2028 2449 2309 2541 (excepta
2341 2457 2541 2518 mate-

233 2552 326 2619 ria
349 2552 435 2619 de
463 2556 688 2643 quain
712 2555 918 2643 capite
947 2555 1138 2622 citato
1170 2554 1342 2635 Quia
1355 2556 1660 2644 propter)
1688 2578 1821 2624 non
1853 2563 2004 2624 esta
2024 2559 2174 2646 jure
2200 2556 2537 2626 communi

239 2656 694 2745 determinata;
724 2660 832 2727 sed
865 2659 1100 2749 pendet
1126 2682 1162 2726 a
1187 2660 1504 2748 localibus
1534 2662 1786 2729 statutis
1830 2670 1891 2730 et
1919 2662 2528 2730 consuetudinibus.

321 2760 497 2841 Quid
539 2786 694 2832 vero
738 2787 864 2832 usu
897 2765 1315 2854 frequentiori
1347 2772 1724 2856 usurpetur,
1756 2775 1819 2834 et
1852 2768 2006 2856 quid
2040 2769 2119 2834 de
2141 2770 2291 2856 jure
2320 2768 2538 2835 obser·

248 2868 527 2936 vandum
556 2870 640 2936 sit
666 2876 857 2960 prout
882 2870 995 2937 tali
1017 2871 1120 2937 vel
1152 2871 1264 2937 tali
1292 2871 1490 2939 modo
1522 2873 1912 2960 proceditur,
1947 2872 2058 2937 hic
2081 2861 2537 2959 exponendum

249 2971 574 3044 duximus,

325 3080 389 3151 3.
434 3109 475 3146 «
503 3081 578 3149 In
609 3080 1007 3150 resolvendis
1042 3083 1319 3169 negotiis
1353 3080 1458 3146 vel
1485 3079 1910 3148 decernendis
1944 3082 2135 3149 rebus
2160 3081 2538 3172 pertinenti-

262 3186 434 3277 «bus
467 3188 548 3255 ad
592 3187 983 3277 capitulum,
1024 3186 1375 3275 aliquando
1418 3206 1608 3252 voces
1637 3185 2065 3275 porriguntur
2103 3208 2216 3277 per
2270 3190 2532 3267 secreta,

264 3292 661 3382 «aliquando
707 3315 821 3383 per
858 3298 1077 3382 aperta
1112 3292 1443 3382 suflragia.
1495 3315 1527 3355 »
1585 3290 2058 3381 (CeccoperiuS‚
2091 3293 2137 3360 l.
2193 3314 2282 3380 w,
2318 3292 2417 3359 tit.
2463 3314 2529 3376 v,

260 3416 315 3462 n.
343 3397 491 3485 30.)

334 3506 400 3572 4.
437 3502 613 3570 Dum
637 3512 779 3574 vota
805 3506 1221 3596 proferuntur
1248 3508 1492 3597 palam,
1522 3506 1646 3575 hoc
1679 3511 1797 3589 est,
1828 3506 1973 3573 viva
2007 3529 2183 3589 voce,
2218 3527 2291 3574 ac
2321 3509 2537 3595 aperte

259 3609 523 3697 quisque
553 3608 713 3675 dicit
737 3631 933 3675 suum
962 3632 1253 3696 sensum,
1280 3611 1633 3677 attenditur
1667 3633 1794 3677 non
1822 3611 2038 3677 solum
2079 3612 2157 3677 ad
2193 3611 2534 3696 majorem,

263 3713 359 3780 sed
407 3712 604 3780 etiam
645 3712 727 3781 ad
777 3714 1104 3780 saniorem
1141 3719 1413 3800 partem.
1473 3714 1664 3779 Tunc
1701 3714 1943 3780 scilicet
1988 3713 2210 3778 omnia
2236 3716 2380 3778 vota
2409 3730 2540 3776 non

266 3825 599 3885 censentur
628 3818 868 3886 habere
910 3816 1205 3885 eamdem
1238 3816 1392 3882 vim.
1434 3841 1469 3880 «
1496 3814 1786 3895 Quatuor
1813 3815 2091 3881 reddunt
2119 3814 2539 3904 potentiorem

276 3950 302 3988 ι(
336 3923 562 3993 vocem
592 3925 791 3993 unius
818 3923 1189 4015 capitularis
1212 3944 1412 4012 quam
1438 3920 1705 3991 alterius
1727 3946 1742 3987 ε
1764 3920 2022 4004 Prim0,
2046 3922 2254 4010 major
2267 3921 2540 3989 auctori·

277 4055 304 4093 «
332 4036 448 4115 tas,
482 4039 556 4099 ut
574 4034 628 4099 si
648 4031 1001 4099 canonicus
1025 4035 1188 4098 esset
1210 4031 1402 4099 etiam
1429 4030 1809 4121 Episcopus.
1844 4028 2173 4108 Secundo,
2202 4028 2256 4097 si
2286 4034 2543 4097 senten·

274 4164 303 4196 «
333 4138 486 4206 tiam
521 4138 845 4227 proferens
874 4142 1035 4204 esset
1063 4137 1274 4227 prima
1297 4138 1649 4226 collegiatae
1665 4136 1947 4225 dignitas
1975 4140 2036 4202 et
2054 4143 2264 4227 caput.
2297 4135 2538 4216 Tertio,

277 4269 307 4304 «
335 4244 745 4333 ponderosior
806 4251 1104 4314 censetur
1174 4239 1292 4310 vox
1345 4245 1640 4312 canonici
1688 4244 1969 4329 litterati,
2015 4245 2113 4311 vel
2158 4239 2544 4344 antiquioris

283 4373 311 4410 «
335 4351 415 4418 ob
437 4352 580 4440 ejus
611 4350 1094 4442 experientiam.
1140 4350 1417 4434 Quarto,
1451 4350 2031 4438 quemadmodum,
2052 4355 2345 4432 utsupra
2371 4339 2544 4400 dixi-
