2930 4982
1172 348 1249 392 DE
1288 347 1617 395 capimus.
2425 344 2545 398 287

300 492 305 497 ·
341 465 410 531 2⁰
453 464 890 553 Assignantur
929 471 1238 555 praeterea
1264 465 1505 535 limites
1539 487 1656 557 pro
1690 484 2081 556 unaquaque
2112 469 2313 538 officii
2343 480 2542 561 parte.

260 570 380 653 Qui
404 570 722 659 assignata
743 577 1037 662 tempora
1061 593 1194 640 non
1219 578 1430 642 servat
1464 573 1706 662 absque
1729 573 1900 662 justa
1938 594 2153 659 causa,
2188 576 2299 644 sed
2325 582 2547 648 tamen

260 682 460 745 totum
481 676 774 745 officium
791 676 1074 746 *absolvit
1097 699 1134 746 a
1155 678 1370 747 media
1397 679 1688 748 noctead
1716 679 1996 746 mediam
2012 686 2294 765 noctem,
2324 689 2550 773 peccat

259 780 617 850 venialiter:
649 782 705 850 si
731 795 805 850 ex
832 781 1202 851 rationabili
1224 805 1417 854 causa
1442 805 1576 853 non
1607 791 1841 864 servet,
1866 784 2049 852 nullo
2075 787 2267 856 modo
2298 795 2540 879 peccat.

332 886 403 956 3⁰
429 886 770 956 Celebrare'
790 889 1062 957 missam:
1083 894 1232 968 ante
1257 888 1605 960 recitatum
1627 889 2033 958 matutinum
2053 897 2147 960 est
2172 897 2422 961 tantum
2442 915 2547 963 ve—

250 991 414 1061 niale
441 994 500 1061 si
541 993 824 1063 fiatsine
857 995 1077 1064 causa.
1117 996 1215 1064 *lta
1243 996 1653 1086 probabilius
1682 1002 1746 1064 et
1774 998 2203 1068 communius
2232 999 2539 1069 doctores.

255 1098 331 1190 (S.
369 1099 752 1189 Liguorius‚
793 1100 840 1168 l.
893 1123 983 1187 w,
1011 1124 1072 1169 c.
1102 1101 1276 1186 Qu.
1321 1101 1501 1192 171.)
1531 1100 1603 1171 Si
1627 1122 1778 1170 vero
1805 1100 1917 1170 fiat
1944 1122 2016 1170 ex
2046 1123 2240 1173 causa
2270 1106 2550 1174 rationa-

251 1206 557 1295 bilisnon
592 1213 686 1275 est
707 1206 1060 1297 culpabile.
1135 1255 1162 1264 «.
1207 1253 1210 1260 >
1267 1237 1276 1266 κ

327 1314 404 1380 40
452 1312 739 1404 Tempus
773 1312 1149 1402 legitimum
1178 1335 1309 1403 pro·
1342 1334 1743 1403 unaquaque
1765 1313 1926 1381 hora
1952 1337 1968 1382 ε
1995 1351 2088 1366 -
2116 1314 2308 1386 Horoe
2332 1337 2544 1407 parvae

166 1498 172 1506 ¹
245 1418 419 1487 licite
460 1418 813 1486 recitantur
862 1440 901 1485 a
946 1423 1244 1508 tempore
1273 1439 1527 1487 aurorae
1557 1439 1771 1507 usque
1818 1417 1903 1486 ad
1938 1418 2305 1489 meridiem.
2362 1420 2546 1490 Nona

245 1531 453 1615 potest
476 1524 607 1593 dici
633 1526 826 1592 etiam
846 1529 988 1616 post
1007 1524 1383 1609 meridiem3
1411 1525 1549 1594 imo
1565 1526 1765 1593 etiam
1783 1529 1986 1608 sexta,
2016 1530 2090 1592 ut
2112 1530 2334 1595 tenent
2356 1529 2551 1596 multi

244 1635 564 1700 auctores.
608 1629 911 1721 Vesperae
966 1630 1098 1740 dici
1151 1637 1422 1721 possunt
1470 1653 1511 1700 a
1550 1630 1824 1700 meridie
1863 1651 2072 1721 usque
2124 1632 2206 1700 ad
2260 1632 2545 1702 mediam

241 1737 523 1807 noctem.
1816 1761 1821 1768 ·

326 1843 403 1912 5⁰
452 1869 485 1909 «
511 1841 915 1911 Matutinum
944 1841 1137 1910 hodie
1171 1863 1265 1910 ex
1301 1840 1779 1909 consuetudine
1799 1843 1942 1931 jam
1972 1845 2347 1936 praescripta
2376 1845 2542 1916 bene

246 1970 276 2011 ι(
315 1949 535 2037 potest
551 1937 840 2013 recitari
855 1945 1022 2012 lzora
1058 1966 1497 2035 vespoeaoeum
1490 1944 1642 2010 diei
1663 1945 2121 2014 antecedenti&
2151 1970 2187 2010 »
2220 1946 2313 2015 lta
2339 1946 2406 2015 S.
2437 1948 2545 2016 Li-

235 2050 555 2140 guorius·
535 2095 555 2117 ·.
588 2056 662 2118 et·
697 2056 963 2126 ⁴certum
1011 2054 1107 2117 est
1135 2048 1357 2138 quoad
1408 2046 1858 2116 recitationem
1889 2048 2230 2140 privatam.
2264 2051 2359 2121 De
2378 2053 2546 2123 reci-

235 2157 478 2225 tatione
506 2156 580 2222 in
608 2155 808 2224 choro
838 2155 1089 2224 dicetur
1111 2154 1304 2223 infra.
1379 2199 1382 2208 ›
1476 2191 1485 2214 τ

249 2303 252 2308 -
325 2261 397 2327 6⁰
440 2260 574 2328 Sed
607 2260 877 2347 quaestio
916 2265 1031 2339 est,
1076 2259 1415 2347 quomodo
1445 2247 1867 2345 intelligenda
1892 2258 1975 2324 sit
2011 2257 2123 2326 illa
2148 2259 2309 2329 hora
2329 2283 2550 2354 vespe·

226 2385 491 2432 rarum.
524 2402 618 2416 —-
641 2363 897 2454 Duplex
923 2364 1276 2432 sententia.
1321 2363 1541 2444 Prior.
1567 2362 2282 2454 probabilissimadicta
2311 2390 2347 2436 a
2384 2369 2544 2439 ‘Sal-

227 2470 781 2560 manticensibus,
804 2469 1110 2562 intelligit
1129 2472 1360 2540 horam
1372 2491 1789 2563 vesperarum
1803 2494 1935 2541 esse
1946 2472 2175 2542 horam
2194 2478 2542 2548 secundam

230 2584 377 2669 post
414 2578 787 2646 meridiem.
850 2577 1144 2647 Secunda
1183 2579 1531 2663 sententia,
1575 2580 1682 2646 cui
1731 2579 2015 2648 adbaeret
2041 2579 2107 2648 S.
2150 2580 2537 2673 Lignorum,

230 2685 532 2774 intelligit
555 2684 740 2752 illam
771 2684 1010 2763 horam?
1030 2707 1176 2776 quae
1206 2686 1473 2778 propior
1498 2685 1583 2754 sit
1614 2685 1694 2753 ad
1723 2707 2025 2755 occasum
2052 2689 2204 2756 solis
2233 2713 2435 2778 quam
2460 2695 2543 2760 ad

226 2791 578 2860 meridiem
601 2815 619 2871 3
653 2812 802 2880 quae
822 2792 983 2860 hora
1012 2795 1216 2861 variat
1238 2815 1355 2884 pro
1378 2793 1577 2860 variis
1610 2793 1770 2859 anni
1794 2793 2228 2882 temporibus.
2263 2793 2345 2860 Et
2362 2796 2545 2881 juxta

223 2901 414 2969 hanc
429 2897 737 2963 ultimam
759 2898 1142 2964 sententiam
1166 2898 1534 2964 confectum
1555 2900 1653 2961 est
1668 2895 2121 2962 Directorium
2136 2899 2544 2981 Romanum,

227 3025 351 3074 seu
401 3002 638 3071 tabella
687 3002 986 3070 indicans
1015 3023 1146 3091 qua
1189 3002 1354 3070 hora
1392 3000 1690 3089 quolibet
1739 3000 1899 3067 anni
1933 3007 2227 3092 tempore
2252 3003 2545 3073 inchoari

230 3110 435 3201 possit
484 3109 913 3177 matutinum.
972 3107 1189 3188 Quam
1226 3106 1535 3175 tabellam
1589 3106 1865 3196 quisque
1908 3113 2050 3177 tuto
2079 3109 2261 3198 sequi
2312 3118 2535 3251 potest.

236 3217 432 3307 (Vide
455 3217 522 3286 S.
553 3217 976 3306 Liguorium‚
1005 3215 1050 3283 l.
1085 3238 1178 3304 ιν,
1208 3237 1268 3283 o.
1295 3215 1366 3298 2,
1392 3236 1459 3282 n.
1503 3213 1653 3282 174.
1661 3212 1686 3303 )

269 3323 393 3387 -07
438 3324 550 3390 An
599 3324 792 3390 etiarn
836 3320 909 3388 in
939 3321 1139 3390 choro
1179 3321 1391 3413 possit
1414 3320 1625 3411 pridie
1660 3320 1920 3389 recitari
1947 3320 2352 3392 matutinum
2377 3343 2533 3392 cum

231 3428 587 3497 laudibus?
614 3428 708 3496 De
735 3429 857 3496 bac
895 3428 1246 3518 quaestione
1278 3429 1368 3496 ita
1397 3427 1657 3496 disserit
1688 3426 2077 3498 Benedictus
2106 3427 2262 3498 XIV
2296 3431 2371 3498 in
2402 3430 2538 3499 suis

243 3535 795 3603 [restitutionibus
820 3535 1272 3602 ecclesiasticis
1303 3533 1534 3623 (instit.
1570 3534 1725 3617 107,
1761 3534 1804 3621 ἓ
1825 3535 1891 3621 4,
1920 3558 1990 3602 n.
2027 3534 2140 3623 22)
2168 3558 2184 3601 2
2225 3558 2257 3599 «
2277 3533 2369 3602 At
2389 3555 2544 3602 vero

248 3666 282 3705 «
308 3642 389 3709 de
418 3643 739 3710 matutino
763 3645 825 3706 et
844 3640 1144 3706 laudibus
1178 3660 1340 3726 quas
1372 3640 1443 3705 in
1475 3639 1675 3706 choro
1697 3639 2055 3726 persolvere
2080 3638 2321 3705 debent
2349 3659 2540 3707 cano-

247 3770 279 3811 «
309 3746 444 3818 nici
473 3746 953 3816 cathedralibus
991 3765 1106 3812 seu
1148 3740 1597 3830 collegialibus
1646 3743 1951 3829 cooptati,
1988 3743 2131 3807 haec
2162 3745 2539 3814 statuuntur

251 3877 283 3916 «
314 3852 386 3920 in
412 3852 819 3922 Clementina
850 3850 970 3943 (tit.
1020 3847 1115 3918 De
1159 3845 1589 3916 celebratione
1617 3845 1992 3935 missarum)
2031 3868 2046 3911 ε
2076 3845 2438 3916 Sancz‘mus
2462 3866 2538 3922 ut

245 3963 288 4023 ἱ(
321 3959 376 4026 iz·
419 3959 512 4028 ad
551 3981 711 4050 quos
742 3958 1069 4050 pertinet,
1097 3955 1291 4024 omni
1320 3953 1745 4048 neqlzfqentz'a
1774 3975 1854 4021 ac
1904 3952 2174 4021 incuria
2213 3955 2530 4046 releqata,

253 4088 287 4127 (ι
321 4077 393 4132 ut
421 4066 498 4133 in
524 4064 1035 4145 cathedralibuS,
1066 4062 1485 4154 reqularibus
1513 4074 1577 4129 et
1606 4059 1978 4152 colleqiatis
2008 4061 2319 4144 ecclesiia,
2349 4062 2533 4135 horis

257 4193 291 4233 «
317 4169 551 4239 debitis
585 4171 966 4262 psallatur,
1020 4169 1383 4238 sollicitam
1427 4178 1661 4236 curent
1711 4165 2147 4257 diliqentiam
2195 4166 2530 4237 adhibere.

253 4299 289 4339 α
319 4273 512 4346 Porro
557 4276 726 4344 illud
755 4276 1170 4345 verissimum
1206 4273 1501 4365 estquod
1549 4272 1614 4343 S.
1645 4272 1908 4343 Carolus
1934 4275 2348 4344 Borromaeus
2379 4269 2541 4335 scri-

255 4404 291 4444 «
318 4386 498 4472 ptum
523 4383 784 4473 reliquit
809 4382 888 4451 de
917 4380 1224 4450 matutini
1250 4386 1540 4472 tempore
1570 4380 1788 4471 (Cone.
1815 4403 1862 4463 1,
1896 4380 2189 4456 Mediol„
2214 4378 2392 4472 parte
2415 4367 2482 4449 2)
2513 4382 2532 4425 ²

2530 4612 2567 4627 A

2380 4678 2463 4867 l
