2930 4982
1223 302 1299 346 οε
1338 302 1670 349 carnum&
2513 298 2591 354 59

315 450 346 488 (ι
376 422 650 509 obsequi
697 421 1054 502 canonicis,
1113 443 1233 490 nec
1279 424 1371 490 eis
1423 423 1768 513 parificari.
1831 452 1863 488 »
1926 426 2164 516 (Petra,
2215 429 2281 495 in
2326 450 2344 495 ι
2387 435 2588 496 const.

307 528 368 599 S.
398 528 638 595 Leonis
680 526 923 616 Magni,
962 534 1113 596 sect.
1153 528 1226 609 2,
1258 551 1324 595 n.
1366 531 1476 616 11,
1508 535 1666 597 tom.
1702 529 1780 620 l.)

397 633 627 701 «Rota
675 634 906 723 saepius
956 634 1358 725 approbavit,
1421 635 1618 702 etiam
1676 637 1754 703 de
1796 639 1944 726 jure
2002 639 2366 721 communi,
2419 640 2590 728 quod

312 739 745 829 «capitulum
794 742 1192 809 constituunt
1235 742 1355 809 soli
1393 742 1725 828 canonici,
1767 751 1828 810 et
1871 766 2000 812 non
2036 747 2497 836 portionarii...
2530 753 2591 813 ct

310 880 341 920 «
369 853 544 920 hanc
584 852 961 942 opinionem
1000 856 1292 923 doctores
1332 859 1777 924 communiter
1824 867 2199 947 sequuntur.
2246 860 2593 928 Limitatnr

311 960 812 1028 «communiter
862 968 935 1028 ut
987 984 1121 1029 non
1175 963 1475 1052 procedat
1525 964 1640 1030 ubi
1691 970 1923 1031 statuto
1983 965 2085 1032 vel
2132 969 2591 1034 consuetudine

308 1067 562 1134 «aliter
615 1072 902 1151 cavetur,
958 1068 1202 1136 scilicet
1250 1070 1677 1159 portionarios
1726 1090 1861 1137 esse
1902 1070 1982 1136 de
2029 1069 2334 1160 capitulo.
2398 1069 2593 1137 Prout

308 1197 342 1238 «
371 1173 564 1238 etiam
613 1172 880 1260 dicitur,
929 1176 1102 1264 quod
1145 1175 1294 1242 licet
1332 1176 1614 1242 decanus
1652 1181 1714 1242 et
1753 1175 1894 1242 alia}
1934 1175 2277 1265 dignitates
2307 1198 2434 1244 non
2466 1178 2593 1243 sint

311 1304 347 1342 (ι
380 1278 461 1346 de
493 1278 796 1367 capitum,
831 1286 1047 1348 tamen
1089 1303 1272 1349 secus
1309 1281 1426 1348 ubi
1457 1285 1767 1348 statutum
1817 1282 1917 1348 vel
1966 1283 2364 1349 consuetudo
2392 1284 2589 1349 eccle-

312 1412 347 1453 «
377 1387 482 1453 siae
510 1387 796 1475 disponit
839 1389 1015 1476 quod
1061 1393 1446 1454 censeantur
1478 1410 1613 1454 esse
1653 1385 1732 1453 de
1780 1387 2088 1477 capitulo.
2133 1411 2168 1449 >w
2201 1385 2293 1454 lta
2330 1387 2588 1454 Rubeus

301 1488 699 1580 (Singularia
724 1513 797 1557 ex
826 1490 998 1560 Rotae
1022 1492 1488 1574 decisionibuS,
1516 1490 1592 1558 T.
1620 1490 1699 1574 11,
1725 1514 1792 1580 p.
1818 1491 1929 1575 29,
1955 1491 2106 1559 edit.
2142 1490 2330 1559 Rom.
2367 1490 2589 1581 1637),

297 1597 411 1684 qui
442 1594 667 1662 multis
697 1596 1189 1686 allegationibus
1215 1598 1354 1665 haec
1380 1603 1614 1664 asserta
1642 1596 1892 1686 probat.

387 1702 528 1771 Vll.
590 1702 689 1772 Ex
733 1705 1081 1794 praemissis
1132 1704 1658 1771 concludendum
1712 1709 1832 1787 est,
1887 1707 2126 1772 attento
2178 1703 2391 1793 rigore
2424 1705 2593 1793 juris

304 1815 675 1881 communis
705 1812 1046 1902 dignitates
1096 1832 1226 1877 non
1266 1810 1474 1897 magis
1513 1832 1648 1877 esse
1692 1810 1770 1876 de
1800 1810 2108 1899 capitulo,
2154 1832 2351 1898 quam
2393 1810 2592 1876 bene-

296 1915 564 2002 ficiatos,
608 1919 971 2010 capellanos
1017 1923 1080 1982 et
1117 1917 1584 2006 portionarios3
1640 1923 1946 2007 utrosque
1980 1923 2200 1984 tamen
2244 1940 2318 1984 ex
2362 1922 2593 1983 statuto

294 2027 355 2087 et
393 2025 868 2092 consuetudine
928 2042 1111 2111 posse
1158 2042 1290 2087 esse
1332 2021 1410 2087 de
1452 2021 1756 2110 capitulo.
1797 2021 1907 2089 Est
1957 2029 2201 2105 tamen,
2248 2024 2594 2112 dignitates

298 2127 472 2195 inter
517 2137 583 2198 et
629 2138 890 2197 caeteros
940 2127 1167 2208 dictos,
1225 2148 1546 2214 magnum
1599 2126 1973 2193 discrimen.
2029 2127 2198 2194 Nam
2251 2129 2592 2215 dignitates

291 2233 513 2301 solent
555 2257 631 2299 ex
677 2240 910 2300 statuto
959 2233 1064 2296 vel
1099 2232 1570 2297 consuetudine
1621 2252 1755 2295 esse
1798 2232 1876 2295 de
1921 2231 2238 2317 capitulo;
2283 2232 2369 2295 ita
2411 2238 2483 2295 ut
2525 2232 2591 2297 in

293 2335 518 2417 ltalia,
555 2341 822 2403 testante
861 2334 1172 2401 cardinali
1210 2331 1421 2419 Petra,
1457 2334 1519 2399 id
1563 2333 1943 2421 regulariter
1988 2334 2206 2401 locum
2245 2334 2493 2414 habeat,
2535 2346 2595 2404 et

292 2442 370 2509 in
421 2442 567 2509 aliis
610 2441 989 2531 regionibus
1018 2440 1408 2529 frequenter.
1454 2440 1541 2507 At
1589 2445 1811 2508 contra
1848 2441 2255 2510 rarissimum
2293 2447 2386 2509 est
2418 2449 2491 2510 ut
2517 2466 2590 2510 ex

294 2552 560 2630 statuto,
601 2548 706 2614 vel
753 2548 1151 2615 sufficienter
1200 2548 1467 2637 probata
1519 2549 2010 2632 consuetudine,
2059 2550 2138 2616 ad
2175 2556 2436 2617 caetcros
2484 2573 2591 2616 sn·

296 2654 624 2742 pradictos
658 2655 1021 2742 pertineant
1035 2655 1188 2741 jura
1217 2654 1602 2721 canonialia.
1636 2654 1996 2743 Dignitates
2024 2655 2290 2743 quidem
2332 2654 2586 2721 admitti

303 2758 370 2825 in
399 2760 729 2848 gremium
770 2759 1035 2849 capituli
1072 2760 1251 2826 decet
1305 2760 1516 2846 valde,
1560 2766 1622 2826 et
1664 2761 2101 2826 honorificum
2142 2764 2236 2826 est
2276 2759 2585 2844 capitnlO,

306 2865 546 2932 nedum
578 2868 868 2933 noxium.
920 2864 1177 2932 Caeteris
1206 2871 1450 2947 autem,
1485 2887 1641 2931 cuin
1690 2866 1818 2939 sint
1869 2865 2202 2930 canonicis
2231 2862 2586 2943 inferioreS‚

305 2970 355 3035 si
390 2972 828 3039 concedantur
870 2972 1092 3037 omnia
1132 2974 1282 3059 jura
1310 2969 1704 3051 canonialia,
1750 2970 1837 3034 ita
1863 2975 1936 3034 ut
1958 2968 2036 3034 de
2061 2967 2339 3057 capitulo
2365 2966 2589 3034 haberi

306 3076 600 3156 debeant,
652 3083 745 3143 est
784 3076 1051 3165 quidem
1102 3074 1546 3141 honorificum
1589 3080 1651 3139 et
1678 3073 2046 3163 proficuum
2092 3076 2271 3164 ipsiS,
2319 3096 2448 3140 non
2481 3095 2588 3139 ca-

309 3173 508 3260 pitulo
533 3202 549 3260 ;
580 3195 735 3241 nam
764 3196 841 3240 ex
870 3173 981 3239 illa
1006 3173 1367 3240 accessione
1397 3172 1620 3258 aliquo
1646 3171 1838 3239 modo
1863 3171 2222 3261 capitulum
2253 3169 2583 3238 decrescit.

1247 3450 1642 3534 CAPUTII

988 3639 1063 3680 DE
1103 3637 1335 3682 DUPLICI
1383 3638 1654 3681 CAPITULI
1705 3639 1911 3680 CAPITE

290 3827 307 3844 ‘
394 3809 443 3876 l.
477 3808 759 3898 Capituli
786 3807 1151 3898 cujuslibet
1187 3810 1381 3895 caput
1431 3803 1668 3893 duplex
1710 3807 1827 3877 est,
1863 3801 2494 3892 nempe·‘principale
2529 3811 2591 3870 et

311 3914 666 3981 numerale.
704 3912 1088 4004 Principale
1118 3918 1210 3979 est
1236 3910 1615 4001 EpiscopuS‚
1650 3907 1783 3975 sive
1812 3907 1979 3973 alius
2009 3906 2308 3997 praelatus
2345 3908 2589 3978 habens

310 4021 704 4088 territorium
743 4029 801 4090 et
832 4021 1352 4111 jurisdictionem
1390 4016 1571 4106 quasi
1611 4014 2065 4104 episcopalem.
2103 4015 2462 4083 Nzcmerale
2497 4023 2591 4082 est

312 4127 564 4214 primus
606 4127 677 4192 in
719 4149 992 4193 numero
1035 4127 1166 4192 sive
1199 4126 1268 4191 in
1299 4124 1528 4190 ordine
1562 4143 1786 4194 eorum
1840 4120 2079 4210 quibus
2124 4128 2369 4189 constat
2414 4122 2591 4210 capi-

312 4232 544 4300 tulum.
581 4232 798 4323 (Apud
830 4231 1383 4312 Scarfantonium,
1411 4228 1529 4294 lib.
1566 4227 1679 4310 IV,
1714 4231 1813 4296 tit.
1854 4252 1897 4311 1,
1933 4253 1999 4296 n.
2038 4230 2133 4317 8.)

395 4336 490 4405 Ex
518 4362 592 4406 eo
631 4345 845 4405 tamen
876 4339 1050 4427 quod
1088 4337 1325 4427 duplex
1362 4339 1551 4423 caput
1580 4334 1810 4400 habeat
1856 4335 2239 4424 capitulum,
2282 4339 2588 4413 tanquam
