2930 4982
393 348 522 403 5⁴4
1366 356 1711 403 raacuws

387 476 635 545 fortiori
666 474 1013 543 dicendum
1048 473 1125 541 de
1144 478 1292 542 voto
1324 475 1532 566 ipsius
1555 475 1761 544 electi.
1789 474 1862 542 ln
1894 476 2031 565 ipso
2047 475 2313 564 quidem
2340 481 2489 544 actu
2518 480 2688 570 capi-

389 583 616 651 tularis
645 581 977 650 electionis
1020 586 1271 671 poterat
1312 582 1421 650 ille
1472 581 1569 673 (ut
1595 604 1790 673 supra
1837 581 2282 673 probavimus)
2314 605 2514 651 suum
2562 587 2685 654 sibi

388 689 774 776 suffragium
810 687 1066 770 addere,
1112 688 1179 755 id
1208 693 1326 775 est,
1373 688 1695 755 medietati
1742 689 1962 778 ipsum
1999 688 2262 778 eligenti
2292 693 2680 776 consentire,

386 801 447 863 et
473 797 565 863 sic
598 794 1037 886 pluralitatem
1071 800 1370 863 votorum
1404 795 1527 862 sibi
1555 795 1868 863 obtinere.
1912 795 1998 862 At
2028 817 2178 863 vero
2221 801 2397 864 extra
2425 799 2683 888 capitu-

383 904 524 970 lum
553 904 792 970 frustra
827 902 891 968 id
916 907 1209 986 tentaret,
1232 924 1386 971 cum
1420 903 1501 971 sit
1526 903 1708 971 nulla
1734 908 1797 972 et
1817 902 2000 971 irrita
2023 903 2245 971 electio
2266 904 2433 972 facta
2452 927 2490 972 a
2514 906 2684 996 capi-

383 1008 710 1077 tularibus
735 1007 840 1075 uti
860 1008 1168 1098 sinqulis.

1483 1158 1598 1236 §a

386 1317 460 1357 AN
518 1316 695 1355 mmm
751 1316 959 1353 EVADAT
1006 1313 1227 1353 ELECTIO
1281 1315 1329 1353 Sl
1352 1316 1475 1360 QUIS
1528 1315 1761 1354 lDONEUS
1815 1316 2076 1355 REJECTL'S
2129 1316 2324 1356 FUERIT
2367 1316 2401 1354 A
2461 1316 2676 1355 NCMERO

1310 1410 1761 1449 CONCL’RRENTIUM

472 1573 860 1661 Continget-c
889 1576 1099 1663 posset
1123 1578 1195 1638 ut
1219 1570 1604 1662 capitulares
1630 1571 1798 1638 inter
1820 1593 1952 1638 sese
1977 1576 2326 1638 statuerent
2346 1573 2673 1641 excludere

383 1682 576 1749 talem
607 1681 702 1747 vel
736 1679 953 1761 talem,
989 1679 1377 1766 caeteroq'uin
1411 1679 1745 1744 idoneum.
1778 1677 1965 1757 Quod
1993 1678 2041 1745 si
2066 1679 2337 1761 accidat,
2367 1680 2670 1768 quan-itur

381 1810 463 1856 an
490 1788 694 1853 valeat
729 1785 956 1852 electio
987 1785 1213 1850 vicarii
1244 1782 1620 1873 capitularis
1643 1787 1675 1849 ‘2
1714 1810 1744 1847 (ι
1798 1782 2176 1873 Respondeo
2227 1787 2548 1874 negative,
2582 1785 2673 1853 ait

386 1921 421 1959 a
460 1892 855 1981 Pignatellus
901 1889 969 1981 (t.
1010 1889 1126 1969 Vl,
1162 1911 1339 1957 cons.
1378 1889 1534 1978 92);
1583 1889 1734 1978 quia
1779 1889 2056 1978 quilibet
2104 1891 2378 1959 idoneus
2407 1894 2486 1960 de
2527 1895 2676 1981 jure

388 2028 421 2065 a
458 2005 662 2090 potest
715 1999 894 2087 eligi,
930 2003 1121 2086 atquc
1151 1998 1307 2064 adeo
1338 2019 1471 2064 non
1500 2001 1705 2086 potest
1749 2017 1787 2063 a
1833 2018 2152 2064 concursu
2198 2000 2429 2089 repelli
2465 2000 2670 2091 (Rota,

385 2132 420 2170 «
456 2107 647 2173 deciS.
685 2106 795 2188 65,
829 2128 896 2171 n.
946 2104 1011 2183 6,
1047 2110 1225 2194 parte
1267 2104 1326 2187 1,
1380 2101 1567 2192 rec.).
1606 2103 1979 2192 Eademque
2009 2105 2255 2171 ratione
2289 2128 2424 2172 non
2473 2112 2673 2197 potest

383 2237 417 2276 ι(
455 2211 810 2301 Episcopus
863 2211 1173 2301 repellere
1215 2217 1711 2278 concurrentem
1765 2208 1843 2276 ad
1891 2210 2352 2299 parochialem.
2393 2211 2673 2303 Rejectio

386 2343 420 2382 ε(
459 2320 637 2384 enim
696 2316 908 2383 idonei
945 2315 1081 2381 vim
1121 2313 1313 2381 habet
1362 2313 1744 2380 voluntariae
1805 2314 2250 2381 coarctationis
2290 2315 2370 2382 ad
2422 2323 2670 2384 certum

384 2449 417 2487 «
457 2444 809 2489 numerum
847 2421 1339 2510 eligendorum3
1375 2442 1521 2510 quae
1563 2442 1694 2487 non
1733 2419 2128 2512 permittitur
2169 2420 2557 2489 electoribus
2604 2425 2671 2491 in

383 2554 415 2592 «
451 2531 907 2619 praejudicium
938 2530 1264 2613 aliorum3
1324 2529 1668 2616 solumque
1709 2527 2161 2595 coarctationes
2199 2530 2671 2619 permittuntur

381 2660 413 2700 «
455 2638 596 2724 post
650 2634 892 2700 sactum
946 2634 1379 2720 scrutinium,
1435 2635 1797 2701 dummodo
1865 2656 2092 2702 omnes
2137 2636 2207 2702 in
2274 2657 2345 2702 eo
2419 2635 2662 2700 suerint

380 2766 415 2806 «
451 2738 711 2807 admissi
766 2745 826 2805 et
882 2745 1192 2827 tanquam
1258 2739 1479 2804 minus
1536 2739 1754 2806 idonei
1798 2739 2022 2828 rejecti
2069 2764 2086 2824 ;
2145 2745 2210 2808 at
2269 2763 2304 2807 a
2340 2739 2661 2807 scrutinio

379 2870 415 2911 ε(
452 2867 584 2912 non
618 2844 852 2913 debent
885 2843 1145 2934 repelli3
1179 2850 1240 2910 et
1281 2845 1336 2911 si
1384 2844 1532 2932 quis
1578 2844 1952 2933 repellatur,
1996 2867 2069 2912 ex
2104 2846 2229 2913 hoc
2262 2845 2399 2936 ipso
2438 2843 2666 2911 electio

379 2976 414 3015 «
450 2952 691 3019 dicitur
723 2950 1015 3019 restricta
1047 2957 1108 3019 et
1138 2956 1534 3019 coarctata...
1585 2976 1616 3016 ›>

1475 3108 1577 3187 §a

371 3286 590 3332 QUANDO
634 3286 746 3323 NON
792 3285 1091 3323 REMANENT
1158 3284 1268 3322 Nisl
1332 3282 1475 3321 UNUS
1521 3282 1621 3319 VEL
1682 3281 1787 3320 DUO
1833 3281 2189 3320 CAPITULARES
2237 3282 2332 3321 ms
2389 3282 2664 3321 HABENTES

440 3381 748 3432 SUFFRAGII,
807 3382 874 3419 Eo
924 3383 1065 3425 QUOD
1116 3380 1317 3419 cAETEm
1361 3380 1464 3417 VEL
1509 3380 1708 3418 MORTE!
1755 3379 1909 3430 SUNT,
1942 3378 2042 3417 VEL
2085 3379 2184 3417 PER
2216 3379 2492 3419 CENSURAS
2529 3380 2661 3419 vocE

439 3476 631 3517 ACTIVA
665 3475 876 3513 PRIVATl
907 3477 1063 3526 SUNT,
1096 3477 1198 3513 VEL
1225 3476 1352 3513 ALIO
1393 3476 1539 3514 MODO
1568 3476 1958 3530 mmmmrmnn,
1998 3477 2072 3515 AN
2109 3477 2331 3516 ELECTIO
2357 3478 2459 3516 PER
2496 3477 2660 3517 lLLmt

445 3574 600 3614 UNUM
628 3573 732 3612 AUT
759 3572 859 3610 PER
882 3571 1032 3610 ILLOS
1053 3571 1397 3610 PAUCISsmoS
1423 3571 1590 3610 FACTA
1614 3572 1819 3611 VALEAT
1845 3559 1869 3610 ‘4’

464 3774 497 3812 «
539 3746 879 3830 Quinimo,
923 3740 1096 3832 quod
1141 3732 1347 3829 magis
1375 3747 1492 3824 est,
1537 3740 1651 3807 ubi
1682 3744 1875 3808 etiam
1915 3739 2137 3807 omnia
2182 3740 2488 3809 membra
2540 3766 2652 3833 pu-

376 3879 412 3918 «
449 3859 754 3939 trescant,
799 3874 911 3919 seu
960 3870 1078 3939 pro
1129 3849 1391 3916 defectis
1433 3869 1507 3914 ac
1563 3845 1841 3936 putridis
1898 3843 2197 3912 habenda
2251 3845 2409 3929 sint,
2464 3848 2660 3915 etiam

376 3982 411 4020 «
441 3957 658 4045 aliqua
689 3956 985 4026 membra
1012 3954 1245 4036 valida,
1275 3952 1575 4042 quamvis
1603 3957 1808 4018 essent
1830 3951 1987 4030 dun,
2017 3949 2153 4017 imo
2177 3947 2374 4016 etiam
2412 3974 2655 4038 unum,

373 4090 409 4128 «
447 4068 591 4149 apta
610 4072 762 4130 sunt
779 4063 1058 4153 operari,
1081 4066 1416 4148 totumque
1435 4078 1671 4146 corpus
1690 4061 2145 4146 repraesentare
2165 4083 2184 4143 3
2209 4055 2364 4143 quia
2387 4079 2654 4148 nempe,

372 4194 406 4234 «
439 4166 676 4235 vacatis
695 4169 774 4232 de
795 4169 957 4235 facto
977 4190 1094 4257 pro
1119 4166 1350 4256 majori
1372 4168 1548 4254 parte
1567 4162 2085 4247 canonicatibus,
2104 4161 2207 4228 vel
2228 4161 2659 4230 existentibus

373 4300 406 4339 «
441 4275 518 4342 de
561 4274 713 4361 jure
764 4271 1084 4338 canonicis
1129 4272 1453 4361 impeditis
1500 4292 1613 4336 seu
1659 4269 1891 4336 habitis
1934 4290 2051 4359 pro
2106 4288 2238 4334 non
2282 4267 2657 4335 extantibus

372 4403 407 4443 «
448 4378 621 4466 (puta
664 4397 777 4467 per
820 4395 1123 4441 censuras
1161 4378 1264 4442 vel
1305 4376 1429 4442 alia
1460 4373 1977 4464 impedimenta),
2017 4379 2175 4443 tunc
2220 4377 2428 4440 totum
2463 4373 2650 4462 capi-
