2930 4982
398 341 414 392 1
438 340 468 392 7
481 339 513 393 6
1361 344 1702 389 ΤιιΑοτΑτυε

395 495 427 532 «
461 469 653 558 quior
682 490 754 537 ex
776 469 878 536 his
901 469 1013 558 qui
1040 467 1576 557 congrediuntur,
1606 471 1728 533 stat
1754 488 1869 555 pro
1888 465 2141 554 ‘capite3
2182 464 2397 531 omnis
2429 464 2670 553 quippe

396 601 428 639 «
456 575 688 646 domus
709 574 1013 666 dirigitur
1049 598 1086 643 a
1132 573 1361 663 majori
1390 578 1502 640 aut
1532 572 1792 642 seniori.
1825 597 1858 637 »
1902 570 2224 662 (Ceccop.,
2267 567 2386 639 lib.
2435 590 2530 652 w,
2571 569 2665 636 tit.

390 708 456 754 n.
492 682 632 774 47.)
849 684 856 691 ’

476 791 787 873 Quaedam
814 794 1033 860 autem
1054 811 1130 859 ex
1154 789 1497 881 praemissis
1525 787 1893 880 Ceccoperii
1916 786 2106 857 dictis
2134 807 2267 854 non
2287 786 2439 854 satis
2458 785 2673 854 forsan

387 898 734 967 deliberate
760 897 1023 967 fuerunt
1047 897 1324 989 prolata3
1364 902 1426 965 et
1453 896 1818 986 sequendus
1840 894 2053 985 potius
2075 899 2170 963 est
2189 892 2538 962 cardinalis
2562 891 2678 959 Pe·

390 1010 513 1091 tra,
539 1004 815 1093 quirem
837 1005 926 1072 ita
944 1003 1204 1095 exponit
1232 1009 1293 1073 et
1311 1003 1622 1093 gravibus
1646 1003 1865 1071 firmat
1880 1000 2370 1070 auctoritatibus
2390 998 2671 1091 (Comm.

316 1132 320 1137 ·
390 1108 459 1177 in
484 1109 700 1179 Const.
733 1133 777 1179 1.
813 1111 879 1180 S.
909 1111 1140 1181 Leonis
1166 1109 1414 1199 Magni,
1444 1115 1596 1179 sect.
1628 1109 1696 1193 2,
1729 1131 1800 1177 n.
1825 1108 1937 1193 47,
1965 1113 2012 1175 t.
2049 1107 2094 1198 1)
2125 1131 2142 1175 ε

488 1240 523 1282 «
554 1216 639 1285 Ut
665 1217 956 1308 legitima
978 1217 1060 1285 sit
1083 1216 1476 1301 convocatio,
1509 1216 1697 1285 debet
1720 1215 1862 1284 fieri
1888 1238 1927 1283 a
1949 1215 2155 1306 capite
2179 1213 2470 1305 capituli,
2502 1213 2676 1303 quod

402 1350 436 1389 «
465 1326 822 1393 secundum
843 1323 1381 1395 consuetudinem
1404 1325 1721 1414 cujusque
1748 1322 2030 1391 ecclesiae
2057 1321 2449 1403 verificatur,
2475 1321 2585 1389 vel
2610 1321 2678 1387 in

400 1457 436 1499 «
469 1432 949 1518 archidiacono,
970 1434 1076 1502 vel
1094 1433 1329 1525 priore,
1354 1439 1464 1502 aut
1485 1430 1798 1501 canonico
1816 1430 2206 1520 antiquiore,
2225 1434 2289 1498 et
2305 1450 2442 1498 uno
2455 1427 2675 1514 verbo,

402 1562 436 1602 «
464 1543 703 1629 spectat
730 1540 809 1608 ad
838 1547 1029 1632 caput
1055 1540 1341 1631 corporis
1366 1539 1766 1631 capitulariS,
1794 1560 1929 1607 non
1950 1542 2168 1607 autem
2194 1538 2274 1606 ad
2298 1536 2675 1606 membra...

403 1645 565 1736 «Ad
602 1669 757 1714 eum
796 1646 911 1737 qui
952 1648 1249 1739 praesidet
1293 1653 1533 1740 spectat
1575 1669 1932 1738 proponere
1974 1646 2258 1734 negotia,
2297 1650 2359 1715 et
2386 1645 2678 1737 primum

404 1777 437 1816 «
471 1752 636 1821 serre
662 1754 1129 1843 suffragium...
1163 1754 1552 1829 Convocatio
1580 1754 1765 1823 debet
1791 1754 1932 1822 fieri
1962 1753 2045 1821 ab
2072 1776 2147 1820 eo
2182 1753 2262 1820 ad
2304 1774 2504 1842 quem
2533 1774 2679 1842 per-

403 1883 437 1923 «
466 1859 626 1927 tinet
652 1861 1059 1951 praesidentia
1098 1863 1167 1929 in
1195 1862 1478 1952 capitulo
1506 1862 1584 1929 de
1600 1863 1752 1951 jure
1783 1860 1887 1929 vel
1914 1859 2408 1945 consuetudine,
2438 1864 2502 1927 et
2533 1881 2683 1927 con—

402 1993 434 2032 «
467 1988 641 2035 cessa
682 1968 978 2036 facultate
1005 1970 1406 2038 convocandi
1436 1969 1790 2038 necessario
1830 1968 2107 2036 infertur
2145 1967 2413 2036 facultas
2457 1967 2680 2058 praesi-

405 2099 438 2137 «
466 2074 685 2158 dendi,
733 2081 934 2143 stante
978 2082 1160 2145 actus
1202 2077 1801 2168 correspectivitate.
1835 2075 2020 2167 (Rota
2056 2077 2128 2144 in
2175 2072 2678 2159 (immineret,

405 2209 438 2247 «
472 2184 552 2250 14
574 2183 751 2273 junii
785 2184 986 2262 1702,
1018 2207 1240 2254 coram
1263 2184 1529 2275 Priolo.)
1648 2211 1653 2217 ’

494 2315 528 2355 «
559 2288 634 2356 Iu
663 2290 788 2358 hoc
814 2296 1030 2359 autem
1060 2291 1234 2380 quod
1258 2292 1630 2360 convocatio
1658 2296 1896 2382 spectet
1922 2292 2002 2359 ad
2038 2297 2236 2382 caput
2260 2290 2552 2381 capituli,
2593 2291 2685 2357 vi-

404 2420 438 2461 «
468 2394 652 2462 detur
680 2394 1147 2465 advertendum
1177 2398 1352 2486 quod
1381 2420 1516 2467 non
1541 2404 1635 2467 est
1656 2398 2068 2466 refraenatum
2113 2396 2457 2465 arbitrium
2506 2395 2683 2485 capi-

407 2530 439 2568 «
469 2502 590 2571 tuli
618 2503 788 2572 illud.
824 2505 1242 2580 convocandi.
1291 2505 1415 2578 Sed
1448 2507 1575 2574 hoc
1607 2507 1893 2596 procedit
1932 2507 1987 2575 si
2022 2507 2405 2576 conveniant
2444 2525 2685 2571 omnes

403 2636 436 2675 «
466 2611 543 2679 de
588 2611 902 2701 capitu103
947 2633 1100 2680 nam
1125 2613 1337 2700 major
1364 2635 1510 2703 pars
1534 2613 1766 2703 poterit
1790 2613 2006 2682 solum
2035 2634 2263 2701 cogere
2287 2614 2471 2701 caput
2495 2609 2690 2699 capi-

403 2743 438 2783 «
470 2716 588 2784 tuli
612 2717 691 2784 ad
716 2718 1244 2788 convocationem
1270 2718 1634 2787 faciendam
1652 2720 1957 2788 mandato
1984 2716 2636 2810 superiorislegitimi
2667 2743 2681 2785 z

405 2850 439 2891 «
467 2826 564 2893 vel
616 2825 897 2916 procedit
940 2830 1037 2912 ut,
1089 2832 1403 2895 renuente
1453 2828 1659 2919 capite
1708 2829 1981 2920 capituli
2034 2828 2197 2896 illud
2254 2848 2680 2916 congregare,

406 2957 439 2997 «
470 2934 666 3022 possit
716 2933 858 3001 fieri
894 2934 1260 3001 convocatio
1298 2956 1334 3002 a
1373 2934 1789 3023 subsequenti
1848 2934 1917 3001 in
1964 2934 2193 3022 gradu,
2253 2932 2420 3000 facta
2460 2929 2686 2999 dehita

406 3064 441 3105 «
469 3038 887 3126 requisitione
910 3040 1036 3130 ipsi
1066 3039 1260 3131 capiti
1289 3038 1553 3131 (decisio
1576 3041 1750 3109 Rotae
1776 3040 1969 3109 modo
2006 3037 2243 3131 citata).
2276 3037 2469 3107 Tunc
2501 3038 2683 3105 enim
2738 3105 2743 3110 ,

297 3147 300 3148 ’
406 3169 441 3210 «
468 3145 772 3214 existente
789 3145 861 3213 in
882 3148 1292 3216 contumacia
1311 3170 1385 3216 eo
1403 3149 1515 3238 qui
1540 3148 1726 3217 debet
1748 3168 2168 3237 congregare,
2194 3145 2555 3216 devolvitur
2569 3146 2683 3235 jus

408 3254 550 3321 «ad
592 3253 1116 3343 subsequentem.
1161 3254 1332 3323 Hinc
1383 3256 1452 3321 in
1496 3253 1691 3323 Sacra
1732 3255 2241 3346 Congregatione
2281 3252 2551 3324 concilii
2582 3252 2678 3343 (in

406 3361 889 3448 «Bononiensi,
918 3362 1001 3430 13
1047 3361 1357 3429 februarii
1394 3360 1589 3451 1683)
1616 3362 1695 3430 ad
1726 3364 2098 3451 quaesitum,
2153 3384 2244 3430 an
2287 3360 2380 3429 ad
2422 3358 2685 3428 dictum

408 3489 442 3530 «
474 3462 773 3532 Priorem
811 3474 1056 3555 spectet
1083 3465 1203 3554 jus
1253 3466 1658 3534 convocandi
1703 3469 2075 3559 capitulum
2085 3467 2435 3560 privative
2459 3461 2687 3556 quoad

410 3599 443 3638 «
473 3570 839 3656 canonicOS,
864 3581 929 3639 et
947 3594 1038 3639 an
1059 3571 1360 3663 capitula
1378 3574 1555 3642 alias
1574 3587 1976 3666 conqreqata
1997 3588 2206 3644 essent
2222 3574 2445 3661 nulla,
2471 3572 2686 3640 noluit

408 3682 759 3758 «decidere
794 3681 1097 3770 dubium,
1137 3682 1247 3752 sed
1275 3683 1525 3752 censuit
1562 3706 1696 3753 esse
1739 3683 2262 3775 respondendum
2307 3683 2378 3749 in
2421 3681 2685 3749 casibus

408 3817 443 3857 «
480 3790 999 3882 particularibuS,
1051 3790 1205 3881 quia
1247 3792 1493 3861 debent
1531 3791 1924 3861 considerari
1960 3788 2462 3859 circumstantiae
2490 3789 2689 3878 justae

411 3925 444 3963 «
480 3920 688 3967 causae
733 3897 1227 3982 convocationis,
1256 3904 1319 3965 et
1367 3899 1790 3968 contumaciae
1838 3897 2045 3988 ipsius
2096 3898 2326 3989 capitis
2382 3899 2455 3966 in
2512 3915 2683 3963 non-

412 4028 446 4069 «
483 4005 920 4074 convocando.
957 4030 993 4071 »

491 4107 746 4196 Dejure
769 4109 1066 4200 Episcopi
1089 4114 1152 4178 et
1173 4109 1395 4178 vicarii
1420 4111 1736 4200 generalis
1757 4112 1965 4200 quoad
2007 4113 2540 4182 convocationem
2569 4134 2681 4180 ca-

403 4216 681 4308 pituliet
699 4217 809 4304 jus
836 4218 907 4283 in
934 4239 1008 4285 co
1036 4218 1501 4286 interveniendi
1535 4219 1739 4287 fusius
1764 4224 2110 4289 tractamus
2138 4225 2315 4311 parte
2344 4222 2412 4309 3,
2446 4242 2587 4311 cap.
2637 4242 2682 4301 ι,

400 4325 443 4414 ξ
471 4325 535 4394 3.
568 4321 732 4391 Vide
753 4323 948 4390 etiam
981 4328 1156 4411 parte
1188 4325 1253 4406 4,
1296 4348 1355 4392 c.
1409 4328 1473 4402 7,
1518 4326 1629 4393 ubi
1660 4325 1904 4414 dejure
1936 4328 2200 4418 capituli
2232 4350 2366 4398 sese
2400 4351 2681 4419 congro-

401 4430 598 4516 gandi
626 4430 863 4518 absque
904 4428 1159 4499 licentia
1191 4428 1515 4519 Episcopi.
