2930 4982
1143 342 1224 388 DE
1272 343 1601 390 csrnums.
2400 341 2519 397 ¹37

333 455 451 524 Nec
474 456 713 525 habent
743 478 970 526 vocem
1003 460 1075 528 in
1105 461 1390 551 capitulo
1416 461 1792 552 hujusmodi
1822 464 2122 533 canonici
2158 465 2521 536 honorarii.

266 563 407 630 Cum
428 568 641 631 tamen
675 563 834 654 ipsis
858 566 1229 634 conferatur
1247 568 1361 655 jus
1383 568 1554 635 stalli
1573 567 1645 635 in
1664 568 1889 653 choro,
1914 575 1977 636 et
2002 569 2287 658 insignia
2309 573 2524 660 quoad

266 667 526 735 habitum
554 667 912 758 deferendi,
953 670 1235 739 dubium
1266 694 1403 740 esse
1436 677 1645 763 potest
1673 694 1835 741 num
1875 674 1954 741 ad
1986 674 2521 747 deliberationem

262 772 649 861 capitularem
685 776 965 845 vocandi
1001 779 1157 862 sint,
1188 780 1453 867 quando
1484 786 1786 883 ageretur
1823 780 1902 849 de
1942 781 2349 852 immutando
2395 785 2524 853 ba-

261 877 375 945 bitu
417 882 763 967 canoniali,
813 884 918 951 vel
963 884 1298 954 stallorum
1343 885 1596 955 ordine.
1649 885 1818 955 Nam
1861 892 1924 955 et
1956 887 2084 977 ipsi
2127 888 2516 972 beneficiati,
2549 905 2557 915 ·

255 989 635 1071 quantumvis
664 994 916 1058 certum
941 991 1025 1058 sit
1051 993 1223 1083 ipsos
1248 1014 1380 1061 non
1412 1015 1549 1062 esse
1573 994 1652 1062 de
1670 993 1978 1084 capitulo,
2008 995 2281 1063 vocandi
2304 1002 2521 1067 tamen

255 1095 378 1158 sunt
414 1099 474 1161 et
524 1096 873 1184 audiendi,
915 1099 1179 1187 quando
1211 1100 1291 1168 de
1320 1101 1662 1170 communi
1691 1102 1983 1191 ipsorum
2027 1107 2090 1170 et
2118 1102 2382 1192 capituli
2415 1105 2526 1171 in-

254 1202 448 1268 teresse
477 1200 886 1271 instituenda
931 1211 1023 1273 est
1064 1206 1459 1297 disceptatio,
1513 1206 1701 1288 Quod
1729 1213 1791 1274 et
1816 1207 1897 1275 ad
1933 1206 2279 1276 canonicos
2304 1208 2524 1277 hono-

251 1307 419 1375 rarios
454 1311 938 1379 extendendum
966 1310 1250 1394 videtur,
1279 1313 1543 1403 quando
1565 1313 1857 1402 tangitur
1886 1310 2051 1381 illud
2090 1312 2522 1401 quantulum-

248 1431 494 1504 cumque
513 1419 630 1506 jus
662 1440 800 1507 quo
829 1420 1052 1488 donati
1076 1426 1253 1488 sunt.

318 1519 624 1590 Caeterum
675 1524 939 1592 nullum
963 1526 1080 1615 jus
1114 1525 1358 1593 habent
1383 1525 1465 1593 ad
1513 1530 1853 1593 vacaturos
1880 1524 2328 1609 canonicatus,
2387 1525 2524 1594 imo

245 1644 346 1692 nec
369 1627 446 1694 ad
492 1622 986 1700 distributiones
1015 1637 1128 1700 aut
1156 1633 1282 1700 alia
1306 1633 1556 1722 quaevis
1581 1632 2047 1717 emolumenta,
2084 1631 2210 1698 nisi
2234 1631 2421 1699 aliter
2451 1632 2522 1698 in

241 1748 443 1799 eorum
475 1738 852 1826 receptione
894 1743 1163 1806 cautum
1194 1744 1376 1807 esset.
1425 1738 1558 1807 Nec
1589 1745 1747 1807 sunt
1787 1737 1866 1806 de
1907 1736 2034 1805 illis
2069 1737 2139 1805 in
2189 1736 2522 1828 diqnitate

240 1849 353 1900 aut
358 1853 724 1927 personatu
747 1843 1151 1924 constitutis,
1176 1846 1420 1934 quibus
1435 1846 1685 1935 possint
1712 1865 1750 1911 a
1781 1842 2015 1914 Sancta
2037 1842 2199 1913 Sede
2218 1866 2426 1913 causae
2446 1845 2519 1912 in

238 1942 503 2029 partibus
531 1948 846 2039 delegari.
879 1950 998 2019 Jus
1030 1972 1185 2040 ergo
1208 1949 1441 2019 eorum‘
1459 1951 1791 2018 reducitur
1828 1949 1904 2017 ad
1928 1949 2191 2017 stallum
2221 1951 2291 2017 in
2318 1949 2521 2017 choro

237 2053 704 2142 occupandum,
764 2059 827 2122 et
862 2054 1248 2144 gestandum
1295 2076 1537 2124 nomen
1591 2055 1890 2122 canonici
1937 2075 2094 2122 cum
2147 2054 2519 2142 insignibus

230 2157 670 2226 canonialibus
692 2159 762 2226 in
782 2160 1031 2229 habitu.
1289 2198 1317 2234 ο

304 2258 625 2328 Vicissim
656 2269 900 2347 autem,
931 2288 1054 2332 nec
1093 2268 1175 2332 ad
1204 2265 1647 2347 residentiam,
1695 2285 1815 2331 nec
1843 2264 1924 2330 ad
1952 2263 2169 2330 ullum
2214 2265 2284 2330 in
2327 2262 2523 2330 choro

222 2365 597 2447 servitium,
620 2389 741 2436 nec
764 2369 840 2437 ad
864 2371 1292 2439 assistentiam
1315 2376 1637 2439 tenentur.

1308 2658 1419 2737 §7

239 2819 460 2879 CANONICI
499 2839 799 2879 HONORARII
820 2834 944 2879 ”NON
983 2840 1147 2880 MAGIS
1182 2840 1320 2879 SUNT
1358 2840 1427 2877 AD
1458 2840 1647 2880 NUTL'M
1686 2839 2045 2894 REVOCABJLES
2078 2838 2230 2883 QUAu
2264 2838 2519 2878 CANONJCI

1173 2937 1540 3010 PRAEBEONDATI.

310 3106 482 3177 Licet
500 3109 684 3176 enim
703 3108 891 3176 valde
916 3107 1209 3175 restricta
1237 3108 1369 3174 sint
1391 3109 1683 3197 ipsorum
1703 3106 1881 3196 jura,
1922 3110 2073 3172 sunt
2120 3109 2336 3173 tamen
2368 3107 2520 3194 jura

245 3216 607 3300 canonialia,
636 3216 703 3283 id
729 3221 848 3299 est,
893 3215 1112 3305 aliqua
1155 3235 1304 3305 pars
1322 3212 1583 3304 jurium
1617 3232 1762 3302 quae
1784 3211 1866 3278 ad
1893 3210 2341 3279 canonicatum
2370 3234 2517 3302 pro-

249 3319 361 3405 prie
397 3322 655 3389 dictum
690 3321 1022 3412 pertinent
1051 3344 1069 3405 3
1102 3341 1258 3410 ergo
1287 3324 1652 3410 sequuntur
1691 3323 1993 3386 naturam
2017 3317 2185 3407 juris
2213 3340 2365 3386 vero
2410 3340 2515 3386 ca-

250 3426 462 3495 nonico
506 3428 953 3517 competentis.
992 3426 1191 3496 Porro
1230 3428 1583 3496 canonicus
1611 3426 1868 3518 proprie
1896 3424 2107 3492 dictus
2148 3447 2282 3494 non
2311 3431 2517 3516 potest

247 3528 310 3595 ad
334 3538 570 3600 nutum
607 3531 909 3624 Episcopi
948 3533 1190 3622 privari
1227 3536 1378 3622 jure
1422 3555 1567 3613 sue,
1624 3533 1733 3601 sed
1760 3536 2016 3598 tantum
2043 3529 2127 3597 ob
2157 3530 2426 3619 culpam
2453 3537 2516 3598 et

244 3631 325 3701 via
358 3636 762 3726 judiciaria3
816 3658 972 3725 ergo
1014 3638 1188 3706 idem
1235 3639 1591 3706 dicendum
1639 3637 1718 3704 de
1774 3634 2089 3703 canonico
2136 3634 2509 3701 honorario.

247 3732 398 3809 Unde
433 3744 698 3832 quando
723 3743 1076 3811 canonicus
1099 3742 1485 3809 honorarius
1504 3740 2011 3808 exauctorandus
2030 3741 2122 3802 est
2145 3742 2206 3803 et
2235 3737 2315 3805 de
2342 3743 2511 3806 cata·-

248 3839 365 3932 logo
406 3850 874 3918 canonicorum
892 3848 1399 3941 ,expungendus
1432 3847 1660 3916 eodem
1686 3845 1880 3913 modo
1909 3842 2169 3934 procedi
2202 3844 2409 3926 debet,
2437 3870 2509 3917 ac

243 3948 372 4020 side
402 3956 720 4023 canonico
749 3957 1159 4048 praebendato
1188 3962 1507 4048 ageretur.
2420 4025 2424 4030 ,

314 4053 682 4128 Notandum
720 4069 813 4130 est
841 4063 1015 4131 circa
1041 4065 1211 4131 hanc
1236 4063 1663 4153 quaestionem
1690 4061 2077 4154 rescriptum
2103 4061 2312 4134 Sacrae
2339 4063 2508 4134 Con-

246 4167 610 4253 gregationis
637 4166 905 4236 Rituum
934 4170 1012 4237 ad
1039 4169 1435 4261 Episcopum
1467 4168 1997 4240 Valentinensem
2042 4171 2361 4243 directum
2405 4173 2510 4239 die

252 4264 307 4331 11
355 4273 731 4364 septembris
777 4274 976 4362 1847,
1025 4277 1262 4345 tenoris
1308 4278 1673 4366 sequentis:
1714 4301 1749 4340 «
1803 4276 2355 4347 Reverendissime
2398 4276 2511 4338 do-

252 4379 469 4449 «mine
497 4382 595 4450 uti
632 4383 846 4465 frater,
887 4380 1346 4454 sanctissimus
1368 4381 1695 4451 Dominus
1727 4381 1952 4451 Noster
1976 4381 2134 4449 Pius
2159 4380 2251 4447 IX
2290 4389 2511 4464 preces
