2930 4982
1086 364 1166 408 nn
1213 361 1535 407 enimus,
2325 358 2394 412 51
2415 358 2450 413 5

184 487 565 554 «doctorem
591 482 692 551 vel
724 483 1132 550 licentiatum
1168 480 1411 569 injure
1439 481 1780 560 canonico,
1824 482 2221 573 improbavit
2252 488 2447 557 etiam

181 593 615 661 «electionem
652 589 925 657 doctoris
970 590 1038 654 in
1071 589 1222 676 jure
1240 584 1418 652 civili
1458 591 1764 651 autsacra
1799 586 2142 675 theologia,
2195 591 2246 656 si
2281 601 2451 683 post-

185 724 216 763 «
240 696 446 764 habiti
464 693 706 761 fuerint
732 695 1019 762 doctores
1045 693 1269 781 injure
1294 691 1610 758 canonico
1633 690 1730 778 (ut
1764 691 1832 756 in
1864 692 2144 777 Astensi,
2176 697 2248 762 11
2295 701 2450 789 julii

186 801 462 889 «16263
502 838 593 852 —-
620 798 963 882 Oriolensi‚
1015 799 1101 866 24
1150 798 1369 865 martii
1421 796 1619 880 1627,
1653 796 1821 863 libro
1873 818 1963 863 ΧΠ
2001 796 2447 897 Decretorum‚

188 936 219 974 «
245 909 482 1001 pagina
509 906 592 974 53
632 913 693 973 et
735 906 902 985 222;
935 907 1116 972 -in
1147 905 1475 994 Capuana,
1517 903 1601 970 19
1626 902 1802 991 junii
1837 902 2033 988 1636,
2069 904 2187 972 lib.
2217 931 2304 976 xv
2333 911 2454 981 De-

188 1040 221 1079 «
247 1021 595 1097 cretorum,
633 1011 746 1079 sol.
795 1011 917 1079 311
942 1038 960 1098 3
999 1010 1178 1076 -in
1216 1008 1674 1096 Tyrasonensi‚
1724 1007 1837 1074 fol.
1886 1006 2068 1099 315).
2123 1036 2155 1073 »
2195 1011 2457 1085 Certum

180 1141 331 1208 ergo
353 1122 446 1186 est
464 1141 500 1185 a
526 1117 801 1185 concilio
826 1116 1070 1206 requiri
1094 1115 1370 1205 gradum
1395 1113 1841 1182 academicum
1867 1113 1933 1182 in
1951 1116 2099 1203 jure
2124 1122 2456 1206 canonioe,

183 1231 241 1291 et
271 1246 407 1292 non
454 1224 748 1292 sufficere
778 1223 1057 1311 gradum
1097 1222 1166 1287 in
1215 1219 1541 1308 theologia
1577 1219 1680 1287 vel
1701 1221 1854 1309 jure
1884 1220 2084 1287 civili.
2122 1222 2462 1298 Rationem

184 1335 397 1398 autem
425 1351 545 1397 cur
581 1330 794 1419 potius
823 1328 1225 1395 canonistam
1265 1347 1463 1414 quam
1498 1324 1877 1414 theologum
1917 1326 2245 1397 doctorem
2298 1356 2464 1402 con-

185 1437 364 1503 stitui
393 1438 463 1503 in
492 1435 806 1503 vicarium
855 1432 1126 1501 voluerit
1153 1432 1535 1514 concilium,
1573 1432 1742 1497 hanc
1771 1431 1982 1518 affert,
2016 1441 2159 1522 post
2186 1435 2464 1508 Dianam

184 1541 545 1609 Leurenius
576 1541 664 1632 (T
656 1552 822 1608 raet.
851 1538 931 1606 a’e
954 1538 1194 1630 capit„
1224 1535 1371 1603 sede
1393 1559 1567 1620 vac„
1596 1557 1653 1603 e.
1687 1536 1754 1619 4,
1790 1544 2018 1626 quaest.
2066 1539 2222 1621 557,
2251 1563 2316 1608 n.
2349 1542 2415 1634 5)
2446 1567 2462 1611 t

196 1647 524 1738 «Nempe,
563 1648 737 1736 quod
764 1647 888 1714 viri
929 1643 1238 1733 theologi,
1304 1642 1422 1710 etsi
1477 1643 1921 1711 litteratissimi
1962 1646 2114 1728 sint,
2162 1670 2293 1715 non
2323 1651 2472 1720 satis

193 1779 226 1818 «
247 1752 776 1844 Jurisprudentiae
800 1752 1051 1842 praxim
1083 1755 1146 1817 et
1176 1750 1494 1821 theoriam
1536 1749 1804 1833 callent3
1837 1755 1899 1815 et
1925 1751 2196 1840 proinde
2227 1757 2471 1827 multo-

195 1885 228 1927 «
253 1861 372 1927 ties
400 1882 474 1927 ex
508 1859 707 1951 capite
741 1866 801 1926 et
827 1880 942 1948 pro
973 1858 1243 1926 arbitrio
1272 1857 1616 1924 sententias
1646 1857 2005 1945 proferunt,
2041 1865 2102 1927 et
2130 1885 2166 1928 a
2189 1866 2471 1935 veritatis

196 1989 232 2031 ε(
261 1973 323 2033 et
340 1968 605 2056 justitiae
635 1967 889 2033 tramite
919 1965 1242 2032 aberrffant
1274 1987 1307 2026 >³

279 2070 395 2141 IV.
425 2072 518 2140 De
542 2073 942 2161 quibusnam
964 2069 1332 2138 doctoribus
1351 2074 1413 2135 et
1428 2068 1773 2137 licentiatis
1793 2069 2098 2159 loquatur
2119 2053 2476 2146 concilium

188 2176 704 2244 Tridentinum‘?
740 2175 957 2244 —Sic
1000 2175 1276 2243 habetur
1318 2175 1386 2240 in
1432 2180 1609 2242 tomo
1659 2173 1994 2254 XXXVII,
2039 2180 2279 2268 pagina
2319 2182 2479 2263 239,

195 2281 523 2349 Thesauri
550 2282 1035 2349 resolutionum
1080 2280 1147 2351 S.
1185 2276 1716 2369 Congregationis
1749 2281 2051 2349 concilii:
2111 2309 2143 2348 «
2176 2285 2482 2358 Praeterea

196 2413 233 2454 «
262 2409 351 2455 ne
380 2387 552 2455 fraus
570 2389 749 2457 fieret
778 2386 1041 2455 concilii
1065 2386 1267 2453 menti
1284 2407 1427 2475 quae
1441 2385 1735 2474 jubendo
1763 2385 2142 2455 electionem
2173 2389 2479 2482 doctoris,

204 2520 240 2560 «
266 2495 475 2562 voluit
514 2501 587 2561 ut
618 2496 878 2562 muneri
927 2494 1362 2584 praeficeretur
1401 2490 1675 2582 persona
1703 2515 1849 2559 vere
1877 2493 2061 2563 docta
2109 2501 2300 2586 atque
2325 2524 2483 2591 pru-

210 2627 244 2668 «
272 2602 456 2679 denS,
487 2600 682 2669 Sacra
710 2602 850 2668 haec
899 2599 1327 2689 Congregatio
1360 2598 1703 2665 declaravit
1739 2597 2046 2683 ulterius,
2111 2602 2321 2671 solum
2364 2606 2481 2674 do-

216 2732 250 2773 «
275 2691 594 2773 'ctoratum
626 2706 694 2772 in
721 2705 981 2796 publica
1021 2703 1437 2770 universitate
1477 2701 1816 2769 obtentum
1850 2706 2273 2792 spectandum
2316 2732 2473 2779 esse.

213 2836 246 2875 α
273 2810 440 2879 Nam
475 2810 564 2897 (in
602 2831 737 2876 una
776 2809 1012 2876 Montis
1051 2807 1334 2895 RegaliS,
1372 2807 1454 2874 19
1481 2806 1658 2894 junii
1694 2804 1914 2896 1664),
1958 2812 2283 2899 proposito
2320 2838 2335 2880 z
2379 2819 2487 2883 An

210 2941 246 2981 α
272 2912 660 3002 hujusmodi
698 2910 923 2978 doctor
963 2910 1193 2978 debeat
1220 2933 1351 2978 esse
1374 2909 1602 2977 doctor
1631 2910 1704 2976 in
1726 2909 2008 2999 publica
2049 2916 2485 2989 universitate

212 3046 248 3085 a
268 3018 680 3099 studiorum,
712 3041 802 3085 an
833 3040 984 3084 vero
1012 3008 1181 3084 satis
1206 3018 1299 3084 sit
1326 3029 1402 3083 ut
1427 3017 1640 3106 fuerit
1663 3030 2013 3105 promotus
2042 3042 2121 3087 ecc
2145 3026 2373 3111 qratia
2397 3028 2482 3096 ab

220 3126 517 3214 «aliquo
561 3124 796 3191 comite
820 3123 1140 3191 Palatino
1184 3123 1292 3190 vel
1326 3122 1413 3189 ab
1451 3122 1582 3189 alio
1608 3122 1888 3190 habente
1931 3129 2408 3200 auctoritatem
2441 3158 2484 3202 a

210 3257 245 3297 a
277 3230 449 3299 Sede
468 3233 518 3297 A
516 3231 858 3320 postolica
882 3230 989 3297 vel
1012 3230 1096 3297 ab
1122 3230 1526 3320 imperatore
1536 3255 1560 3306 ‚-
1592 3227 1754 3296 adeo
1773 3229 2111 3299 ut‘electio
2131 3235 2224 3302 sit
2249 3238 2485 3307 valida

217 3360 252 3400 «
278 3336 715 3404 existentibus
749 3335 917 3422 aliis
950 3336 1071 3426 qui
1109 3334 1442 3425 ejusmodi
1484 3332 1775 3424 qradum
1804 3333 1878 3400 in
1911 3337 2182 3425 publica
2210 3345 2481 3413 univer-

214 3466 249 3507 «
276 3444 480 3511 sitate
504 3455 927 3533 susceperunt
940 3464 1071 3525 ;—
1088 3442 1419 3533 respondit
1437 3464 1562 3507 —.·
1581 3441 1822 3508 Debere
1843 3465 1973 3510 esse
1982 3462 2380 3533 promotum
2408 3454 2483 3521 in

213 3572 249 3612 (ι
272 3550 547 3639 publica
580 3549 1018 3616 universitate
1054 3549 1193 3639 (lib.
1246 3570 1401 3615 xxiv
1444 3546 1892 3630 Decretorum,
1935 3549 2045 3615 fol.
2095 3552 2223 3642 18).
2270 3555 2482 3635 Quare

218 3677 251 3717 ι(
273 3655 366 3745 (in
391 3663 524 3722 una
551 3654 836 3740 Elesina,
864 3655 940 3722 21
972 3654 1282 3722 februarii
1309 3651 1479 3719 1682
1506 3652 1526 3743 )
1557 3653 1804 3719 nullam
1834 3656 2086 3722 censuit
2104 3657 2482 3731 electionem

212 3762 345 3826 «in
398 3781 738 3849 personam
783 3761 1113 3828 doctoratu
1138 3759 1518 3846 insignitam
1550 3779 1586 3824 a
1616 3758 1780 3825 duce
1805 3756 2039 3826 Sfortia
2088 3760 2256 3852 (Lib.
2305 3789 2481 3838 xxxn

214 3887 247 3928 «
273 3863 724 3949 Decretorum‚
754 3890 903 3957 pag.
935 3866 1109 3957 142).
1147 3890 1182 3930 >>

289 3967 465 4038 Huic
517 3972 824 4041 doctrinae
878 3972 1271 4041 concordant
1310 3974 1711 4098 unanimiter
1748 3973 2117 4059 canonistae,
2171 3998 2206 4044 e
2240 3981 2479 4068 quibos

210 4075 356 4144 satis
382 4077 509 4143 erit
525 4099 736 4146 unum
758 4080 1140 4147 adduxisse.

303 4182 716 4251 «Doctorum
746 4193 958 4254 autem
990 4189 1259 4254 nomine
1286 4188 1560 4254 veniunt
1597 4188 1691 4255 illi
1719 4187 1835 4276 qui
1865 4188 1934 4254 in
1975 4188 2191 4279 aliqua
2219 4196 2480 4282 publica

214 4290 687 4359 «universitate
724 4293 823 4359 vel
870 4293 1142 4382 collegio
1188 4294 1560 4362 solemniter
1600 4294 1730 4361 ‘isto
1762 4294 1969 4382 gradu
2002 4295 2281 4364 decorati
2321 4300 2475 4378 sint,

221 4422 257 4461 «
278 4420 410 4467 non
436 4402 652 4466 autem
680 4398 773 4465 illi
801 4399 914 4487 qui
942 4422 1014 4466 ex
1042 4399 1412 4488 aliquorum
1439 4399 1811 4490 particulari
1834 4401 2172 4491 privilegio
2197 4404 2478 4468 doctores
