<?xml version="1.0" encoding="UTF-8"?>
<!DOCTYPE html PUBLIC "-//W3C//DTD XHTML 1.0 Transitional//EN"
    "http://www.w3.org/TR/xhtml1/DTD/xhtml1-transitional.dtd">
<html xmlns="http://www.w3.org/1999/xhtml" xml:lang="en" lang="en">
 <head>
  <title>
</title>
<meta http-equiv="Content-Type" content="text/html;charset=utf-8" />
  <meta name='ocr-system' content='tesseract 3.04.00' />
  <meta name='ocr-capabilities' content='ocr_page ocr_carea ocr_par ocr_line ocrx_word'/>
</head>
<body>
  <div class='ocr_page' id='page_1' title='image "./tractatusdecapi00bouigoog_0495.png"; bbox 0 0 2930 4982; ppageno 0'>
   <div class='ocr_carea' id='block_1_1' title="bbox 1144 332 2513 389">
    <p class='ocr_par' dir='ltr' id='par_1_1' title="bbox 1144 332 2513 389">
     <span class='ocr_line' id='line_1_1' title="bbox 1144 332 2513 389; baseline -0.001 0"><span class='ocrx_word' id='word_1_1' title='bbox 1144 341 1225 389; x_wconf 77' lang='lat' dir='ltr'><strong>DE</strong></span> <span class='ocrx_word' id='word_1_2' title='bbox 1268 342 1592 389; x_wconf 73' lang='lat' dir='ltr'><strong>cAPl‘ruus.</strong></span> <span class='ocrx_word' id='word_1_3' title='bbox 2387 333 2422 388; x_wconf 66' lang='grc'><strong>4</strong></span> <span class='ocrx_word' id='word_1_4' title='bbox 2435 333 2469 388; x_wconf 70' lang='grc'>5</span> <span class='ocrx_word' id='word_1_5' title='bbox 2479 332 2513 387; x_wconf 70' lang='grc'>5</span> 
     </span>
    </p>
   </div>
   <div class='ocr_carea' id='block_1_2' title="bbox 154 456 2519 4479">
    <p class='ocr_par' dir='ltr' id='par_1_2' title="bbox 154 456 2519 4479">
     <span class='ocr_line' id='line_1_2' title="bbox 438 456 2508 551; baseline 0.002 -27"><span class='ocrx_word' id='word_1_6' title='bbox 438 459 598 527; x_wconf 72' lang='lat' dir='ltr'><strong>*ardi</strong></span> <span class='ocrx_word' id='word_1_7' title='bbox 623 459 787 551; x_wconf 87' lang='lat' dir='ltr'><strong>(loco</strong></span> <span class='ocrx_word' id='word_1_8' title='bbox 810 457 1062 549; x_wconf 89' lang='lat' dir='ltr'><strong>citato);</strong></span> <span class='ocrx_word' id='word_1_9' title='bbox 1103 458 1219 549; x_wconf 90' lang='lat' dir='ltr'><strong>qui</strong></span> <span class='ocrx_word' id='word_1_10' title='bbox 1252 459 1752 549; x_wconf 81' lang='lat' dir='ltr'><strong>explorationem</strong></span> <span class='ocrx_word' id='word_1_11' title='bbox 1782 480 1969 529; x_wconf 87' lang='lat' dir='ltr'><strong>suam</strong></span> <span class='ocrx_word' id='word_1_12' title='bbox 1999 459 2094 528; x_wconf 85' lang='lat' dir='ltr'><strong>sic</strong></span> <span class='ocrx_word' id='word_1_13' title='bbox 2125 456 2460 528; x_wconf 85' lang='lat' dir='ltr'>concludit</span> <span class='ocrx_word' id='word_1_14' title='bbox 2493 486 2508 528; x_wconf 74' lang='grc' dir='ltr'><strong><em>ε</em></strong></span> 
     </span>
     <span class='ocr_line' id='line_1_3' title="bbox 532 565 2510 655; baseline 0.002 -24"><span class='ocrx_word' id='word_1_15' title='bbox 532 589 671 633; x_wconf 66' lang='lat' dir='ltr'><strong>ima</strong></span> <span class='ocrx_word' id='word_1_16' title='bbox 717 587 847 633; x_wconf 89' lang='lat' dir='ltr'><strong>non</strong></span> <span class='ocrx_word' id='word_1_17' title='bbox 888 565 1243 655; x_wconf 89' lang='lat' dir='ltr'><strong>reperietur</strong></span> <span class='ocrx_word' id='word_1_18' title='bbox 1275 565 1490 631; x_wconf 90' lang='lat' dir='ltr'><strong>ullum</strong></span> <span class='ocrx_word' id='word_1_19' title='bbox 1539 566 1895 655; x_wconf 87' lang='lat' dir='ltr'><strong>capitulum</strong></span> <span class='ocrx_word' id='word_1_20' title='bbox 1937 566 2009 633; x_wconf 92' lang='lat' dir='ltr'><strong>in</strong></span> <span class='ocrx_word' id='word_1_21' title='bbox 2051 569 2183 634; x_wconf 88' lang='lat' dir='ltr'><strong>toto</strong></span> <span class='ocrx_word' id='word_1_22' title='bbox 2233 567 2510 646; x_wconf 90' lang='lat' dir='ltr'><strong>mundo,</strong></span> 
     </span>
     <span class='ocr_line' id='line_1_4' title="bbox 601 670 2512 760; baseline 0.001 -22"><span class='ocrx_word' id='word_1_23' title='bbox 601 672 802 760; x_wconf 54' lang='lat' dir='ltr'><strong>:ignia</strong></span> <span class='ocrx_word' id='word_1_24' title='bbox 824 693 957 738; x_wconf 92' lang='lat' dir='ltr'><strong>non</strong></span> <span class='ocrx_word' id='word_1_25' title='bbox 1006 671 1260 738; x_wconf 89' lang='lat' dir='ltr'><strong>habeat.</strong></span> <span class='ocrx_word' id='word_1_26' title='bbox 1295 670 1499 738; x_wconf 86' lang='lat' dir='ltr'><strong>Aliud</strong></span> <span class='ocrx_word' id='word_1_27' title='bbox 1526 671 1772 738; x_wconf 89' lang='lat' dir='ltr'><strong>scilicet</strong></span> <span class='ocrx_word' id='word_1_28' title='bbox 1800 671 2110 750; x_wconf 85' lang='lat' dir='ltr'><strong>almutiis‚</strong></span> <span class='ocrx_word' id='word_1_29' title='bbox 2141 672 2319 739; x_wconf 90' lang='lat' dir='ltr'><strong>aliud</strong></span> <span class='ocrx_word' id='word_1_30' title='bbox 2367 693 2512 740; x_wconf 84' lang='lat' dir='ltr'><strong>mo-</strong></span> 
     </span>
     <span class='ocr_line' id='line_1_5' title="bbox 665 776 2514 866; baseline 0.002 -23"><span class='ocrx_word' id='word_1_31' title='bbox 665 779 680 809; x_wconf 78' lang='lat'>¹</span> <span class='ocrx_word' id='word_1_32' title='bbox 701 778 1011 857; x_wconf 85' lang='lat' dir='ltr'><strong>rochetto,</strong></span> <span class='ocrx_word' id='word_1_33' title='bbox 1036 777 1218 844; x_wconf 91' lang='lat' dir='ltr'><strong>aliud</strong></span> <span class='ocrx_word' id='word_1_34' title='bbox 1244 776 1726 866; x_wconf 85' lang='lat' dir='ltr'><strong>pontificalibus</strong></span> <span class='ocrx_word' id='word_1_35' title='bbox 1749 776 1970 844; x_wconf 88' lang='lat' dir='ltr'><strong>aliisve</strong></span> <span class='ocrx_word' id='word_1_36' title='bbox 1993 776 2514 848; x_wconf 74' lang='lat' dir='ltr'><strong>distinctionibus</strong></span> 
     </span>
     <span class='ocr_line' id='line_1_6' title="bbox 748 882 2512 973; baseline 0 -22"><span class='ocrx_word' id='word_1_37' title='bbox 748 907 800 950; x_wconf 79' lang='lat' dir='ltr'><strong>u</strong></span> <span class='ocrx_word' id='word_1_38' title='bbox 843 883 1190 973; x_wconf 89' lang='lat' dir='ltr'><strong>reperitur.</strong></span> <span class='ocrx_word' id='word_1_39' title='bbox 1234 908 1270 947; x_wconf 84' lang='lat'>»</span> <span class='ocrx_word' id='word_1_40' title='bbox 1323 882 1918 950; x_wconf 86' lang='lat' dir='ltr'><strong>Animadvertimus</strong></span> <span class='ocrx_word' id='word_1_41' title='bbox 1956 882 2191 972; x_wconf 84' lang='lat' dir='ltr'><strong>duplex</strong></span> <span class='ocrx_word' id='word_1_42' title='bbox 2236 884 2319 950; x_wconf 91' lang='lat' dir='ltr'><strong>ab</strong></span> <span class='ocrx_word' id='word_1_43' title='bbox 2363 906 2512 951; x_wconf 88' lang='lat' dir='ltr'><strong>eru-</strong></span> 
     </span>
     <span class='ocr_line' id='line_1_7' title="bbox 825 988 2515 1079; baseline 0.001 -22"><span class='ocrx_word' id='word_1_44' title='bbox 825 1012 934 1057; x_wconf 58' lang='lat' dir='ltr'><strong>ius</strong></span> <span class='ocrx_word' id='word_1_45' title='bbox 959 994 1542 1056; x_wconf 79' lang='lat' dir='ltr'><strong>monumentorum</strong></span> <span class='ocrx_word' id='word_1_46' title='bbox 1566 988 1859 1078; x_wconf 87' lang='lat' dir='ltr'><strong>insignia</strong></span> <span class='ocrx_word' id='word_1_47' title='bbox 1891 988 2231 1056; x_wconf 88' lang='lat' dir='ltr'><strong>canonicis</strong></span> <span class='ocrx_word' id='word_1_48' title='bbox 2255 992 2515 1079; x_wconf 87' lang='lat' dir='ltr'><strong>propria</strong></span> 
     </span>
     <span class='ocr_line' id='line_1_8' title="bbox 773 1093 2515 1186; baseline 0.001 -23"><span class='ocrx_word' id='word_1_49' title='bbox 773 1120 901 1164; x_wconf 47' lang='lat' dir='ltr'><strong>uin.</strong></span> <span class='ocrx_word' id='word_1_50' title='bbox 950 1097 1099 1164; x_wconf 86' lang='lat' dir='ltr'><strong>Alia</strong></span> <span class='ocrx_word' id='word_1_51' title='bbox 1132 1117 1371 1186; x_wconf 89' lang='lat' dir='ltr'><strong>nempe</strong></span> <span class='ocrx_word' id='word_1_52' title='bbox 1394 1096 1763 1185; x_wconf 90' lang='lat' dir='ltr'><strong>loquuntur</strong></span> <span class='ocrx_word' id='word_1_53' title='bbox 1785 1095 1864 1164; x_wconf 90' lang='lat' dir='ltr'><strong>de</strong></span> <span class='ocrx_word' id='word_1_54' title='bbox 1889 1094 2265 1185; x_wconf 86' lang='lat' dir='ltr'><strong>insignibus</strong></span> <span class='ocrx_word' id='word_1_55' title='bbox 2294 1116 2331 1162; x_wconf 93' lang='lat' dir='ltr'><strong>a</strong></span> <span class='ocrx_word' id='word_1_56' title='bbox 2356 1093 2515 1164; x_wconf 89' lang='lat' dir='ltr'><strong>Sede</strong></span> 
     </span>
     <span class='ocr_line' id='line_1_9' title="bbox 556 1199 2515 1291; baseline -0.001 -21"><span class='ocrx_word' id='word_1_57' title='bbox 556 1247 590 1270; x_wconf 82' lang='lat'><strong>..</strong></span> <span class='ocrx_word' id='word_1_58' title='bbox 636 1203 953 1271; x_wconf 80' lang='lat' dir='ltr'><strong>concessis</strong></span> <span class='ocrx_word' id='word_1_59' title='bbox 981 1226 999 1270; x_wconf 70' lang='grc' dir='ltr'><em>τ</em></span> <span class='ocrx_word' id='word_1_60' title='bbox 1050 1203 1175 1270; x_wconf 89' lang='lat' dir='ltr'><strong>alia</strong></span> <span class='ocrx_word' id='word_1_61' title='bbox 1231 1203 1311 1270; x_wconf 92' lang='lat' dir='ltr'><strong>de</strong></span> <span class='ocrx_word' id='word_1_62' title='bbox 1356 1201 1728 1290; x_wconf 87' lang='lat' dir='ltr'><strong>insignibus</strong></span> <span class='ocrx_word' id='word_1_63' title='bbox 1802 1202 2092 1291; x_wconf 85' lang='lat' dir='ltr'><strong>reliquis.</strong></span> <span class='ocrx_word' id='word_1_64' title='bbox 2160 1199 2515 1270; x_wconf 89' lang='lat' dir='ltr'><strong>Sciendum</strong></span> 
     </span>
     <span class='ocr_line' id='line_1_10' title="bbox 319 1302 2514 1398; baseline 0.001 -24"><span class='ocrx_word' id='word_1_65' title='bbox 319 1331 453 1398; x_wconf 55' lang='lat' dir='ltr'><strong>npe</strong></span> <span class='ocrx_word' id='word_1_66' title='bbox 497 1315 590 1377; x_wconf 87' lang='lat' dir='ltr'><strong>est</strong></span> <span class='ocrx_word' id='word_1_67' title='bbox 640 1309 723 1377; x_wconf 92' lang='lat' dir='ltr'><strong>ab</strong></span> <span class='ocrx_word' id='word_1_68' title='bbox 775 1307 1223 1398; x_wconf 86' lang='lat' dir='ltr'><strong>antiquissimo</strong></span> <span class='ocrx_word' id='word_1_69' title='bbox 1286 1302 1423 1377; x_wconf 84' lang='lat' dir='ltr'><strong>aevo</strong></span> <span class='ocrx_word' id='word_1_70' title='bbox 1489 1313 1748 1376; x_wconf 68' lang='lat' dir='ltr'><strong>caeteras</strong></span> <span class='ocrx_word' id='word_1_71' title='bbox 1833 1306 2135 1376; x_wconf 84' lang='lat' dir='ltr'><strong>ecclesias</strong></span> <span class='ocrx_word' id='word_1_72' title='bbox 2201 1313 2514 1397; x_wconf 82' lang='lat' dir='ltr'><strong>tanquam</strong></span> 
     </span>
     <span class='ocr_line' id='line_1_11' title="bbox 212 1413 2514 1483; baseline 0.001 -2"><span class='ocrx_word' id='word_1_73' title='bbox 212 1414 537 1483; x_wconf 88' lang='lat' dir='ltr'><strong>honorem</strong></span> <span class='ocrx_word' id='word_1_74' title='bbox 578 1437 919 1482; x_wconf 90' lang='lat' dir='ltr'><strong>summum</strong></span> <span class='ocrx_word' id='word_1_75' title='bbox 949 1414 1252 1482; x_wconf 83' lang='lat' dir='ltr'><strong>ambiisse</strong></span> <span class='ocrx_word' id='word_1_76' title='bbox 1281 1415 1653 1482; x_wconf 72' lang='lat' dir='ltr'><strong>facultatem</strong></span> <span class='ocrx_word' id='word_1_77' title='bbox 1701 1415 1938 1482; x_wconf 89' lang='lat' dir='ltr'><strong>iisdem</strong></span> <span class='ocrx_word' id='word_1_78' title='bbox 1973 1413 2203 1481; x_wconf 88' lang='lat' dir='ltr'><strong>utendi</strong></span> <span class='ocrx_word' id='word_1_79' title='bbox 2231 1413 2514 1483; x_wconf 84' lang='lat' dir='ltr'><strong>vestibus</strong></span> 
     </span>
     <span class='ocr_line' id='line_1_12' title="bbox 214 1520 2516 1610; baseline 0.001 -22"><span class='ocrx_word' id='word_1_80' title='bbox 214 1521 410 1590; x_wconf 88' lang='lat' dir='ltr'><strong>sacris</strong></span> <span class='ocrx_word' id='word_1_81' title='bbox 434 1527 500 1588; x_wconf 90' lang='lat' dir='ltr'><strong>et</strong></span> <span class='ocrx_word' id='word_1_82' title='bbox 538 1521 907 1610; x_wconf 85' lang='lat' dir='ltr'><strong>insignibus</strong></span> <span class='ocrx_word' id='word_1_83' title='bbox 948 1520 1191 1610; x_wconf 90' lang='lat' dir='ltr'><strong>quibus</strong></span> <span class='ocrx_word' id='word_1_84' title='bbox 1223 1520 1526 1588; x_wconf 89' lang='lat' dir='ltr'><strong>utebatur</strong></span> <span class='ocrx_word' id='word_1_85' title='bbox 1553 1520 1842 1588; x_wconf 85' lang='lat' dir='ltr'><strong>Ecclesia</strong></span> <span class='ocrx_word' id='word_1_86' title='bbox 1871 1520 2201 1604; x_wconf 84' lang='lat' dir='ltr'><strong>Romana3</strong></span> <span class='ocrx_word' id='word_1_87' title='bbox 2237 1542 2311 1586; x_wconf 90' lang='lat' dir='ltr'><strong>eo</strong></span> <span class='ocrx_word' id='word_1_88' title='bbox 2340 1520 2516 1610; x_wconf 90' lang='lat' dir='ltr'><strong>quod</strong></span> 
     </span>
     <span class='ocr_line' id='line_1_13' title="bbox 214 1626 2515 1716; baseline -0 -20"><span class='ocrx_word' id='word_1_89' title='bbox 214 1628 456 1696; x_wconf 89' lang='lat' dir='ltr'><strong>scilicet</strong></span> <span class='ocrx_word' id='word_1_90' title='bbox 484 1628 770 1696; x_wconf 87' lang='lat' dir='ltr'><strong>Ecclesia</strong></span> <span class='ocrx_word' id='word_1_91' title='bbox 801 1627 1091 1695; x_wconf 88' lang='lat' dir='ltr'><strong>Romana</strong></span> <span class='ocrx_word' id='word_1_92' title='bbox 1115 1626 1421 1694; x_wconf 91' lang='lat' dir='ltr'><strong>omnium</strong></span> <span class='ocrx_word' id='word_1_93' title='bbox 1451 1627 1734 1694; x_wconf 88' lang='lat' dir='ltr'><strong>aliarum</strong></span> <span class='ocrx_word' id='word_1_94' title='bbox 1758 1633 1964 1695; x_wconf 88' lang='lat' dir='ltr'><strong>mater</strong></span> <span class='ocrx_word' id='word_1_95' title='bbox 1979 1634 2140 1694; x_wconf 88' lang='lat' dir='ltr'><strong>esset</strong></span> <span class='ocrx_word' id='word_1_96' title='bbox 2168 1631 2360 1716; x_wconf 89' lang='lat' dir='ltr'><strong>atque</strong></span> <span class='ocrx_word' id='word_1_97' title='bbox 2378 1647 2515 1695; x_wconf 87' lang='lat' dir='ltr'><strong>ma-</strong></span> 
     </span>
     <span class='ocr_line' id='line_1_14' title="bbox 213 1731 2513 1824; baseline 0 -24"><span class='ocrx_word' id='word_1_98' title='bbox 213 1733 436 1822; x_wconf 86' lang='lat' dir='ltr'><strong>gistra.</strong></span> <span class='ocrx_word' id='word_1_99' title='bbox 482 1734 762 1801; x_wconf 88' lang='lat' dir='ltr'><strong>Romani</strong></span> <span class='ocrx_word' id='word_1_100' title='bbox 797 1734 950 1822; x_wconf 86' lang='lat' dir='ltr'><strong>ergo</strong></span> <span class='ocrx_word' id='word_1_101' title='bbox 1002 1733 1352 1800; x_wconf 86' lang='lat' dir='ltr'><strong>Pontifices</strong></span> <span class='ocrx_word' id='word_1_102' title='bbox 1398 1733 1817 1824; x_wconf 81' lang='lat' dir='ltr'><strong>privilegium</strong></span> <span class='ocrx_word' id='word_1_103' title='bbox 1879 1733 2044 1800; x_wconf 86' lang='lat' dir='ltr'><strong>illud</strong></span> <span class='ocrx_word' id='word_1_104' title='bbox 2088 1731 2422 1824; x_wconf 86' lang='lat' dir='ltr'><strong>Episcopis</strong></span> <span class='ocrx_word' id='word_1_105' title='bbox 2450 1734 2513 1803; x_wconf 86' lang='lat' dir='ltr'><strong>et</strong></span> 
     </span>
     <span class='ocr_line' id='line_1_15' title="bbox 214 1837 2510 1927; baseline 0.001 -21"><span class='ocrx_word' id='word_1_106' title='bbox 214 1837 384 1906; x_wconf 90' lang='lat' dir='ltr'><strong>clero</strong></span> <span class='ocrx_word' id='word_1_107' title='bbox 406 1839 780 1927; x_wconf 89' lang='lat' dir='ltr'><strong>aliquarum</strong></span> <span class='ocrx_word' id='word_1_108' title='bbox 810 1839 1226 1906; x_wconf 83' lang='lat' dir='ltr'><strong>ecclesiarum</strong></span> <span class='ocrx_word' id='word_1_109' title='bbox 1258 1840 1326 1905; x_wconf 92' lang='lat' dir='ltr'><strong>in</strong></span> <span class='ocrx_word' id='word_1_110' title='bbox 1376 1838 1967 1907; x_wconf 71' lang='lat' dir='ltr'><strong>remunerationem</strong></span> <span class='ocrx_word' id='word_1_111' title='bbox 2025 1838 2190 1916; x_wconf 85' lang='lat' dir='ltr'><strong>bene</strong></span> <span class='ocrx_word' id='word_1_112' title='bbox 2242 1837 2510 1908; x_wconf 84' lang='lat' dir='ltr'><strong>merito·</strong></span> 
     </span>
     <span class='ocr_line' id='line_1_16' title="bbox 213 1939 2509 2036; baseline 0.001 -26"><span class='ocrx_word' id='word_1_113' title='bbox 213 1963 364 2012; x_wconf 89' lang='lat' dir='ltr'><strong>rum</strong></span> <span class='ocrx_word' id='word_1_114' title='bbox 420 1939 767 2035; x_wconf 83' lang='lat' dir='ltr'><strong>aliquando</strong></span> <span class='ocrx_word' id='word_1_115' title='bbox 822 1941 1285 2012; x_wconf 79' lang='lat' dir='ltr'><strong>concedebant.</strong></span> <span class='ocrx_word' id='word_1_116' title='bbox 1341 1943 1662 2011; x_wconf 86' lang='lat' dir='ltr'><strong>Videmus</strong></span> <span class='ocrx_word' id='word_1_117' title='bbox 1710 1944 2032 2032; x_wconf 86' lang='lat' dir='ltr'><strong>Aregium</strong></span> <span class='ocrx_word' id='word_1_118' title='bbox 2085 1944 2509 2036; x_wconf 89' lang='lat' dir='ltr'><strong>Episcopum,</strong></span> 
     </span>
     <span class='ocr_line' id='line_1_17' title="bbox 210 2049 2509 2138; baseline 0 -22"><span class='ocrx_word' id='word_1_119' title='bbox 210 2049 361 2118; x_wconf 88' lang='lat' dir='ltr'><strong>licet</strong></span> <span class='ocrx_word' id='word_1_120' title='bbox 385 2049 456 2119; x_wconf 87' lang='lat' dir='ltr'><strong>S.</strong></span> <span class='ocrx_word' id='word_1_121' title='bbox 489 2050 806 2138; x_wconf 82' lang='lat' dir='ltr'><strong>Gregorio</strong></span> <span class='ocrx_word' id='word_1_122' title='bbox 865 2050 1103 2138; x_wconf 89' lang='lat' dir='ltr'><strong>Magno</strong></span> <span class='ocrx_word' id='word_1_123' title='bbox 1133 2050 1685 2138; x_wconf 87' lang='lat' dir='ltr'><strong>acceptissimum,</strong></span> <span class='ocrx_word' id='word_1_124' title='bbox 1728 2051 1887 2117; x_wconf 91' lang='lat' dir='ltr'><strong>dum</strong></span> <span class='ocrx_word' id='word_1_125' title='bbox 1919 2051 2200 2116; x_wconf 87' lang='lat' dir='ltr'><strong>Romam</strong></span> <span class='ocrx_word' id='word_1_126' title='bbox 2231 2052 2509 2135; x_wconf 83' lang='lat' dir='ltr'><strong>adiisset,</strong></span> 
     </span>
     <span class='ocr_line' id='line_1_18' title="bbox 212 2156 2515 2245; baseline -0 -21"><span class='ocrx_word' id='word_1_127' title='bbox 212 2164 532 2224; x_wconf 81' lang='lat' dir='ltr'><strong>conatum</strong></span> <span class='ocrx_word' id='word_1_128' title='bbox 558 2158 754 2224; x_wconf 81' lang='lat' dir='ltr'><strong>fuisse</strong></span> <span class='ocrx_word' id='word_1_129' title='bbox 783 2156 1077 2223; x_wconf 85' lang='lat' dir='ltr'><strong>obtinere</strong></span> <span class='ocrx_word' id='word_1_130' title='bbox 1105 2178 1224 2245; x_wconf 88' lang='lat' dir='ltr'><strong>pro</strong></span> <span class='ocrx_word' id='word_1_131' title='bbox 1252 2175 1319 2222; x_wconf 91' lang='lat' dir='ltr'><strong>se</strong></span> <span class='ocrx_word' id='word_1_132' title='bbox 1346 2161 1409 2221; x_wconf 90' lang='lat' dir='ltr'><strong>et</strong></span> <span class='ocrx_word' id='word_1_133' title='bbox 1441 2177 1558 2222; x_wconf 87' lang='lat' dir='ltr'><strong>suo</strong></span> <span class='ocrx_word' id='word_1_134' title='bbox 1611 2156 2095 2223; x_wconf 86' lang='lat' dir='ltr'><strong>Archidiacono</strong></span> <span class='ocrx_word' id='word_1_135' title='bbox 2137 2172 2333 2223; x_wconf 88' lang='lat' dir='ltr'><strong>usum</strong></span> <span class='ocrx_word' id='word_1_136' title='bbox 2366 2156 2515 2225; x_wconf 92' lang='lat' dir='ltr'><strong>dal-</strong></span> 
     </span>
     <span class='ocr_line' id='line_1_19' title="bbox 216 2260 2519 2350; baseline 0.001 -24"><span class='ocrx_word' id='word_1_137' title='bbox 216 2262 501 2328; x_wconf 80' lang='lat' dir='ltr'><strong>maticae.</strong></span> <span class='ocrx_word' id='word_1_138' title='bbox 534 2261 676 2328; x_wconf 92' lang='lat' dir='ltr'><strong>Non</strong></span> <span class='ocrx_word' id='word_1_139' title='bbox 725 2262 985 2328; x_wconf 90' lang='lat' dir='ltr'><strong>obtento</strong></span> <span class='ocrx_word' id='word_1_140' title='bbox 1017 2261 1357 2350; x_wconf 85' lang='lat' dir='ltr'><strong>privilegio</strong></span> <span class='ocrx_word' id='word_1_141' title='bbox 1387 2260 1456 2326; x_wconf 91' lang='lat' dir='ltr'><strong>in</strong></span> <span class='ocrx_word' id='word_1_142' title='bbox 1496 2260 1775 2328; x_wconf 86' lang='lat' dir='ltr'><strong>Galliam</strong></span> <span class='ocrx_word' id='word_1_143' title='bbox 1824 2268 2263 2328; x_wconf 81' lang='lat' dir='ltr'><strong>reversus-est.</strong></span> <span class='ocrx_word' id='word_1_144' title='bbox 2297 2262 2519 2329; x_wconf 84' lang='lat' dir='ltr'><strong>Postea</strong></span> 
     </span>
     <span class='ocr_line' id='line_1_20' title="bbox 213 2357 2507 2458; baseline 0.001 -26"><span class='ocrx_word' id='word_1_145' title='bbox 213 2367 529 2434; x_wconf 83' lang='lat' dir='ltr'><strong>tamen&#39;id</strong></span> <span class='ocrx_word' id='word_1_146' title='bbox 558 2369 620 2434; x_wconf 84' lang='lat' dir='ltr'><strong>ei</strong></span> <span class='ocrx_word' id='word_1_147' title='bbox 646 2365 1037 2434; x_wconf 87' lang='lat' dir='ltr'><strong>concessitS.</strong></span> <span class='ocrx_word' id='word_1_148' title='bbox 1070 2365 1425 2455; x_wconf 87' lang='lat' dir='ltr'><strong>Gregorius</strong></span> <span class='ocrx_word' id='word_1_149' title='bbox 1450 2364 1540 2456; x_wconf 88' lang='lat' dir='ltr'><strong>(S.</strong></span> <span class='ocrx_word' id='word_1_150' title='bbox 1565 2365 1790 2455; x_wconf 69' lang='lat' dir='ltr'><strong>Greg,</strong></span> <span class='ocrx_word' id='word_1_151' title='bbox 1822 2366 1939 2434; x_wconf 87' lang='lat' dir='ltr'><strong>lib.</strong></span> <span class='ocrx_word' id='word_1_152' title='bbox 1972 2357 2040 2454; x_wconf 85' lang='lat'><strong>7³,</strong></span> <span class='ocrx_word' id='word_1_153' title='bbox 2085 2367 2275 2457; x_wconf 83' lang='lat' dir='ltr'><strong>epist.</strong></span> <span class='ocrx_word' id='word_1_154' title='bbox 2309 2367 2507 2458; x_wconf 53' lang='lat'><strong>¹112).</strong></span> 
     </span>
     <span class='ocr_line' id='line_1_21' title="bbox 212 2468 2510 2565; baseline 0.001 -24"><span class='ocrx_word' id='word_1_155' title='bbox 212 2471 731 2565; x_wconf 71' lang='lat' dir='ltr'><strong>Archiepisc&#39;opo</strong></span> <span class='ocrx_word' id='word_1_156' title='bbox 805 2474 1025 2541; x_wconf 86' lang='lat' dir='ltr'><strong>autem</strong></span> <span class='ocrx_word' id='word_1_157' title='bbox 1077 2471 1549 2541; x_wconf 64' lang='lat' dir='ltr'><strong>Rave&#39;nnatensi</strong></span> <span class='ocrx_word' id='word_1_158' title='bbox 1598 2468 1710 2563; x_wconf 73' lang='lat' dir='ltr'><strong>‘q&#39;ui</strong></span> <span class='ocrx_word' id='word_1_159' title='bbox 1736 2487 1740 2494; x_wconf 88' lang='lat'>&#39;</span> <span class='ocrx_word' id='word_1_160' title='bbox 1763 2496 1960 2542; x_wconf 90' lang='lat' dir='ltr'><strong>usum</strong></span> <span class='ocrx_word' id='word_1_161' title='bbox 2021 2474 2510 2564; x_wconf 83' lang='lat' dir='ltr'><strong>mappularum,</strong></span> 
     </span>
     <span class='ocr_line' id='line_1_22' title="bbox 213 2574 2513 2671; baseline 0.002 -24"><span class='ocrx_word' id='word_1_162' title='bbox 213 2578 518 2649; x_wconf 73' lang='lat' dir='ltr'><strong>Ecclesiae</strong></span> <span class='ocrx_word' id='word_1_163' title='bbox 545 2575 857 2647; x_wconf 73' lang='lat' dir='ltr'><strong>Romanae</strong></span> <span class='ocrx_word' id='word_1_164' title='bbox 876 2574 1245 2671; x_wconf 86' lang='lat' dir='ltr'><strong>proprium,</strong></span> <span class='ocrx_word' id='word_1_165' title='bbox 1280 2575 1660 2669; x_wconf 64' lang='lat' dir='ltr'><strong>usurpabat,</strong></span> <span class='ocrx_word' id='word_1_166' title='bbox 1680 2581 2032 2650; x_wconf 73' lang='lat' dir='ltr'><strong>&#39;stc‘scribi‘t</strong></span> <span class='ocrx_word' id='word_1_167' title='bbox 2061 2581 2231 2648; x_wconf 91' lang='lat' dir='ltr'><strong>idem</strong></span> <span class='ocrx_word' id='word_1_168' title='bbox 2263 2580 2327 2650; x_wconf 91' lang='lat' dir='ltr'><strong>S.</strong></span> <span class='ocrx_word' id='word_1_169' title='bbox 2357 2581 2513 2651; x_wconf 88' lang='lat' dir='ltr'><strong>Gre-</strong></span> 
     </span>
     <span class='ocr_line' id='line_1_23' title="bbox 216 2681 2512 2776; baseline 0.001 -23"><span class='ocrx_word' id='word_1_170' title='bbox 216 2688 437 2775; x_wconf 86' lang='lat' dir='ltr'><strong>gorius</strong></span> <span class='ocrx_word' id='word_1_171' title='bbox 464 2688 739 2776; x_wconf 87' lang='lat' dir='ltr'><strong>Magnus</strong></span> <span class='ocrx_word' id='word_1_172' title='bbox 764 2681 784 2755; x_wconf 67' lang='lat'><strong>:¹</strong></span> <span class='ocrx_word' id='word_1_173' title='bbox 830 2686 1017 2755; x_wconf 87' lang='lat' dir='ltr'><strong>Illud</strong></span> <span class='ocrx_word' id='word_1_174' title='bbox 1036 2684 1265 2753; x_wconf 81' lang='lat' dir='ltr'><strong>autem</strong></span> <span class='ocrx_word' id='word_1_175' title='bbox 1320 2684 1502 2776; x_wconf 83' lang='lat' dir='ltr'><strong>quod</strong></span> <span class='ocrx_word' id='word_1_176' title='bbox 1535 2699 1677 2776; x_wconf 80' lang='lat' dir='ltr'><strong>pro</strong></span> <span class='ocrx_word' id='word_1_177' title='bbox 1715 2687 2040 2755; x_wconf 80' lang='lat' dir='ltr'><strong>utendisa</strong></span> <span class='ocrx_word' id='word_1_178' title='bbox 2079 2688 2257 2755; x_wconf 80' lang='lat' dir='ltr'><strong>clero</strong></span> <span class='ocrx_word' id='word_1_179' title='bbox 2294 2700 2512 2757; x_wconf 73' lang='lat' dir='ltr'><strong>‘vestro</strong></span> 
     </span>
     <span class='ocr_line' id='line_1_24' title="bbox 220 2792 2514 2883; baseline 0.001 -27"><span class='ocrx_word' id='word_1_180' title='bbox 220 2794 562 2880; x_wconf 80' lang='lat' dir='ltr'><strong>mappulis</strong></span> <span class='ocrx_word' id='word_1_181' title='bbox 582 2794 953 2883; x_wconf 68' lang='lat' dir='ltr'><strong>scr&#39;ip.‹›·z‘stz&#39;s⁹</strong></span> <span class='ocrx_word' id='word_1_182' title='bbox 982 2792 1284 2859; x_wconf 75' lang='lat' dir='ltr'><strong>anostris</strong></span> <span class='ocrx_word' id='word_1_183' title='bbox 1323 2793 1529 2858; x_wconf 80' lang='lat' dir='ltr'><strong>eciam</strong></span> <span class='ocrx_word' id='word_1_184' title='bbox 1578 2793 1826 2860; x_wconf 75' lang='lat' dir='ltr'><strong>clericis</strong></span> <span class='ocrx_word' id='word_1_185' title='bbox 1869 2794 2141 2881; x_wconf 78' lang='lat' dir='ltr'><strong>fortiter</strong></span> <span class='ocrx_word' id='word_1_186' title='bbox 2170 2794 2514 2860; x_wconf 74' lang='lat' dir='ltr'><strong>obviatum</strong></span> 
     </span>
     <span class='ocr_line' id='line_1_25' title="bbox 221 2895 2515 2986; baseline 0 -23"><span class='ocrx_word' id='word_1_187' title='bbox 221 2906 347 2974; x_wconf 81' lang='lat' dir='ltr'><strong>est,</strong></span> <span class='ocrx_word' id='word_1_188' title='bbox 409 2895 771 2973; x_wconf 66' lang='lat' dir='ltr'><strong>dicentibus</strong></span> <span class='ocrx_word' id='word_1_189' title='bbox 794 2899 977 2965; x_wconf 78' lang='lat' dir='ltr'><strong>nulli</strong></span> <span class='ocrx_word' id='word_1_190' title='bbox 1000 2898 1121 2965; x_wconf 77' lang='lat' dir='ltr'><strong>hoc</strong></span> <span class='ocrx_word' id='word_1_191' title='bbox 1156 2911 1455 2986; x_wconf 74' lang='lat' dir='ltr'><strong>unquam</strong></span> <span class='ocrx_word' id='word_1_192' title='bbox 1486 2896 1610 2963; x_wconf 79' lang='lat' dir='ltr'><strong>alii</strong></span> <span class='ocrx_word' id='word_1_193' title='bbox 1638 2897 1924 2963; x_wconf 52' lang='lat' dir='ltr'><strong>cuilibet</strong></span> <span class='ocrx_word' id='word_1_194' title='bbox 1947 2896 2232 2961; x_wconf 73' lang='lat' dir='ltr'><strong>ecclesia&gt;</strong></span> <span class='ocrx_word' id='word_1_195' title='bbox 2259 2917 2515 2963; x_wconf 79' lang='lat' dir='ltr'><strong>conces-</strong></span> 
     </span>
     <span class='ocr_line' id='line_1_26' title="bbox 216 3002 2512 3095; baseline 0.001 -26"><span class='ocrx_word' id='word_1_196' title='bbox 216 3020 373 3069; x_wconf 81' lang='lat' dir='ltr'><strong>sum</strong></span> <span class='ocrx_word' id='word_1_197' title='bbox 389 3003 623 3092; x_wconf 77' lang='lat' dir='ltr'><strong>fuisse.</strong></span> <span class='ocrx_word' id='word_1_198' title='bbox 647 3004 1180 3095; x_wconf 84' lang='lat' dir='ltr'><strong>Archiepiscopus</strong></span> <span class='ocrx_word' id='word_1_199' title='bbox 1208 3003 1711 3071; x_wconf 86' lang='lat' dir='ltr'><strong>Ravennatensis</strong></span> <span class='ocrx_word' id='word_1_200' title='bbox 1731 3003 1800 3068; x_wconf 94' lang='lat' dir='ltr'><strong>in</strong></span> <span class='ocrx_word' id='word_1_201' title='bbox 1829 3002 2261 3070; x_wconf 80' lang='lat' dir='ltr'><strong>defensionem</strong></span> <span class='ocrx_word' id='word_1_202' title='bbox 2283 3002 2512 3092; x_wconf 90' lang='lat' dir='ltr'><strong>allega-</strong></span> 
     </span>
     <span class='ocr_line' id='line_1_27' title="bbox 216 3102 2512 3200; baseline 0.001 -25"><span class='ocrx_word' id='word_1_203' title='bbox 216 3107 328 3175; x_wconf 80' lang='lat' dir='ltr'><strong>bat·</strong></span> <span class='ocrx_word' id='word_1_204' title='bbox 372 3110 512 3197; x_wconf 85' lang='lat' dir='ltr'><strong>jam</strong></span> <span class='ocrx_word' id='word_1_205' title='bbox 557 3123 762 3177; x_wconf 70' lang='lat' dir='ltr'><strong>&#39;usum&#39;</strong></span> <span class='ocrx_word' id='word_1_206' title='bbox 797 3123 959 3180; x_wconf 76' lang='lat' dir='ltr'><strong>&#39;esse&#39;</strong></span> <span class='ocrx_word' id='word_1_207' title='bbox 981 3111 1323 3200; x_wconf 79' lang='lat' dir='ltr'><strong>antiquum</strong></span> <span class='ocrx_word' id='word_1_208' title='bbox 1379 3116 1443 3177; x_wconf 87' lang='lat' dir='ltr'><strong>et</strong></span> <span class='ocrx_word' id='word_1_209' title='bbox 1506 3132 1544 3177; x_wconf 90' lang='lat' dir='ltr'><strong>a</strong></span> <span class='ocrx_word' id='word_1_210' title='bbox 1597 3107 2172 3199; x_wconf 66' lang='lat' dir='ltr'><strong>praedecessoribus</strong></span> <span class='ocrx_word' id='word_1_211' title='bbox 2207 3102 2512 3177; x_wconf 88' lang='lat' dir='ltr'><strong>Romanis</strong></span> 
     </span>
     <span class='ocr_line' id='line_1_28' title="bbox 214 3211 2510 3305; baseline 0.001 -25"><span class='ocrx_word' id='word_1_212' title='bbox 214 3211 641 3282; x_wconf 83' lang='lat' dir='ltr'><strong>Pontificibus</strong></span> <span class='ocrx_word' id='word_1_213' title='bbox 666 3216 1033 3285; x_wconf 86' lang='lat' dir='ltr'><strong>toleratum.</strong></span> <span class='ocrx_word' id='word_1_214' title='bbox 1088 3217 1365 3286; x_wconf 87' lang='lat' dir='ltr'><strong>Sanctus</strong></span> <span class='ocrx_word' id='word_1_215' title='bbox 1394 3214 1758 3303; x_wconf 55' lang='lat' dir='ltr'><strong>‘Gregorius</strong></span> <span class='ocrx_word' id='word_1_216' title='bbox 1791 3236 1933 3281; x_wconf 88' lang='lat' dir='ltr'><strong>rem</strong></span> <span class='ocrx_word' id='word_1_217' title='bbox 1960 3215 2324 3305; x_wconf 86' lang='lat' dir='ltr'><strong>composuit</strong></span> <span class='ocrx_word' id='word_1_218' title='bbox 2354 3236 2510 3282; x_wconf 91' lang='lat' dir='ltr'><strong>con-</strong></span> 
     </span>
     <span class='ocr_line' id='line_1_29' title="bbox 214 3320 2510 3413; baseline 0.001 -26"><span class='ocrx_word' id='word_1_219' title='bbox 214 3320 502 3391; x_wconf 87' lang='lat' dir='ltr'><strong>cedendo</strong></span> <span class='ocrx_word' id='word_1_220' title='bbox 549 3322 965 3411; x_wconf 83' lang='lat' dir='ltr'><strong>privilegium</strong></span> <span class='ocrx_word' id='word_1_221' title='bbox 1006 3323 1514 3413; x_wconf 84' lang='lat' dir='ltr'><strong>Archiepiscopo</strong></span> <span class='ocrx_word' id='word_1_222' title='bbox 1559 3326 1620 3388; x_wconf 89' lang='lat' dir='ltr'><strong>et</strong></span> <span class='ocrx_word' id='word_1_223' title='bbox 1649 3320 1902 3412; x_wconf 82' lang='lat' dir='ltr'><strong>primis</strong></span> <span class='ocrx_word' id='word_1_224' title='bbox 1935 3320 2075 3409; x_wconf 80' lang='lat' dir='ltr'><strong>ejus</strong></span> <span class='ocrx_word' id='word_1_225' title='bbox 2127 3320 2510 3391; x_wconf 78' lang='lat' dir='ltr'><strong>diaconibus</strong></span> 
     </span>
     <span class='ocr_line' id='line_1_30' title="bbox 213 3426 2480 3519; baseline 0.001 -27"><span class='ocrx_word' id='word_1_226' title='bbox 213 3431 496 3510; x_wconf 85' lang='lat' dir='ltr'><strong>tantum,</strong></span> <span class='ocrx_word' id='word_1_227' title='bbox 535 3434 596 3493; x_wconf 89' lang='lat' dir='ltr'><strong>et</strong></span> <span class='ocrx_word' id='word_1_228' title='bbox 627 3430 1028 3518; x_wconf 87' lang='lat' dir='ltr'><strong>prohibendo</strong></span> <span class='ocrx_word' id='word_1_229' title='bbox 1053 3452 1133 3497; x_wconf 90' lang='lat' dir='ltr'><strong>ne</strong></span> <span class='ocrx_word' id='word_1_230' title='bbox 1158 3430 1234 3498; x_wconf 88' lang='lat' dir='ltr'><strong>ad</strong></span> <span class='ocrx_word' id='word_1_231' title='bbox 1265 3429 1421 3497; x_wconf 86' lang='lat' dir='ltr'><strong>alios</strong></span> <span class='ocrx_word' id='word_1_232' title='bbox 1441 3429 1909 3496; x_wconf 87' lang='lat' dir='ltr'><strong>extenderetur.</strong></span> <span class='ocrx_word' id='word_1_233' title='bbox 1953 3427 2053 3519; x_wconf 85' lang='lat' dir='ltr'><strong>(L.</strong></span> <span class='ocrx_word' id='word_1_234' title='bbox 2080 3426 2145 3512; x_wconf 87' lang='lat'><strong>3,</strong></span> <span class='ocrx_word' id='word_1_235' title='bbox 2182 3430 2367 3519; x_wconf 89' lang='lat' dir='ltr'><strong>epist.</strong></span> <span class='ocrx_word' id='word_1_236' title='bbox 2394 3428 2480 3496; x_wconf 81' lang='lat'><strong>56</strong></span> 
     </span>
     <span class='ocr_line' id='line_1_31' title="bbox 154 3530 2511 3625; baseline 0 -27"><span class='ocrx_word' id='word_1_237' title='bbox 154 3547 159 3552; x_wconf 87' lang='grc'>’</span> <span class='ocrx_word' id='word_1_238' title='bbox 212 3531 368 3600; x_wconf 89' lang='lat' dir='ltr'><strong>edit.</strong></span> <span class='ocrx_word' id='word_1_239' title='bbox 399 3530 713 3624; x_wconf 86' lang='lat' dir='ltr'><strong>Maurin.)</strong></span> <span class='ocrx_word' id='word_1_240' title='bbox 739 3534 821 3601; x_wconf 89' lang='lat' dir='ltr'><strong>Et</strong></span> <span class='ocrx_word' id='word_1_241' title='bbox 852 3536 1009 3602; x_wconf 87' lang='lat' dir='ltr'><strong>hinc</strong></span> <span class='ocrx_word' id='word_1_242' title='bbox 1038 3541 1130 3601; x_wconf 87' lang='lat' dir='ltr'><strong>est</strong></span> <span class='ocrx_word' id='word_1_243' title='bbox 1157 3536 1530 3625; x_wconf 85' lang='lat' dir='ltr'><strong>quod‘juxta</strong></span> <span class='ocrx_word' id='word_1_244' title='bbox 1573 3537 1686 3625; x_wconf 85' lang='lat' dir='ltr'><strong>jus</strong></span> <span class='ocrx_word' id='word_1_245' title='bbox 1731 3534 2086 3602; x_wconf 83' lang='lat' dir='ltr'><strong>hodiedum</strong></span> <span class='ocrx_word' id='word_1_246' title='bbox 2135 3536 2357 3622; x_wconf 84' lang='lat' dir='ltr'><strong>vigens</strong></span> <span class='ocrx_word' id='word_1_247' title='bbox 2405 3554 2511 3599; x_wconf 90' lang='lat' dir='ltr'><strong>ca-</strong></span> 
     </span>
     <span class='ocr_line' id='line_1_32' title="bbox 216 3636 2508 3730; baseline 0 -25"><span class='ocrx_word' id='word_1_248' title='bbox 216 3638 442 3706; x_wconf 86' lang='lat' dir='ltr'><strong>nonici</strong></span> <span class='ocrx_word' id='word_1_249' title='bbox 470 3637 757 3727; x_wconf 82' lang='lat' dir='ltr'><strong>insignia</strong></span> <span class='ocrx_word' id='word_1_250' title='bbox 803 3641 988 3708; x_wconf 79' lang='lat' dir='ltr'><strong>solita&#39;</strong></span> <span class='ocrx_word' id='word_1_251' title='bbox 1024 3655 1256 3729; x_wconf 82' lang='lat' dir='ltr'><strong>gerere</strong></span> <span class='ocrx_word' id='word_1_252' title='bbox 1300 3645 1634 3730; x_wconf 84' lang='lat' dir='ltr'><strong>nequeunt</strong></span> <span class='ocrx_word' id='word_1_253' title='bbox 1685 3641 1927 3729; x_wconf 81' lang='lat' dir='ltr'><strong>absque</strong></span> <span class='ocrx_word' id='word_1_254' title='bbox 1975 3653 2277 3728; x_wconf 83' lang='lat' dir='ltr'><strong>expressa·</strong></span> <span class='ocrx_word' id='word_1_255' title='bbox 2325 3636 2508 3705; x_wconf 90' lang='lat' dir='ltr'><strong>Sedis</strong></span> 
     </span>
     <span class='ocr_line' id='line_1_33' title="bbox 215 3735 2508 3838; baseline -0.002 -26"><span class='ocrx_word' id='word_1_256' title='bbox 215 3735 906 3835; x_wconf 69' lang='lat' dir='ltr'><strong>Apostolicae&#39;licentia.</strong></span> <span class='ocrx_word' id='word_1_257' title='bbox 940 3746 1105 3828; x_wconf 73' lang='lat' dir='ltr'><strong>Quia</strong></span> <span class='ocrx_word' id='word_1_258' title='bbox 1139 3766 1374 3838; x_wconf 87' lang='lat' dir='ltr'><strong>nempe</strong></span> <span class='ocrx_word' id='word_1_259' title='bbox 1405 3748 1527 3814; x_wconf 89' lang='lat' dir='ltr'><strong>ista</strong></span> <span class='ocrx_word' id='word_1_260' title='bbox 1566 3747 1853 3834; x_wconf 83' lang='lat' dir='ltr'><strong>insignia</strong></span> <span class='ocrx_word' id='word_1_261' title='bbox 1882 3749 2065 3812; x_wconf 88' lang='lat' dir='ltr'><strong>erant</strong></span> <span class='ocrx_word' id='word_1_262' title='bbox 2106 3744 2265 3809; x_wconf 92' lang='lat' dir='ltr'><strong>olim</strong></span> <span class='ocrx_word' id='word_1_263' title='bbox 2287 3741 2508 3808; x_wconf 88' lang='lat' dir='ltr'><strong>Eccle-</strong></span> 
     </span>
     <span class='ocr_line' id='line_1_34' title="bbox 216 3847 2510 3944; baseline -0.001 -25"><span class='ocrx_word' id='word_1_264' title='bbox 216 3853 324 3920; x_wconf 82' lang='lat' dir='ltr'><strong>siae</strong></span> <span class='ocrx_word' id='word_1_265' title='bbox 345 3852 656 3921; x_wconf 64' lang='lat' dir='ltr'><strong>Romanae</strong></span> <span class='ocrx_word' id='word_1_266' title='bbox 687 3847 967 3944; x_wconf 84' lang='lat' dir='ltr'><strong>propria.</strong></span> <span class='ocrx_word' id='word_1_267' title='bbox 1005 3854 1410 3944; x_wconf 85' lang='lat' dir='ltr'><strong>Caeteroquin</strong></span> <span class='ocrx_word' id='word_1_268' title='bbox 1455 3852 1994 3944; x_wconf 74' lang='lat' dir='ltr'><strong>praesumendum¹</strong></span> <span class='ocrx_word' id='word_1_269' title='bbox 2017 3858 2110 3918; x_wconf 87' lang='lat' dir='ltr'><strong>est</strong></span> <span class='ocrx_word' id='word_1_270' title='bbox 2136 3849 2292 3915; x_wconf 90' lang='lat' dir='ltr'><strong>olim</strong></span> <span class='ocrx_word' id='word_1_271' title='bbox 2325 3849 2510 3938; x_wconf 86' lang='lat' dir='ltr'><strong>capi-</strong></span> 
     </span>
     <span class='ocr_line' id='line_1_35' title="bbox 214 3956 2509 4050; baseline 0 -24"><span class='ocrx_word' id='word_1_272' title='bbox 214 3960 377 4040; x_wconf 90' lang='lat' dir='ltr'><strong>tula,</strong></span> <span class='ocrx_word' id='word_1_273' title='bbox 437 3965 781 4049; x_wconf 84' lang='lat' dir='ltr'><strong>antequam</strong></span> <span class='ocrx_word' id='word_1_274' title='bbox 810 3963 1238 4030; x_wconf 86' lang='lat' dir='ltr'><strong>obtinuissent</strong></span> <span class='ocrx_word' id='word_1_275' title='bbox 1267 3962 1553 4050; x_wconf 87' lang='lat' dir='ltr'><strong>insignia</strong></span> <span class='ocrx_word' id='word_1_276' title='bbox 1578 3982 1616 4028; x_wconf 91' lang='lat' dir='ltr'><strong>a</strong></span> <span class='ocrx_word' id='word_1_277' title='bbox 1645 3958 1808 4029; x_wconf 90' lang='lat' dir='ltr'><strong>Sede</strong></span> <span class='ocrx_word' id='word_1_278' title='bbox 1832 3956 2197 4047; x_wconf 85' lang='lat' dir='ltr'><strong>Apostolica</strong></span> <span class='ocrx_word' id='word_1_279' title='bbox 2243 3956 2509 4026; x_wconf 89' lang='lat' dir='ltr'><strong>concedi</strong></span> 
     </span>
     <span class='ocr_line' id='line_1_36' title="bbox 217 4057 2509 4157; baseline -0.001 -21"><span class='ocrx_word' id='word_1_280' title='bbox 217 4068 422 4147; x_wconf 85' lang='lat' dir='ltr'><strong>solita,</strong></span> <span class='ocrx_word' id='word_1_281' title='bbox 451 4069 669 4157; x_wconf 89' lang='lat' dir='ltr'><strong>aliqua</strong></span> <span class='ocrx_word' id='word_1_282' title='bbox 697 4070 760 4135; x_wconf 87' lang='lat' dir='ltr'><strong>ni</strong></span> <span class='ocrx_word' id='word_1_283' title='bbox 1378 4061 1727 4137; x_wconf 63' lang='lat' dir='ltr'><strong>listincti&#39;va</strong></span> <span class='ocrx_word' id='word_1_284' title='bbox 1756 4064 2061 4134; x_wconf 91' lang='lat' dir='ltr'><strong>habuisse</strong></span> <span class='ocrx_word' id='word_1_285' title='bbox 2077 4062 2199 4128; x_wconf 90' lang='lat' dir='ltr'><strong>sibi</strong></span> <span class='ocrx_word' id='word_1_286' title='bbox 2223 4057 2509 4153; x_wconf 84' lang='lat' dir='ltr'><strong>propria,</strong></span> 
     </span>
     <span class='ocr_line' id='line_1_37' title="bbox 218 4170 2510 4263; baseline -0 -22"><span class='ocrx_word' id='word_1_287' title='bbox 218 4174 710 4263; x_wconf 83' lang='lat' dir='ltr'><strong>quibusaclero</strong></span> <span class='ocrx_word' id='word_1_288' title='bbox 1378 4179 1656 4241; x_wconf 76' lang='lat' dir='ltr'><strong>arentur.</strong></span> <span class='ocrx_word' id='word_1_289' title='bbox 1711 4170 1899 4239; x_wconf 87' lang='lat' dir='ltr'><strong>Unde</strong></span> <span class='ocrx_word' id='word_1_290' title='bbox 1956 4175 2244 4236; x_wconf 89' lang='lat' dir='ltr'><strong>remanet</strong></span> <span class='ocrx_word' id='word_1_291' title='bbox 2279 4191 2510 4240; x_wconf 83' lang='lat' dir='ltr'><strong>verum</strong></span> 
     </span>
     <span class='ocr_line' id='line_1_38' title="bbox 220 4273 2510 4373; baseline -0.007 -18"><span class='ocrx_word' id='word_1_292' title='bbox 220 4283 564 4366; x_wconf 81' lang='lat' dir='ltr'><strong>canonicos</strong></span> <span class='ocrx_word' id='word_1_293' title='bbox 588 4304 842 4373; x_wconf 82' lang='lat' dir='ltr'><strong>semper</strong></span> <span class='ocrx_word' id='word_1_294' title='bbox 856 4313 967 4373; x_wconf 77' lang='lat' dir='ltr'><strong>Jus</strong></span> <span class='ocrx_word' id='word_1_295' title='bbox 994 4313 1293 4371; x_wconf 65' lang='lat' dir='ltr'><strong>nanuisse</strong></span> <span class='ocrx_word' id='word_1_296' title='bbox 1314 4280 1393 4348; x_wconf 79' lang='lat' dir='ltr'><strong>ad</strong></span> <span class='ocrx_word' id='word_1_297' title='bbox 1419 4280 1720 4350; x_wconf 88' lang='lat' dir='ltr'><strong>habitum</strong></span> <span class='ocrx_word' id='word_1_298' title='bbox 1755 4276 2174 4367; x_wconf 84' lang='lat' dir='ltr'><strong>insigniorem</strong></span> <span class='ocrx_word' id='word_1_299' title='bbox 2202 4281 2264 4341; x_wconf 91' lang='lat' dir='ltr'><strong>et</strong></span> <span class='ocrx_word' id='word_1_300' title='bbox 2287 4273 2510 4339; x_wconf 88' lang='lat' dir='ltr'><strong>distin-</strong></span> 
     </span>
     <span class='ocr_line' id='line_1_39' title="bbox 219 4378 2510 4479; baseline -0.003 -24"><span class='ocrx_word' id='word_1_301' title='bbox 219 4389 487 4477; x_wconf 82' lang='lat' dir='ltr'><strong>ctivum,</strong></span> <span class='ocrx_word' id='word_1_302' title='bbox 517 4388 667 4457; x_wconf 86' lang='lat' dir='ltr'><strong>licet</strong></span> <span class='ocrx_word' id='word_1_303' title='bbox 699 4391 915 4479; x_wconf 89' lang='lat' dir='ltr'><strong>quoad</strong></span> <span class='ocrx_word' id='word_1_304' title='bbox 948 4392 965 4458; x_wconf 93' lang='lat' dir='ltr'><strong>i</strong></span> <span class='ocrx_word' id='word_1_305' title='bbox 976 4390 1235 4478; x_wconf 87' lang='lat' dir='ltr'><strong>nsignia</strong></span> <span class='ocrx_word' id='word_1_306' title='bbox 1253 4410 1435 4457; x_wconf 91' lang='lat' dir='ltr'><strong>nunc</strong></span> <span class='ocrx_word' id='word_1_307' title='bbox 1462 4388 1595 4455; x_wconf 84' lang='lat' dir='ltr'><strong>fere</strong></span> <span class='ocrx_word' id='word_1_308' title='bbox 1621 4385 1865 4474; x_wconf 90' lang='lat' dir='ltr'><strong>ubique</strong></span> <span class='ocrx_word' id='word_1_309' title='bbox 1903 4384 2110 4463; x_wconf 88' lang='lat' dir='ltr'><strong>solita,</strong></span> <span class='ocrx_word' id='word_1_310' title='bbox 2138 4378 2510 4467; x_wconf 77' lang='lat' dir='ltr'><strong>requiratur</strong></span> 
     </span>
    </p>
   </div>
  </div>
 </body>
</html>
