2930 4982
1243 324 1325 371 DE
1368 322 1696 372 CAPlruus.
2493 325 2563 379 31
2581 326 2614 379 “1

323 468 356 509 «
379 439 654 521 orando,
680 445 992 511 tenentum
1002 443 1202 514 etiam
1219 444 1539 516 celebrare
1556 447 1820 516 missam
1842 448 2370 535 conventualem,
2399 451 2616 524 illam-

326 574 362 615 «
388 570 511 639 que
546 547 874 639 applicare
911 570 1030 639 pro
1066 550 1310 639 quibus
1351 550 1840 622 distributiones
1875 558 1936 620 et
1972 555 2415 625 emolumenta
2456 580 2616 649 per·-

275 711 280 712 f
300 654 657 744 «cipiunt.
716 653 904 734 Quod
959 660 1194 728 autem
1235 656 1431 725 missa
1489 657 1937 730 conventualis
1979 661 2288 750 pertineat
2330 662 2412 730 ad
2467 661 2614 732 orfi-

326 760 566 829 «cium
613 765 679 830 et
723 761 808 828 sit
859 782 1005 851 pars
1056 761 1260 846 illius,
1312 762 1581 832 tradunt
1617 763 1831 853 glossa
1886 764 1978 856 (in
2032 765 2505 838 Clementinam
2557 792 2605 855 1,

320 869 471 935 «De
497 866 723 938 celebr.
758 864 996 955 miss„)
1027 865 1358 936 Navarrus
1399 867 1522 960 <De
1558 869 1892 950 oratione,
1920 893 2063 961 cap.
2115 871 2182 955 2,
2232 896 2300 942 ιι.
2343 873 2456 958 29,
2489 875 2606 944 ubi

317 997 352 1038 α
378 973 569 1064 ponit
615 973 827 1041 missae
873 971 1161 1044 officium
1214 979 1529 1063 tanquam
1585 980 1844 1065 partem.
1887 975 2099 1048 divini
2154 977 2399 1069 officii).
2455 978 2608 1049 offi-

316 1106 352 1147 «
385 1080 569 1156 cium
602 1099 886 1168 namque
913 1078 1252 1162 divinum,
1289 1086 1362 1147 ut
1397 1101 1586 1150 ‹nunc
1631 1081 1943 1168 sumitur,
1974 1086 2073 1149 est
2112 1082 2279 1151 illud
2311 1084 2482 1172 quod
2515 1090 2609 1154 est

312 1212 351 1252 «
381 1185 756 1258 institutum
792 1184 1054 1276 publico
1081 1185 1212 1254 ritu
1244 1185 1330 1253 in¹
1348 1184 1637 1254 ecclesiis
1671 1187 2113 1275 peragendum
2144 1188 2226 1256 ad
2255 1189 2606 1262 colendum

316 1291 602 1361 «Deum
644 1298 703 1358 et
756 1291 1076 1366 orandum
1121 1312 1240 1381 pro
1283 1291 1546 1381 populo.
1603 1289 1673 1361 Si
1725 1292 2011 1381 quidem÷
2046 1293 2128 1360 ad
2174 1292 2355 1364 hunc
2400 1295 2606 1365 finem

315 1399 686 1467 «institutae
715 1402 890 1472 -sunt
935 1397 1225 1465 ecclesiae
1272 1397 1668 1466 cathedrales
1730 1401 1793 1465 et
1848 1398 2203 1487 collegiatae
2250 1421 2403 1470 cum
2457 1423 2606 1493 pro-

313 1531 350 1572 «
381 1506 680 1575 ventibus
721 1503 1262 1572 ministrorum...
1312 1501 1649 1594 Praecipua
1691 1509 1909 1578 autem
1955 1525 2103 1594 pars
2148 1504 2363 1574 cultus
2398 1507 2605 1577 divini

314 1637 349 1681 ι(
376 1617 471 1680 est
496 1611 912 1680 sacrificium.
954 1607 1034 1676 Et
1065 1607 1234 1690 ideo,
1275 1610 1546 1676 nomine
1585 1608 1782 1678 officii
1825 1608 2056 1694 divini,
2093 1609 2270 1678 venit
2298 1611 2606 1702 obligatio

307 1744 353 1785 ff«
376 1717 673 1787 sacrificii
694 1714 1204 1785 conventualiter
1214 1714 1587 1784 exhibendi.
1604 1713 1791 1783 Unde
1811 1716 2073 1805 quando
2096 1722 2382 1807 tempore
2403 1718 2601 1789 inter-

317 1846 354 1902 ᾳ
381 1821 531 1890 dicti
583 1821 1017 1912 prohibentur
1058 1818 1263 1887 officia
1309 1818 1555 1902 divina,
1596 1820 1872 1887 veniunt
1905 1842 1979 1888 ea
2006 1821 2229 1890 omnia
2269 1843 2417 1911 quae
2445 1844 2600 1913 pro-

311 1952 347 1991 «
370 1928 513 2019 pria
539 1934 693 1997 sunt
730 1930 1202 2017 quuscumque
1224 1926 1497 2011 ordiniS,
1539 1930 1670 1992 tam
1700 1924 1862 1993 sacri
1891 1948 2090 2015 quam
2118 1948 2196 1993 ex
2230 1928 2599 1998 minoribus

303 2053 345 2101 (ι
376 2035 472 2125 (ut
504 2035 767 2103 tradunt
791 2034 1151 2119 NavarruS,
1180 2030 1576 2121 Henriquez,
1624 2030 2189 2121 Covarruvias...),
2231 2037 2295 2101 et
2329 2034 2600 2123 proinde

291 2164 349 2218 ,α
374 2140 551 2208 venit
600 2139 795 2208 etiam
846 2138 1065 2212 missa.
1103 2135 1340 2217 Quare
1395 2135 1694 2206 officium
1748 2135 2051 2204 divinum
2104 2139 2600 2226 comprehendit

307 2267 354 2310 (ι
383 2246 714 2324 servitium
747 2245 1031 2316 ecclesiae
1076 2248 1148 2313 et
1181 2242 1437 2320 cultum
1469 2241 1612 2325 Dei,
1654 2246 1717 2309 et
1746 2246 1994 2312 oonstat
2037 2263 2114 2311 ex
2153 2245 2461 2314 omnibus
2495 2246 2600 2315 his

311 2374 352 2415 (ι
380 2350 656 2420 actibus,

404 2479 441 2522 α
465 2455 708 2526 Adesse
747 2461 958 2527 autem
998 2455 1070 2541 in
1098 2452 1388 2523 ecclesiis
1417 2450 1904 2527 cathedralibus
1953 2458 2017 2521 et
2055 2451 2407 2544 collegiatis
2433 2453 2598 2526 obli·

303 2588 344 2629 α
369 2564 701 2654 gationem
747 2557 1052 2661 cantandi
1102 2561 1387 2653 quotidie
1443 2560 1713 2628 missam
1757 2563 2278 2649 conventualem,
2330 2563 2596 2635 tradunt

283 2692 344 2736 ,α
376 2672 818 2751 communiter
877 2670 1165 2750 doctores
1229 2667 1510 2759 (multos
1565 2666 1676 2743 hic,
1738 2682 2082 2744 enumerat
2136 2669 2541 2760 Piqnatellz)
2570 2695 2588 2755 ;

293 2801 346 2840 ,α
368 2776 572 2864 idque
606 2776 732 2843 sub
753 2776 1012 2847 mortali
1037 2799 1055 2855 ;
1079 2775 1230 2863 quia
1256 2779 1350 2842 est
1383 2773 1471 2841 dez
1488 2772 1756 2840 materia
1782 2775 1991 2862 gravi,
2020 2779 2084 2843 et
2108 2796 2256 2862 quae
2288 2776 2594 2845 omnium

307 2902 351 2942 «
377 2879 752 2968 plurimum
778 2879 1124 2947 coniertssad
1149 2880 1449 2947 divinum
1477 2879 1759 2957 cultum,
1792 2879 1899 2945 cui
1924 2877 2206 2951 maxime
2231 2878 2594 2951 detrahere,-

305 2992 512 3070 «tur,
543 2986 683 3057 imo
702 2985 850 3075 plus
872 3005 1073 3073 quam
1103 2987 1308 3051 sinon
1330 2985 1810 3063 celebrarentur
1839 2987 2017 3053 horae
2046 2985 2400 3066 canonicas,
2438 3008 2592 3055 curn

307 3120 343 3160 «
378 3093 597 3182 major
616 3091 699 3160 sit
733 3091 949 3167 cultus
977 3089 1273 3158 sacrificii
1293 3110 1493 3179 quam
1517 3092 1829 3163 horarum
1850 3091 2340 3160 canonicarum.
2375 3091 2592 3161 Stante

307 3224 344 3266 «
378 3205 600 3267 autem
629 3199 945 3287 gravitate
972 3194 1284 3278 materiae,
1316 3196 1643 3284 consurgit
1670 3198 1884 3284 gravis
1912 3195 2244 3284 obligatio,
2279 3221 2312 3262 »

388 3302 639 3374 Validis
653 3301 1016 3370 rationibus
1041 3301 1194 3368 nixa
1216 3300 1480 3370 videtur
1499 3299 1651 3381 haee
1658 3300 1999 3391 Pignatelli
2020 3301 2370 3373 conclusio.
2396 3302 2587 3373 Illam

295 3417 548 3481 tamen
581 3409 989 3478 limitandam
1045 3406 1431 3477 existimavit
1489 3404 2019 3496 Scarfantonius3
2072 3409 2185 3498 qui
2226 3414 2589 3500 postquam

298 3514 576 3586 advertit
611 3515 969 3582 concilium
999 3511 1460 3581 Tridentinum
1510 3513 1694 3601 loqui
1730 3520 1983 3581 tantum
2020 3513 2099 3582 de
2132 3520 2382 3603 septem
2411 3514 2592 3580 horis

296 3623 678 3704 canoniciS,
714 3618 903 3691 silere
946 3624 1180 3685 autem
1198 3618 1303 3685 de
1301 3616 1723 3777 obligatione
1772 3619 2040 3691 missam
2093 3616 2589 3687 conventualem

298 3728 608 3798 cantandi
627 3728 727 3794 sic
758 3724 1011 3793 habet*
1179 3774 1188 3780 ⁴
1835 3746 1838 3750 ’
2012 3764 2017 3774 =

396 3860 433 3901 «
464 3833 897 3910 Statuendum
936 3829 1195 3907 videtu-1·
1233 3825 1440 3917 quod,
1474 3831 1757 3902 cessante
1797 3784 2079 3918 praecisa
2096 3825 2540 3916 obligatione
2521 3850 2590 3897 m

308 3966 343 4008 α
370 3928 751 4013 fundatione
771 3935 1161 4027 collegiatae,
1206 3940 1269 4004 et
1292 3939 1718 4011 concurrente
1741 3935 2062 4007 eontraria
2091 3934 2582 4019 consuetudine,

299 4066 354 4123 ιι·
369 4049 515 4138 oogi
537 4069 669 4117 non
690 4051 960 4138 possunt
980 4043 1303 4123 canonici,
1331 4041 2107 4133 -praesertimcollegiataes
2122 4041 2205 4111 ad
2228 4042 2585 4111 canendam

301 4181 346 4221 xx
371 4157 645 4229 missum
673 4150 1195 4235 conventualem5
1223 4150 1381 4236 quia
1397 4147 1549 4217 lieet
1569 4145 1970 4234 expluribus
1984 4141 2197 4215 Sacrae
2225 4146 2588 4236 Congrege-

297 4277 346 4327 ἀ·
367 4261 567 4330 tionis
606 4259 867 4333 concilii
907 4255 1177 4327 dec-retis
1209 4254 1567 4323 firmatum⁴
1594 4249 1787 4323 fuer-it
1832 4250 2238 4338 quotidianas
2276 4248 2587 4321 distribu-

303 4393 346 4431 r«
375 4369 583 4437 tiones
610 4365 828 4445 deberi
855 4360 1385 4437 interessentibus
1414 4357 1626 4425 missae
1655 4357 2086 4438 conventuali,
2122 4351 2584 4434 idintelligen-
