2930 4982
1177 383 1256 427 ΒΕ
1301 381 1628 429 cunnus.
2455 376 2550 431 45

259 503 375 572 sibi
410 502 680 594 proprio
717 504 1047 594 superiore
1079 503 1467 572 viventium.
1525 506 1951 596 Congregatio
1993 506 2212 575 Sancti
2254 507 2549 599 Sulpitii,

255 609 430 678 verbi
481 609 712 698 gratia,
751 610 934 699 juxta
959 610 1341 700 praedictam
1382 611 1829 681 definitionem
1871 613 2145 682 dicenda
2173 620 2333 681 esset
2361 617 2550 705 capi-

254 716 463 783 tulum
497 739 516 783 z
558 715 884 805 siquidem
923 716 1229 805 quaelibet
1253 714 1638 807 Sulpitianae
1664 719 1925 787 familiae
1953 720 2188 788 domus
2221 725 2316 787 est
2355 719 2548 787 cleri-

253 843 476 889 corum
503 820 863 911 colleqium
891 821 1012 888 sub
1047 844 1180 889 uno
1192 822 1521 913 praelato,
1558 837 1636 891 ut
1665 826 1961 893 membra
1994 827 2112 894 sub
2137 848 2273 894 uno
2301 827 2543 917 capite,

252 926 655 1017 deqentium.
689 925 825 995 Cur
869 932 1089 995 autem
1117 929 1404 1017 rigorem
1437 930 1509 996 in
1553 930 1925 998 definiendo
1958 933 2238 1021 capitulo
2262 933 2547 1001 doctores

247 1041 487 1102 veteres
511 1035 599 1101 ita
624 1033 1050 1122 neglexerint,
1077 1034 1242 1101 ratio
1266 1056 1400 1102 esse
1424 1035 1703 1115 videtur,
1738 1035 1913 1125 quod
1940 1037 2252 1104 omnibus
2271 1037 2546 1127 perfecte

248 1144 478 1206 notum
520 1143 683 1205 esset
721 1138 881 1228 quid
916 1144 1125 1205 essent
1169 1140 1471 1229 capitula,
1524 1162 1642 1208 nec
1673 1141 1804 1207 ulla
1840 1142 2170 1209 videretur
2202 1141 2447 1209 utilitas
2477 1142 2546 1210 in

244 1243 639 1311 collimanda
683 1249 744 1310 et
788 1242 1189 1313 discutienda
1237 1245 1456 1313 stricta
1499 1245 1897 1314 definitione.
1953 1244 2147 1314 Nunc
2190 1267 2344 1314 vero
2377 1252 2546 1314 tem·

244 1348 451 1437 poriS‚
497 1369 650 1415 cum
694 1349 828 1438 ipsa
864 1349 1227 1417 essentialia
1273 1351 1711 1441 capitulorum
1755 1353 1909 1441 jura
1956 1351 2154 1443 (quod
2200 1373 2542 1441 nunquam

237 1453 397 1520 olim
442 1453 787 1546 acciderat)
818 1455 888 1521 in
930 1457 1354 1544 quaestion'em
1404 1462 1741 1540 vocentur,
1779 1457 1891 1525 abs
1921 1480 1990 1524 re
2014 1480 2146 1526 non
2178 1460 2301 1526 erit
2323 1479 2361 1525 a
2391 1456 2544 1524 defi-

241 1560 495 1628 uitione
526 1561 782 1651 proprie
819 1561 992 1628 dicta
1029 1562 1257 1648 ordiri,
1302 1567 1363 1629 et
1385 1584 1653 1629 omnem
1682 1563 2170 1652 ambiguitatem
2211 1586 2249 1633 a
2283 1565 2545 1633 notione

239 1667 355 1749 rei,
391 1667 477 1732 de
501 1688 630 1755 qua
660 1667 1072 1733 tractandum
1098 1673 1214 1746 est,
1249 1690 1608 1736 removere.

322 1772 591 1854 Primo,
637 1777 888 1839 certum
935 1777 1027 1838 est
1074 1778 1135 1839 et
1174 1779 1346 1841 extra
1391 1775 1924 1861 controversiam,
1978 1776 2343 1866 capitulum
2393 1798 2541 1847 esse

239 1879 506 1969 aliquod
534 1880 751 1968 'genus
782 1879 1098 1946 societatis
1127 1878 1465 1962 clericam,
1501 1901 1612 1948 seu
1644 1902 1777 1948 esse
1812 1880 2120 1969 aliquam
2149 1880 2540 1949 clericorum

238 1988 684 2055 societatem:
721 1985 1140 2074 componitur
1188 1985 1367 2052 enim
1417 1987 1668 2054 clericis
1710 1987 1826 2076 qui
1884 1987 2225 2054 communi
2281 1988 2540 2055 actione

236 2096 650 2161 concurrunt
676 2091 755 2158 ad
783 2112 1208 2158 communem
1235 2091 1523 2180 aliquem
1553 2093 1775 2159 finem.

326 2197 673 2279 Secundo,
728 2201 980 2264 certum
1028 2201 1122 2263 est
1170 2197 1436 2286 pariter,
1496 2198 1859 2263 societatem
1914 2196 2096 2263 illam
2152 2198 2542 2266 constituere

228 2325 485 2373 verum
514 2307 577 2368 et
598 2304 932 2388 integrum
963 2322 1201 2389 corpus
1228 2301 1463 2367 sociale
1492 2300 2023 2383 ecclesiasticum,
2057 2301 2127 2366 in
2152 2321 2281 2388 quo
2307 2323 2543 2394 nempe

227 2407 496 2497 aliquis
541 2403 958 2495 praeemineat
1018 2408 1333 2493 tanquam
1382 2409 1597 2496 caput,
1648 2409 1710 2472 et
1757 2404 1866 2472 alii
1914 2404 2164 2472 subsint
2223 2410 2537 2498 tanquam

234 2513 572 2584 membra.
601 2512 692 2579 lta
717 2532 912 2601 supra
936 2510 1124 2578 allata
1153 2511 1442 2580 definitio
1465 2512 1768 2597 affirmat,
1798 2516 1859 2580 et
1886 2516 2100 2580 tenent
2129 2514 2533 2586 unanimiter

239 2622 538 2690 doctores
556 2639 802 2686 omnes.

336 2724 595 2807 Tertia,
651 2728 725 2790 ut
774 2728 939 2790 recte
990 2722 1334 2791 definiatur
1399 2722 1783 2813 capitulum,
1836 2724 2130 2792 definitio
2185 2728 2532 2795 enuntiare

242 2830 426 2899 debet
490 2829 920 2898 differentiam
989 2830 1350 2919 proximam
1415 2850 1545 2917 qua
1607 2829 1777 2896 illud
1847 2830 2080 2896 sociale
2146 2830 2535 2896 clericorum

244 2956 481 3027 corpus
510 2935 594 3003 ab
631 2934 813 3002 omni
865 2934 988 3001 alia
1022 2935 1414 3001 clericorum
1460 2933 1756 3000 societate
1803 2954 1949 3019 quae
1988 2933 2350 3020 capitulum
2402 2954 2533 3001 non

245 3043 343 3125 sit,
380 3045 679 3109 accurate
703 3038 1165 3125 distinguatur.

332 3149 623 3232 Quarto,
657 3144 1021 3212 differentia
1050 3141 1159 3209 illa
1205 3140 1503 3231 proxima
1551 3139 1947 3207 desumenda
1986 3148 2078 3209 est
2113 3165 2187 3209 ex
2227 3143 2356 3210 fine
2384 3145 2531 3233 pri-

248 3252 456 3319 mario
507 3255 570 3318 et
609 3249 929 3317 essentiali
970 3248 1268 3338 capitulis
1319 3246 1609 3337 proprio,
1662 3244 1830 3312 Nam
1878 3247 2201 3314 societates
2239 3249 2526 3337 ejusdem

251 3360 500 3447 generis
544 3358 783 3448 optime
828 3355 1325 3443 distinguuntur
1364 3376 1481 3444 per
1525 3353 1737 3420 varios
1782 3352 1941 3419 fines
1981 3353 2342 3442 unicuique
2383 3377 2531 3445 pro-

249 3465 439 3551 prios,
481 3462 563 3530 Et
589 3461 849 3529 aliunde
879 3482 1011 3527 non
1052 3458 1327 3550 perfecte
1370 3458 1789 3546 cognoscitur
1821 3458 2040 3547 aliqua
2077 3458 2366 3542 societaS‚
2403 3461 2529 3527 nisi

251 3575 671 3657 cognoscatur
698 3567 999 3657 proprius
1028 3568 1168 3655 ejus
1190 3565 1363 3632 finis,

333 3672 613 3755 Quinto,
660 3678 790 3739 tota
829 3693 980 3758 ergo
1021 3670 1367 3736 difficultas
1390 3671 1460 3735 in
1504 3692 1578 3736 eo
1627 3681 1722 3737 est
1758 3674 1834 3736 ut
1873 3668 2340 3735 determinetur
2386 3688 2526 3754 pro·

252 3779 429 3866 prius
460 3785 522 3845 et
540 3776 895 3845 essentialis
931 3773 1370 3863 capitulorum
1399 3773 1572 3836 finis.

331 3883 478 3951 Jam
504 3906 658 3951 vero
695 3884 767 3950 in
796 3878 1184 3972 praecedenti
1228 3875 1432 3965 capite
1467 3873 1813 3965 probatum
1850 3878 1941 3939 est
1985 3873 2185 3939 finem
2212 3874 2402 3943 illum
2425 3900 2526 3946 es·

255 3990 584 4057 sentialem
625 3994 688 4055 et
720 3987 1110 4078 primarium
1161 4005 1294 4050 esse
1341 4003 1585 4048 munus
1633 3976 2021 4058 auoez'lz'cmdz‘
2071 3992 2135 4047 et
2173 3983 2534 4072 supplendi

256 4091 574 4183 Episcopo
604 4094 675 4160 in
713 4091 996 4159 dioecesis
1033 4088 1373 4177 reqimz‘ne.
1406 4088 1579 4154 Hinc
1621 4092 1790 4177 patet
1830 4086 1933 4152 via
1961 4088 2038 4153 ad
2072 4095 2309 4157 rectam
2354 4091 2527 4179 capi-

255 4198 363 4264 tuli
394 4199 869 4283 definitionem,
904 4218 1049 4286 quae
1082 4196 1172 4263 sic
1210 4194 1401 4262 statui
1438 4199 1679 4284 potest:
1738 4192 2101 4283 Colleqz‘um
2141 4196 2526 4263 clericorum

256 4299 332 4366 ab
378 4301 684 4370 Ecclesia
723 4302 1104 4369 institutum
1143 4298 1235 4366 ad
1267 4297 1734 4366 auxiliandum
1767 4310 1830 4365 et
1864 4298 2311 4387 supplendum
2347 4293 2528 4379 Epi-

260 4410 540 4499 scopein
569 4408 856 4476 dioecesz‘s
883 4430 1028 4475 suae
1064 4405 1403 4495 reqimz'ne.
