2930 4982
1163 360 1241 404 nn
1285 360 1609 406 cunnus,
2401 356 2525 412 493

243 477 436 546 nobis
467 498 767 567 quoteam
791 475 1096 545 Urbanus
1124 475 1271 546 Vlll
1300 478 1727 559 confirmavit,
1758 480 1884 548 hoe
1913 482 2107 550 modo
2145 506 2163 550 z
2206 506 2241 547 «
2280 483 2533 576 Exponi

250 608 286 649 «
318 582 505 650 nobis
560 583 710 650 fecit
765 582 1151 650 venerabilis
1197 582 1390 649 frater
1442 581 1793 651 modernus
1837 584 2194 679 Episcopus
2237 588 2318 656 de
2358 590 2533 660 Are-

252 715 287 755 «
315 690 583 780 quippe,
608 687 887 757 ecclesiae
915 687 1208 756 Limanae
1238 688 1713 778 suffraganeus,
1746 690 1918 777 quod
1936 713 2156 782 ‘nuper
2186 716 2223 761 a
2248 717 2527 765 venera-

253 820 287 860 «
312 795 554 863 bilibus
567 794 873 862 fratribus
888 795 1122 862 nostris
1145 781 1381 863 sancta}
1399 794 1705 863 Ecclesiae
1726 793 2029 863 Romanae
2047 797 2524 885 CardinaiibuS,

253 925 288 967 α
313 903 476 968 sacri
529 901 792 969 concilii
842 899 1208 968 Tridentini
1269 902 1760 991 interpretibus,
1813 902 2140 968 emanavit
2200 905 2531 977 decretum

237 1030 285 1070 .«
314 1007 556 1074 tenoris
603 1006 1077 1096 subsequentiS,
1128 1006 1426 1073 videlicet
1471 1029 1488 1073 t
1527 1005 1987 1074 Illustrissimi
2023 1018 2088 1073 et
2127 1012 2530 1081 reverendis-

250 1136 286 1178 «
313 1110 471 1180 simi
512 1111 802 1194 domini,
853 1116 1005 1180 cuin
1052 1115 1126 1179 in
1178 1111 1398 1179 Indiis
1447 1112 1970 1180 occidentalibus
2017 1126 2319 1185 vacasset
2354 1115 2529 1186 sedes

248 1243 281 1283 «
312 1219 902 1311 archiepiscopalis
931 1218 1011 1287 de
1036 1219 1259 1301 Lima,
1291 1219 1676 1310 capitulum
1705 1218 1911 1308 eleqit
1951 1240 2163 1286 unum
2195 1220 2531 1290 vicarium

247 1352 284 1392 ι(
305 1326 839 1416 seu'officialem
873 1325 1096 1416 quoad
1118 1347 1353 1394 causas
1389 1337 1454 1392 et
1483 1326 1754 1416 neqotia
1789 1323 2079 1394 dioecesis
2108 1346 2132 1392 .·
2166 1326 2282 1395 sed
2310 1330 2539 1419 quoad

247 1457 284 1496 «
315 1432 1096 1523 causasappellationum
1129 1453 1276 1521 quoe
1300 1429 1393 1497 acl
1419 1431 1638 1520 ipsam
1668 1430 1884 1498 sedem
1917 1433 2521 1522 metropolitanam

247 1562 283 1602 «
311 1536 823 1622 devolverentur,
870 1535 1075 1626 eleqit
1103 1535 1174 1603 in
1198 1534 1499 1626 judicem
1516 1536 2005 1626 particularem
2034 1540 2362 1607 Ioannem
2405 1544 2528 1611 Ve—

247 1669 281 1708 «
311 1643 599 1734 lasquez,
632 1667 838 1712 sacroe
875 1642 1227 1732 theoloqioe
1262 1641 1618 1727 doctorem,
1668 1666 1818 1710 cum
1849 1654 2077 1711 tamen
2107 1644 2178 1712 in
2222 1646 2528 1737 capitulo

245 1774 280 1815 «
306 1749 605 1818 adessent
626 1751 861 1840 plures
890 1749 1023 1816 alii
1051 1748 1345 1816 doctores
1381 1750 1453 1816 in
1470 1750 1630 1838 jure
1656 1749 1994 1817 canonico.
2032 1754 2128 1819 De
2157 1753 2346 1843 cujus
2370 1755 2527 1823 elec-

241 1880 278 1920 «
310 1857 507 1924 tionis
536 1855 901 1924 validitate
928 1879 1080 1923 cum
1120 1855 1380 1923 dubitet
1414 1856 1784 1946 Episcopus
1824 1855 1902 1922 de
1947 1857 2336 1950 Arequippa
2378 1865 2528 1953 suf-

240 1987 279 2027 «
306 1964 672 2053 fraqanezts
715 1962 910 2031 dietoe
957 1961 1130 2030 sedis
1165 1961 1729 2052 metropolitanae,
1779 1964 2060 2029 recurrit
2097 1963 2191 2030 ad
2240 1969 2526 2036 Sacram

243 2094 279 2132 «
316 2069 942 2158 Conqreqationem,
959 2065 1250 2158 petendo
1276 2064 1795 2134 declarationem
1827 2066 2114 2136 duorum
2145 2067 2522 2141 dubiorum.

246 2199 283 2237 «
309 2174 562 2253 Prim0,
610 2196 700 2239 an
756 2172 850 2239 sit
903 2173 1339 2263 satisfactum
1386 2170 1807 2262 dispositioni
1858 2174 2122 2241 concilii
2183 2175 2353 2264 (sess.
2408 2177 2523 2261 24,

242 2303 278 2341 «
309 2300 367 2345 c.
394 2278 527 2369 16),
545 2278 661 2359 ita
686 2290 764 2345 ut
790 2278 1053 2345 licuerit
1072 2278 1367 2370 capitulo
1392 2277 1687 2346 dividere
1706 2279 2149 2369 coqnitionem
2171 2304 2527 2351 causarum

243 2409 278 2448 «
303 2384 614 2475 eliqendos
645 2384 1142 2466 duos-vicarios·‚
1176 2407 1386 2452 unum
1423 2384 1678 2452 scilicet
1700 2385 1928 2475 ‘quoad
1952 2410 2184 2454 causas
2211 2386 2520 2477 dioecesis,

244 2517 279 2557 «
308 2491 518 2559 alium
536 2516 687 2561 vero
710 2491 940 2584 quoad
957 2490 1562 2583 cazaesasprovincioe
1578 2497 1614 2560 Ρ
1638 2491 1962 2577 SecundO,
1998 2517 2087 2561 an
2092 2498 2398 2585 potuerit
2421 2522 2528 2567 ca-

241 2623 278 2664 «
296 2598 600 2688 pitulum
627 2600 873 2689 eliqere
901 2598 1155 2668 dictum
1186 2602 1513 2666 Ioannem
1560 2598 1942 2689 Velasquez,
1990 2600 2402 2691 qraduatum
2448 2606 2521 2675 in

239 2731 276 2771 «
308 2705 664 2796 theoloqia,
692 2709 844 2773 cum
872 2716 1102 2773 tamen
1120 2704 1421 2786 adessent
1441 2705 1570 2773 alii
1587 2705 1882 2774 doctores
1907 2706 1979 2773 in
1987 2707 2524 2797 jure-canonico?

242 2838 275 2876 «
304 2851 394 2864 -
420 2816 626 2879 Sacra
668 2813 1120 2901 Conqreqatio·
1147 2811 1316 2879 .·›Ad
1346 2812 1973 2903 primumcensuit,
2026 2813 2522 2909 circumscripta

239 2945 276 2981 «
302 2918 644 2985 contraria
704 2917 1171 2985 consuetudine
1239 2918 1539 3007 leqitime
1599 2918 2022 3008 praescripta,
2099 2942 2522 3011 nequaquam

235 3050 276 3088 «
304 3023 563 3090 licuisse
585 3022 910 3113 capitula,
938 3021 1084 3090 sede
1105 3035 1414 3105 vacante,
1443 3023 1607 3091 duos
1631 3024 1916 3091 vicarios
1944 3037 2022 3091 ut
2046 3048 2257 3116 supra
2275 3030 2520 3096 consti-

237 3153 275 3191 «
306 3139 508 3196 tuere.
548 3127 662 3196 Ad
679 3128 1067 3209 secundum,
1106 3128 1398 3197 debuisse
1433 3131 1798 3197 necessario
1828 3131 1987 3221 eliqi
2011 3155 2221 3199 unum
2245 3156 2327 3201 ea·
2367 3158 2522 3224 qra-

235 3258 275 3296 «
301 3231 527 3300 duatis
558 3233 630 3300 in
649 3234 811 3323 jure
830 3231 1147 3304 canonico
1174 3271 1276 3290 -1
1294 3236 1365 3301 S.
1400 3232 1582 3301 card.
1609 3236 1699 3301 'S;
1722 3237 2086 3310 -Susannoe.
2120 3276 2211 3289 -
2237 3241 2521 3331 Prosper

239 3362 273 3402 «
300 3340 675 3427 Faqnanus
700 3377 792 3394 -—
820 3338 964 3407 loco
995 3337 1229 3429 siqilli.
1270 3338 1440 3407 Cum
1461 3344 1688 3424 ‘autem
1724 3340 1940 3408 dictus
1973 3343 2322 3414 modernus
2357 3346 2518 3438 Epi·
2553 3386 2570 3400 -

233 3468 272 3506 «
300 3464 535 3534 scopus
573 3444 1219 3535 plurimum'cupiat
1276 3445 1611 3513 decretum
1657 3444 2036 3535 hujusmodi
2077 3471 2194 3539 pro
2243 3454 2519 3522 firmiori

240 3550 478 3618 «illius
520 3551 933 3618 subsistentia
987 3550 1376 3640 Apostolicae
1424 3558 1681 3619 nostrae:
1719 3553 2228 3623 confirmationis
2288 3559 2521 3627 robore

238 3678 274 3719 «
302 3657 817 3738 communiri,...
845 3656 991 3724 ideo
1018 3656 1227 3724 Nos...
1263 3658 1592 3725 decretum
1640 3657 2094 3747 praeinsertum
2137 3660 2514 3751 hujusmodi

237 3784 272 3825 «
300 3761 670 3852 Apostolica
710 3764 1088 3831 auetoritate
1132 3768 1353 3832 tenore
1397 3764 2162 3855 praesentiumperpetuo
2202 3770 2516 3859 approba-⁴

242 3890 275 3930 «
304 3890 451 3936 mus
494 3874 556 3936 et
604 3870 1202 3962 confirmamus...;
1276 3871 1690 3938 decernentes
1744 3870 1826 3937 ab
1863 3870 2171 3940 omnibus
2218 3875 2300 3942 ad
2355 3899 2515 3965 quos

235 3996 272 4037 «
303 3980 543 4063 spectat
571 3981 634 4042 et
662 3977 730 4043 in
773 3976 1070 4043 futurum
1109 3977 1420 4066 spectabit
1462 3976 1923 4070 inviolabiiiter
1948 3975 2390 4070 observari...‚
2439 4006 2514 4053 ac
2609 4038 2614 4043 .

237 4080 582 4147 «irritum
607 4086 670 4147 et
714 4081 909 4150 inane
952 4082 1006 4149 si
1043 4103 1229 4149 secus
1272 4080 1546 4149 scienter
1590 4083 1692 4150 vel
1744 4082 2116 4170 ignoranter
2171 4089 2515 4178 contigerit

238 4209 272 4249 «
301 4185 686 4252 attentari...'
720 4184 969 4255 Datum
1005 4186 1253 4273 Romae,
1294 4188 1398 4254 die
1438 4189 1480 4253 8
1512 4188 1771 4275 augusti
1812 4187 2006 4270 1625.
2044 4214 2078 4254 »
2123 4190 2510 4281 (Bullarium

239 4313 273 4356 «
303 4289 704 4376 Romanum,
739 4293 894 4360 tomi
923 4293 984 4363 V
1016 4300 1190 4384 parte
1216 4316 1283 4376 v,
1322 4293 1560 4384 pagina
1586 4293 1770 4385 353.)

315 4396 437 4487 obj
447 4398 616 4465 icere
634 4398 895 4487 quidem
913 4405 1123 4489 posset
1144 4401 1380 4489 aliquis
1399 4401 1544 4468 ideo
1562 4401 1901 4491 illegitime
1924 4404 2130 4493 egisse
2150 4401 2508 4491 capitulum
