2930 4982
412 361 427 412 l
450 355 527 410 48
1367 345 1706 395 TRACTATUS

408 511 442 551 «
471 488 715 554 servata
738 501 870 549 non
908 476 1039 567 sit),
1075 472 1336 565 propria
1366 467 1656 550 dimissa,
1696 466 1865 533 intra
1890 468 2145 530 certum
2169 465 2429 550 tempus
2458 459 2691 550 eligere

408 618 443 658 «
476 599 539 660 et
561 587 869 677 consequi
888 584 1121 652 valent.

501 723 534 762 «
564 694 658 764 Ex
701 695 821 761 hac
848 686 1217 757 definitione
1258 683 1604 773 promanat
1623 677 1797 767 quod
1817 675 1993 766 optio
2022 674 2106 741 sit
2139 673 2354 740 debita
2378 674 2692 742 canonico

409 834 440 869 «
469 800 772 872 anteriori
808 799 879 865 in
927 790 1341 885 possessione,
1377 793 1439 855 et
1491 788 1833 875 competat,
1887 801 2019 848 non
2076 779 2324 846 ratione
2372 779 2688 862 muneriS,

411 938 443 977 «
476 909 584 978 sed
621 903 935 994 longioris
959 898 1200 967 servitii
1219 895 1512 964 ecclesiae
1545 890 1807 983 praestiti
1836 918 1851 970 ;
1883 909 1956 955 ac
2005 908 2119 977 per
2161 906 2590 974 consequenS,
2641 887 2692 953 si

412 1042 445 1081 ι(
476 1036 609 1082 non
640 1009 804 1078 adsit
841 1005 1115 1099 speciale
1142 1007 1451 1072 statutum
1477 998 1651 1088 quod
1680 996 1978 1088 praet'erat
2010 992 2351 1060 canonicos
2399 992 2691 1059 sacerdo-

413 1146 445 1185 «
478 1126 593 1205 tes,
634 1118 745 1208 jus
781 1112 1045 1206 optandi
1085 1114 1323 1201 spectat
1363 1108 1442 1175 ad
1481 1103 1914 1192 antiquiorem
1961 1100 2032 1166 in
2088 1097 2347 1166 servitio
2390 1097 2694 1166 Ecclesiae

414 1252 447 1290 «
481 1225 599 1314 qui
627 1229 844 1313 postea
881 1217 1231 1287 sacerdotio
1254 1214 1449 1282 fuerit
1472 1211 1863 1299 insignitus3
1896 1208 2090 1298 prout
2112 1205 2404 1292 sequitur
2440 1203 2511 1269 in
2558 1225 2693 1271 car·

411 1359 446 1398 «
478 1328 810 1400 dinalibus
838 1326 952 1415 qui
986 1328 1210 1415 optant
1247 1321 1489 1405 titulos,
1522 1318 1578 1386 si
1622 1317 1752 1383 sint
1798 1312 2192 1403 antiquiores
2239 1310 2310 1377 i'n
2350 1310 2694 1378 diaconatu

413 1458 670 1528 «supra
724 1431 1083 1502 cardinales
1123 1427 1548 1519 presbyteros.
1586 1422 1708 1490 Per
1750 1421 2080 1510 optionem
2127 1416 2371 1508 praedia
2416 1421 2479 1484 et
2527 1416 2695 1483 bona

412 1569 448 1609 ι(
477 1547 838 1623 mutantur,
875 1547 937 1606 et
959 1537 1275 1605 retinetur
1304 1535 1483 1624 prior
1507 1530 1736 1597 titulus
1756 1525 2200 1609 canonicalis3
2231 1523 2502 1611 ideoque
2540 1544 2694 1589 cum

414 1676 448 1713 «
478 1669 610 1715 non
652 1647 762 1714 fiat
790 1643 1062 1711 mutatio
1102 1639 1301 1717 tituli,
1329 1658 1463 1704 non
1485 1640 1577 1703 est
1604 1655 1768 1726 opus
1814 1631 2191 1699 auctoritate
2227 1627 2552 1696 Ordinarii
2579 1649 2697 1717 pro

322 1792 327 1797 -
416 1780 451 1818 ι(
482 1751 831 1821 obtinenda
861 1747 1222 1818 collatione.
1264 1743 1562 1831 Denique
1590 1763 1665 1809 ex
1703 1739 1929 1807 eadem
1960 1736 2344 1804 definitione
2371 1732 2696 1820 colligitur

413 1886 447 1926 «
476 1860 651 1951 quod
679 1859 854 1950 optio
899 1853 1183 1922 vacantis
1209 1849 1573 1941 praebendae
1602 1847 1684 1916 ab
1709 1845 2074 1934 antiquiore
2107 1842 2248 1910 fieri
2271 1840 2499 1909 debeat
2529 1838 2695 1905 infra

417 1992 451 2032 ι(
480 1971 732 2035 certum
778 1969 1058 2052 tempUS,
1092 1978 1325 2046 nempe
1354 1956 1431 2023 de
1457 1957 1607 2046 jure
1637 1952 1980 2022 communi
2016 1950 2185 2017 infra
2206 1946 2436 2036 viginti
2482 1944 2617 2012 dies
2658 1964 2695 2010 a

417 2100 452 2139 «
480 2076 581 2142 die
604 2069 978 2155 vacationiS,
1033 2067 1165 2133 sive
1202 2063 1417 2154 potius
1445 2061 1623 2128 illius
1649 2057 2024 2126 verisimilis
2048 2055 2314 2124 notitiae.
2364 2052 2456 2121 Eo
2487 2049 2691 2139 negli-

426 2206 459 2244 «
482 2184 670 2269 gente
689 2177 791 2245 vel
807 2178 1164 2253 recusante,
1185 2168 1398 2237 statim
1415 2169 1525 2256 jus
1534 2165 1814 2257 optionis
1829 2163 2192 2234 devolvitur
2209 2161 2291 2229 ad
2308 2157 2695 2227 canonicum

421 2313 456 2352 «
489 2267 924 2374 antiquiorem
962 2277 1333 2347 immediate
1377 2278 1776 2362 sequentem.
1826 2294 1861 2335 »
1914 2266 2453 2358 (Scarfantonius,
2502 2269 2554 2329 t.
2614 2260 2690 2346 11,

414 2413 479 2481 p.
530 2390 682 2471 147,
722 2388 875 2454 edit.
929 2384 1147 2465 Lucae,
1194 2377 1420 2468 1723.)
2356 2372 2366 2379 ’

478 2496 571 2563 >ln
603 2500 770 2563 statu
801 2489 1101 2584 praesenti
1134 2485 1567 2554 ecclesiarum
1592 2483 1842 2574 Galliae,
1876 2503 2030 2551 cum
2059 2478 2418 2573 praebendae
2454 2476 2689 2578 consis-

404 2608 540 2671 tant
568 2604 637 2669 in
665 2598 986 2669 Gubernii
1010 2591 1352 2685 stipendio,
1382 2592 1619 2681 aequali
1650 2612 1767 2681 pro
1792 2612 1831 2657 o
1853 2589 2120 2658 mnibus
2145 2585 2495 2664 canoniciS‚
2549 2584 2693 2651 huic

400 2708 539 2797 juri
569 2705 834 2798 optandi
855 2705 1035 2772 locus
1070 2721 1201 2767 non
1233 2703 1356 2766 est.
2450 2714 2464 2718 ·

1356 2973 1640 3034 CAPUT
1694 2972 1756 3030 II

1217 3153 1292 3195 DE
1334 3148 1881 3196 DISTRIBUTIONIBUS

1498 3353 1602 3430 §1

776 3520 956 3558 EARUM
996 3519 1185 3571 ORIGO,
1220 3518 1284 3555 ΕΤ
1320 3516 1519 3555 TEXTUS
1556 3516 1705 3557 JURIS
1739 3516 1806 3554 DE
1835 3516 1917 3554 EIS
1952 3516 2334 3555 DECERNENTES

508 3692 568 3758 1.
595 3689 706 3758 lvo
730 3687 1138 3757 Carnotensis
1156 3685 1512 3776 Episcopus
1536 3684 2021 3753 distributiones
2046 3684 2424 3774 hnjusmodi
2449 3684 2695 3773 primus

421 3796 798 3885 excogitavit
823 3794 912 3885 (1)
939 3819 955 3863 z

516 3902 692 3966 Cum
736 3901 807 3967 in
835 3898 1367 3989 quampluribm,
1418 3897 1658 3985 inquit,
1701 3894 2165 3963 canonicorum
2200 3893 2698 3963 carnotensium

419 4005 809 4073 desuevisset
840 4004 1206 4096 disciplinae
1233 4001 1564 4093 reqularis
1601 4000 2045 4086 observantia,
2075 4014 2152 4069 ut
2194 4000 2271 4069 de
2298 3998 2699 4091 neqliqenti-

420 4112 538 4179 bus
577 4114 862 4203 facerem
911 4110 1280 4201 diliqenteS,
1330 4106 1408 4175 de
1450 4104 1659 4174 tardis
1713 4105 2006 4175 assiduos
2052 4106 2145 4175 ad
2180 4102 2699 4198 frequentandas

420 4220 615 4287 horas
659 4216 1033 4303 canonicas,
1061 4215 1422 4284 deliberavi
1459 4212 1647 4306 apud
1685 4237 1812 4295 me,
1846 4227 1922 4282 ut
1952 4214 2178 4284 darem
2220 4215 2308 4283 eis
2349 4212 2699 4282 dimidiam

485 4417 550 4479 (1)
577 4414 651 4465 lta
682 4411 896 4464 affirmat
927 4410 1226 4461 Benedictus
1252 4410 1359 4462 XIV
1391 4413 1442 4460 in
1469 4412 1574 4463 suis
1598 4410 2007 4461 Institutionibus
2037 4410 2213 4462 eccles,
2245 4410 2387 4474 (inst.
2419 4412 2532 4470 207,
2563 4409 2593 4472 ἓ
2619 4407 2693 4469 7).
