2930 4982
1141 323 1222 370 DE
1263 322 1592 371 cunnus.
2384 323 2419 379 3
2428 323 2462 379 3
2472 324 2504 378 ‘1

245 439 472 508 fructus
517 441 909 532 praebendae‚
959 442 1030 512 id
1073 448 1193 531 est,
1242 442 1404 512 duas
1448 443 1664 512 tertias
1693 451 1902 534 partes
1936 449 2268 539 pensionis
2300 473 2321 520 ε
2354 474 2511 523 nam

243 546 502 635 tertiam,
545 554 765 639 utpote
796 550 876 618 de
909 550 1062 639 jure
1088 547 1489 639 quotidianis
1517 549 2079 623 distributionibus
2107 555 2505 647 deputatam,

240 652 512 721 fecerunt
549 676 761 725 suam.
822 655 1073 745 Tertio,
1119 655 1307 724 facile
1331 677 1447 747 per
1469 677 1814 726 recursum
1840 659 1923 727 ad
1941 657 2243 731 Sanctam
2272 663 2507 736 Sedem

238 759 691 830 condonabitur
732 763 907 853 quod
953 763 1128 831 bona
1155 762 1286 831 fide
1314 763 1384 830 in
1412 762 1536 832 hac
1565 785 1638 832 re
1667 785 2009 855 perperam
2032 774 2249 836 actum
2271 777 2390 859 est,
2419 772 2510 842 ita

238 869 302 931 ut
341 886 470 934 non
514 874 859 938 teneantur
894 870 975 937 ad
1022 870 1518 938 restitutionem.
1563 894 1597 934 α
1627 867 1802 939 Solet
1828 876 2074 958 tamen,
2106 874 2194 940 ait
2216 872 2509 947 Scarlan·

244 972 505 1040 «tonius
552 973 738 1064 (tom.
797 973 878 1055 ll,
917 996 1067 1064 pag.
1108 974 1261 1059 183,
1289 996 1360 1042 n.
1394 974 1507 1056 20,
1540 975 1695 1044 edit.
1727 974 1951 1060 Lucae,
1999 976 2225 1069 1723),
2254 1000 2292 1048 a
2324 979 2514 1054 Sacra

241 1100 271 1142 α
298 1076 815 1170 Congregatione
880 1079 1145 1147 concilii
1206 1081 1562 1150 condonari
1605 1082 1925 1152 restitutio
1972 1084 2309 1154 fructuum
2366 1107 2516 1177 per-

237 1205 269 1247 «
298 1190 665 1273 ceptorum,
708 1183 971 1275 quando
1011 1184 1275 1255 omissio
1318 1186 1731 1277 professionis
1774 1187 1922 1257 fidei
1951 1187 2123 1257 bona
2145 1189 2273 1258 fide
2296 1195 2518 1262 secuta

234 1312 268 1351 ι(
295 1287 450 1372 fuit;
477 1298 547 1358 ut
569 1292 663 1382 (in
694 1291 1141 1381 Bisignanensi
1180 1294 1259 1360 17
1297 1294 1555 1382 augusti
1590 1293 1785 1392 1630)
1818 1319 1835 1363 ;
1867 1297 2086 1363 Sacra
2120 1296 2510 1388 Conqreqa-

239 1417 268 1455 «
300 1393 415 1482 tio,
443 1407 708 1465 attenta
728 1397 1018 1465 oratoris
1045 1397 1218 1466 bona
1247 1398 1408 1488 fide,
1435 1400 1548 1468 illi
1574 1400 1975 1472 condonavit
2002 1423 2226 1470 omnes
2247 1403 2513 1492 fructus

239 1524 269 1563 «
294 1500 602 1571 hactenus
618 1516 995 1596 pereept03‚
1030 1505 1132 1573 ita
1169 1516 1424 1593 tamen,
1461 1517 1538 1572 ut
1568 1507 1835 1597 aliquid
1858 1507 2286 1598 eleemosynoe
2322 1510 2515 1578 arbi-

241 1631 270 1671 «
295 1608 415 1676 trio
438 1611 548 1678 sui
567 1611 955 1703 confessarii
961 1611 1379 1703 pauperibus
1408 1613 1666 1682 Christi
1688 1613 2091 1704 elarqiatur,
2125 1626 2189 1682 et
2212 1614 2514 1684 eamdem

240 1737 269 1776 «
290 1714 446 1803 fidei
474 1719 959 1809 professionem
1011 1740 1233 1786 coram
1280 1742 1397 1788 suo
1449 1718 1805 1789 ordinario
1834 1773 1853 1806 ,
1902 1721 1998 1789 ad
2027 1721 2205 1790 sacri
2243 1723 2516 1791 concilii

241 1845 270 1883 «
299 1821 668 1893 Tridentini
681 1817 1174 1916 praescriptum,
1200 1824 1442 1893 iterum
1462 1827 1750 1896 emittat.
1785 1852 1820 1891 >³

1156 2099 1442 2162 CAPUT
1494 2099 1582 2159 Vl

266 2270 582 2320 OBLIGATIO
626 2273 960 2319 ASSISTENDI
1002 2273 1274 2320 GAPITULI
1319 2272 1908 2330 DELIBERATIONIBUS,
1954 2273 2030 2318 ΕΤ
2072 2274 2246 2318 VARIA
2287 2275 2474 2319 1111le

1191 2376 1558 2425 ACCEI’TANDI

317 2563 626 2633 «Omnes
672 2570 735 2634 et
778 2565 1048 2654 singuli,
1102 2564 1341 2654 quibus
1392 2585 1525 2632 non
1574 2563 1749 2633 deest
1775 2585 1895 2631 vox
1919 2566 1990 2631 in
2019 2564 2326 2655 capitu10,
2359 2572 2516 2635 sunt

236 2671 583 2740 «obstricti
646 2672 726 2740 ad
776 2671 1106 2741 ordinaria
1161 2676 1226 2738 et
1276 2669 1784 2740 extraordinaria
1837 2670 2119 2762 capitula
2181 2672 2507 2739 accedere.

235 2802 270 2839 «
292 2777 466 2846 Nam
518 2779 800 2868 capitula
846 2779 1169 2848 celebrare
1212 2784 1307 2846 est
1350 2778 1789 2846 necessarium
1833 2778 1915 2844 ad
1956 2783 2209 2844 rectum
2236 2777 2517 2848 ecclesias

238 2904 272 2941 «
304 2881 749 2968 guberuium3
791 2883 881 2949 ita
907 2904 1131 2950 omnes
1171 2907 1189 2950 z
1226 2890 1289 2949 et
1315 2882 1626 2970 obligatio
1663 2902 1812 2969 quae
1844 2879 2078 2947 residet
2104 2880 2278 2969 apud
2309 2884 2515 2949 totum

236 2986 693 3077 «capitulum,
748 2987 911 3054 inest
955 2989 1151 3054 etiam
1206 2987 1484 3073 singulis
1532 2985 1872 3052 membris.
1925 2983 2282 3068 Aliorsum,
2335 2985 2387 3053 si
2424 2985 2515 3055 fas

240 3117 271 3155 «
300 3095 423 3161 erit
455 3095 577 3162 uni
607 3093 923 3162 canonico
952 3093 1195 3179 abesse,
1227 3090 1450 3158 licebit
1480 3095 1545 3157 et
1569 3088 1780 3172 alteri,
1811 3094 1872 3158 et
1900 3088 1994 3157 sic
2021 3090 2350 3160 omnibus.
2384 3092 2516 3162 Nec

242 3199 454 3269 «facit
511 3200 725 3268 dicere
748 3253 766 3286 ,
824 3200 1000 3290 quod
1045 3221 1178 3269 uno
1225 3220 1360 3266 non
1407 3202 1816 3289 comparente
1870 3198 2084 3265 caeteri
2140 3198 2479 3289 suppleant
2490 3228 2509 3289 3

239 3308 543 3375 «etenim
589 3313 907 3396 quantum
951 3307 1022 3374 in
1068 3328 1136 3375 se
1181 3313 1303 3394 est,
1352 3325 1486 3374 non
1539 3303 1819 3372 efficitur
1864 3301 2246 3392 capitulum,
2290 3312 2353 3374 et
2379 3306 2514 3398 ipse

244 3436 274 3474 «
301 3434 436 3480 non
477 3413 818 3504 respondet
857 3412 1071 3481 officio
1116 3434 1255 3480 suo,
1296 3409 1521 3500 Neque
1549 3432 1587 3478 a
1616 3409 1809 3500 culpa
1831 3416 2168 3479 excusatur
2194 3432 2328 3478 non
2357 3432 2515 3479 con-

244 3517 567 3612 ‹fveniens
617 3525 695 3586 ut
734 3520 923 3586 evitet
967 3519 1431 3601 altercationeS‚
1487 3538 1882 3607 cognoscens
1930 3538 1997 3584 se
2030 3517 2346 3586 biliosum
2383 3538 2517 3583 esse

245 3632 361 3690 «et
411 3623 599 3692 facile
640 3625 711 3692 in
757 3624 1346 3692 excandescentiam
1394 3622 1692 3692 devenire
1735 3645 1752 3689 :
1784 3622 2146 3713 praesertim
2178 3623 2393 3712 prima
2419 3619 2520 3686 di-

246 3752 275 3790 «
301 3730 511 3818 gnitas
530 3738 592 3799 et
620 3738 813 3822 caput
836 3730 1210 3818 collegiatis,
1234 3730 1427 3817 cujus
1446 3728 1901 3819 praesentiaest
1924 3728 2135 3815 magis
2164 3723 2520 3793 necessaria

246 3838 378 3904 «in
408 3838 719 3929 capitulo.
764 3836 972 3921 Alias,
1005 3836 1247 3926 absque
1270 3838 1444 3925 justa
1479 3854 1669 3903 causa
1710 3852 1749 3901 a
1772 3833 2053 3923 capitulo
2075 3829 2518 3922 approbanda,

250 3966 280 4005 «
303 3964 436 4010 non
473 3945 910 4013 interveniens
934 3944 1309 4011 mulctatur.

337 4051 671 4142 «Insuper
709 4057 801 4119 est
836 4050 1282 4119 adnotandum
1306 4049 1482 4138 quod
1511 4049 1665 4116 licet
1689 4046 1973 4115 liberum
1999 4045 2081 4109 sit
2104 4043 2526 4131 quibuscum-

259 4178 288 4216 «
315 4177 436 4245 que
485 4157 951 4248 capitularibus
992 4158 1126 4226 dies
1177 4156 1484 4225 absentiae
1532 4175 1570 4218 a
1620 4172 1800 4218 saoro
1830 4148 2118 4217 concilio
2140 4148 2523 4221 Tridentino

261 4283 291 4322 ι(
316 4262 630 4352 irrogatos
648 4263 1011 4343 desumere,
1037 4262 1231 4330 etiam
1251 4260 1484 4328 diebus
1498 4255 1741 4345 quibus
1755 4254 2028 4324 habetur
2047 4257 2432 4346 capitulum,
2452 4251 2526 4312 ut

261 4387 290 4426 e<
315 4367 722 4435 consentiunt
748 4387 975 4435 omnes
995 4392 1012 4451 3
1041 4364 1483 4432 nihilominus
1508 4362 1575 4430 id
1592 4362 2013 4431 limitandum
2033 4366 2126 4429 est
2145 4362 2305 4428 dum
2323 4376 2397 4423 ex
2415 4347 2525 4416 tali

509 4472 514 4473 ⁷
2206 4480 2235 4522 2
2253 4479 2278 4520 2
