2930 4982
1242 324 1324 371 ΒΕ
1368 322 1695 372 cavimus.
2491 327 2563 380 31
2580 328 2613 381 7

323 466 356 507 «
379 438 654 520 orando,
680 444 991 510 tenentur
1002 443 1201 513 etiam
1218 443 1539 515 celebrare
1556 447 1819 516 missam
1842 449 2369 536 conventualem,
2398 451 2615 525 illam-

324 572 361 613 «
387 568 510 637 que
546 545 874 637 applicare
910 570 1030 639 pro
1065 548 1324 671 quibus⁶
1351 550 1839 622 distributiones
1872 558 1935 621 et
1971 556 2414 626 emolumenta
2455 581 2615 650 per-

299 653 656 742 «cipiunt.
714 652 903 733 Quod
958 660 1194 728 autem
1234 655 1430 725 missa
1489 657 1937 730 conventualis
1978 662 2287 751 pertineat
2329 663 2411 731 ad
2466 662 2613 733 orfi-

324 783 357 825 α
384 758 565 827 cium
612 764 678 829 et
722 760 805 827 sit
859 781 1004 851 pars
1055 761 1259 846 illius,
1310 762 1580 832 tradunt
1616 764 1830 853 glossa
1885 764 1978 856 (in
2032 766 2503 839 Clementinam
2556 794 2603 856 1,

319 867 470 933 «Dc
496 865 722 936 celebr.
757 864 939 933 miss,
946 863 996 955 ),
1026 865 1357 936 Navarrus
1398 867 1521 960 <De
1559 870 1891 950 oratione,
1919 893 2062 962 cap.
2114 872 2181 956 2,
2231 897 2299 942 ιι.
2341 874 2454 959 29,
2488 876 2603 946 ubi

316 995 351 1036 α
377 972 568 1062 pon-it
613 971 826 1040 missae
871 971 1160 1044 officium
1214 978 1528 1063 tanquam
1583 980 1834 1065 partem
1886 975 2098 1048 divini
2153 978 2398 1070 officii).
2454 979 2606 1050 offi-

315 1104 351 1145 «
383 1078 567 1155 cium
599 1099 884 1167 namque
911 1077 1250 1162 divinum,
1285 1085 1360 1147 ut
1395 1101 1586 1150 snunc
1629 1082 1942 1169 sumitur,
1973 1088 2070 1150 est
2113 1082 2278 1151 illud
2309 1085 2481 1172 quod
2514 1091 2607 1155 est

311 1210 349 1250 «
379 1184 755 1257 institutum
793 1183 1052 1275 publico
1079 1185 1211 1253 ritu
1241 1185 1310 1253 in
1347 1185 1635 1254 ecclesiis
1670 1188 2112 1276 peragendum
2143 1189 2225 1257 ad
2254 1189 2605 1263 colendum

314 1289 599 1359 «Deum
642 1297 701 1357 et
754 1289 1075 1365 orandum
1118 1312 1239 1381 pro
1281 1290 1545 1381 populo.
1601 1289 1672 1361 Si
1723 1292 2009 1381 quidem÷
2045 1294 2127 1361 ad
2175 1293 2354 1365 hunc
2399 1296 2605 1366 finem

313 1422 348 1462 «
375 1397 684 1465 institutae
711 1401 888 1468 -sunt
936 1396 1224 1465 ecclesiae
1271 1397 1666 1466 cathedrales
1728 1402 1792 1466 et
1847 1399 2202 1487 collegiatae
2249 1421 2402 1470 cum
2458 1424 2606 1493 pro-

311 1528 348 1569 «
379 1504 678 1573 ventibus
719 1502 1260 1571 ministrorum...
1310 1501 1647 1593 Praecipua
1689 1509 1908 1578 autem
1953 1525 2101 1595 pars
2147 1504 2361 1575 cultus
2397 1507 2605 1577 divini

312 1635 347 1679 ι(
374 1614 468 1678 est
494 1610 910 1678 sacrificium.
952 1606 1032 1675 Et
1063 1606 1232 1690 ideo,
1273 1610 1544 1676 nomine
1582 1607 1781 1677 officii
1823 1608 2055 1693 divini,
2094 1610 2268 1679 venit
2296 1612 2603 1703 obligatio

314 1742 351 1783 ι(
373 1716 674 1785 sacrificii
693 1713 1202 1783 conventualiter
1212 1713 1585 1783 exhibendi.
1601 1713 1789 1784 Unde
1808 1715 2072 1805 quando
2092 1721 2380 1808 tempore
2400 1719 2599 1790 inter-

315 1844 352 1883 «
378 1820 525 1889 dicti
581 1818 1015 1911 prohibentur
1056 1817 1261 1888 officia
1307 1818 1553 1902 divina,
1593 1820 1869 1887 veniunt
1903 1842 1977 1888 ea
2004 1822 2227 1891 omnia
2266 1844 2415 1912 quae
2446 1845 2598 1913 pro-

309 1950 345 1989 «
368 1927 510 2017 pria
537 1932 690 1995 sunt
726 1928 1200 2016 cujuscumque
1222 1925 1495 2010 ordiniS‚
1536 1929 1668 1992 tam
1697 1925 1860 1993 sacri
1890 1948 2087 2014 quam
2115 1949 2193 1994 ex
2228 1929 2597 1998 minoribus

302 2053 344 2098 (ι
374 2033 469 2123 (ut
501 2033 764 2102 tradunt
788 2032 1149 2118 Navarrus,
1178 2029 1575 2120 Henriquez,
1623 2029 2186 2121 Covarruvias...)‚
2228 2039 2291 2101 et
2326 2034 2598 2124 proinde

302 2162 347 2204 α
373 2139 549 2205 venit
596 2138 791 2206 etiam
843 2136 1062 2208 missa.
1122 2134 1338 2216 Quare
1393 2134 1692 2206 officium
1744 2134 2049 2204 divinum
2102 2139 2597 2227 comprehendit

305 2265 352 2308 «
381 2244 710 2322 servitium
743 2244 1028 2314 ecclesiae
1073 2247 1142 2312 et
1178 2241 1434 2314 cultum
1465 2240 1610 2325 Dei,
1651 2245 1712 2309 et
1743 2246 1992 2312 constat
2034 2264 2111 2312 ex
2150 2245 2459 2316 omnibus
2493 2247 2598 2316 his

306 2372 347 2413 (ι
374 2348 653 2422 actibus,

397 2477 434 2520 α
460 2453 706 2524 Adesse
745 2459 956 2527 autem
995 2454 1067 2522 in
1095 2407 1385 2522 ecclesiis
1414 2415 1900 2529 cathedralibus
1950 2458 2013 2522 et
2051 2452 2405 2545 collegiatis
2431 2454 2596 2527 obli·

303 2585 344 2626 α
367 2562 698 2651 gationem
746 2562 1048 2630 cantandi
1098 2561 1385 2652 quotidie
1439 2559 1708 2628 missam
1753 2563 2275 2650 conventualem,
2327 2564 2594 2635 tradunt

281 2688 342 2733 ‚n
373 2670 815 2749 communiter
873 2653 1161 2741 doctores
1225 2666 1506 2758 (multos
1560 2666 1672 2734 hic
1735 2682 2079 2744 enumerat
2133 2670 2539 2760 Piqnatellz)
2567 2696 2584 2756 ;

301 2773 568 2862 «idque
601 2775 726 2842 sub
748 2775 1008 2846 mortali
1033 2798 1051 2854 ;
1073 2774 1227 2862 quia
1252 2778 1346 2841 est
1380 2772 1467 2840 de-
1484 2771 1752 2840 materia
1779 2775 1988 2862 gravi,
2017 2780 2080 2842 et
2102 2796 2253 2863 quae
2284 2776 2591 2846 omnium

305 2899 348 2939 «
374 2877 746 2966 plurimum
771 2878 1019 2945 confert
1040 2879 1120 2944 ad
1145 2879 1446 2946 divinum
1473 2879 1755 2957 cultum,
1789 2879 1895 2945 cui
1922 2878 2203 2952 maxime
2227 2879 2591 2953 detrahere,-

303 3010 342 3051 α
371 2990 507 3068 tur,
538 2984 677 3055 imo
697 2984 844 3074 plus
865 3004 1068 3071 quam
1098 2985 1305 3050 sinon
1327 2984 1807 3063 celebrarentur
1836 2987 2013 3054 horae
2042 2985 2396 3067 canonicae,
2435 3009 2589 3056 curn

305 3117 341 3157 «
374 3092 592 3180 maj0r
611 3090 693 3158 sit
729 3089 944 3158 cultus
972 3087 1269 3156 sacrificii
1290 3109 1490 3176 quam
1514 3090 1825 3163 horarum
1847 3092 2335 3162 canonicarum.
2371 3092 2588 3163 Stante

305 3222 342 3263 «
374 3202 595 3265 autem
624 3196 940 3285 gravitate
967 3193 1280 3276 materiae,
1312 3194 1642 3283 consurgit
1667 3198 1881 3283 gravis
1908 3196 2239 3286 obligatio.
2275 3222 2308 3263 »

383 3301 634 3372 Validis
649 3300 1011 3370 rationibus
1037 3300 1189 3366 nixa
1211 3299 1477 3377 videtur
1496 3298 1995 3390 haee-Pignatelli
2015 3302 2366 3374 conclusio.
2392 3304 2583 3377 Illam

293 3413 542 3479 tamen
577 3407 984 3476 limitandam
1040 3404 1427 3476 existimavit
1485 3403 1970 3475 Scarfantonius
1996 3436 2015 3496 ;
2068 3410 2183 3499 qui
2222 3415 2585 3501 ‘postquam

296 3512 571 3584 advertit
607 3513 965 3580 concilium
994 3509 1456 3579 Tridentinum
1506 3512 1690 3600 loqui
1724 3518 1979 3581 tantum
2016 3514 2095 3580 de
2128 3521 2378 3604 septem
2406 3516 2588 3582 horis

294 3621 654 3702 canonicis,
709 3617 897 3689 silere
941 3622 1174 3683 autem
1193 3616 1298 3682 de
1295 3616 1718 3775 obligatione
1767 3619 2036 3691 missam
2088 3619 2585 3688 conventualem

296 3726 602 3795 cantandi
622 3727 722 3792 sic
753 3722 1006 3791 habete·
2008 3764 2011 3775 .

390 3857 428 3898 t(
458 3831 891 3908 Statuendum
931 3827 1190 3895 videtur
1228 3824 1434 3916 quod,
1469 3776 1752 3901 cessante
1792 3784 2059 3918 praecisa
2094 3826 2535 3918 obligatione
2517 3851 2585 3898 m

301 3926 746 4007 «fundatione
767 3934 1155 4025 collegiatae,
1201 3940 1263 4003 et
1287 3938 1713 4007 concurrente
1736 3936 2056 4007 contraria
2085 3935 2577 4021 consuetudine,

295 4047 510 4136 eoogi
531 4067 666 4115 non
684 4049 955 4136 possunt
975 4042 1297 4122 canonici,
1330 4043 2099 4132 praesertimcollegiataef
2116 4042 2199 4112 ad
2222 4043 2579 4111 canendam

299 4178 352 4225 «a
367 4155 639 4227 missam
667 4148 1189 4234 conventualem5
1217 4148 1376 4235 quia
1393 4147 1543 4213 lieet
1563 4145 1963 4233 expluribus
1977 4141 2191 4215 Saorae
2219 4147 2582 4237 Congrege-

293 4274 344 4325 ιι(
363 4259 560 4328 tionis
600 4257 860 4331 concilii
902 4253 1171 4327 decretis
1203 4253 1561 4325 firmatum·
1589 4249 1782 4319 fuerit
1825 4250 2232 4339 quotidianas
2270 4249 2580 4322 distribu-

299 4389 343 4428 Ἰ(ι
370 4367 575 4434 tiones
602 4363 823 4443 deberi
849 4359 1380 4429 interessentibus
1408 4357 1621 4425 missoe
1649 4357 2079 4439 conventuali,
2115 4358 2183 4427 id
2210 4353 2577 4435 intelligen-
