2930 4982
410 288 535 346 560
1376 296 1723 346 nactum

404 417 808 510 reperientur
845 417 1127 503 excepta.
1174 413 1401 506 Excipi
1430 420 1650 484 autem
1676 411 2198 506 jurisdictionem
2223 410 2587 501 delegatam
2611 411 2693 480 de

404 547 533 616 qua
559 527 775 613 agitur
813 542 947 592 non
981 526 1155 588 certo
1198 520 1535 611 probatur,
1588 544 1743 590 eum
1792 518 2193 589 contrarium
2233 518 2317 586 sit
2359 516 2441 585 ad
2479 517 2701 594 minus

404 632 586 700 valde
610 627 969 721 probabile.
1004 626 1071 695 3ο
1098 626 1244 695 Jam
1273 651 1425 697 vero
1456 630 1703 698 habens
1734 625 2156 720 probabiliter
2183 625 2468 718 aliquam
2494 626 2701 714 juris-

404 738 781 819 dictionem,
824 741 889 803 et
927 735 1199 825 insuper
1244 736 1512 805 titulum
1550 736 1935 816 coloratum,
1989 738 2196 823 potest
2232 736 2371 799 tuto
2400 732 2469 797 in
2519 732 2698 822 praxi

400 843 585 911 illam
621 841 1150 933 jurisdictionem
1196 864 1521 924 exercere3
1558 844 1716 933 quia
1758 846 1813 910 si
1843 841 2002 909 forte
2051 838 2163 906 illa
2219 838 2692 920 destitueretur,

404 949 679 1018 ecclesia
708 947 1062 1037 suppleret.
2401 942 2406 945 ⁴

493 1053 580 1122 V.
614 1055 720 1121 An
744 1065 809 1119 et
850 1050 1178 1142 quomodo
1208 1054 1580 1144 capitulum
1605 1051 1911 1121 succedat
1945 1051 2019 1119 in
2041 1048 2690 1141 jurisdictionalibus

406 1184 555 1252 quoe
581 1170 736 1226 sunt
767 1155 1021 1224 ordinis
1048 1157 1492 1248 episcopalis?
1538 1196 1631 1210 —-
1658 1157 2105 1226 Indubitatum
2146 1161 2241 1225 est
2266 1156 2374 1223 illa
2391 1155 2693 1244 jurisdic-

405 1266 669 1335 tioualia
696 1264 777 1331 ad
799 1264 1160 1354 capitulum
1193 1286 1327 1332 non
1352 1265 1604 1332 devolvi
1629 1264 1979 1332 exercenda
1998 1284 2113 1353 per
2137 1263 2496 1353 ipsummet
2524 1263 2690 1353 capi-

405 1373 618 1439 tulum
641 1376 752 1437 aut
769 1371 910 1459 ejus
930 1370 1274 1456 vicarium,
1306 1371 1468 1438 dum
1500 1371 1609 1438 hic
1638 1370 1996 1460 Episcopus
2023 1390 2157 1436 non
2181 1374 2295 1435 est.
2325 1366 2687 1457 (Fagnanus

403 1480 475 1548 in
504 1500 563 1545 c.
609 1476 735 1543 His
763 1499 935 1565 quoe,
973 1474 1065 1543 De
1092 1478 1322 1565 major.
1368 1483 1430 1544 et
1456 1477 1677 1559 obed„
1708 1499 1776 1542 n.
1808 1476 1945 1563 64.)
1970 1474 2446 1543 Verumtamen
2480 1474 2689 1542 devol-

402 1584 578 1651 vitur
605 1582 683 1650 ad
709 1582 1074 1671 capitulum
1100 1590 1373 1673 potestas
1397 1605 1471 1650 ea
1495 1583 1828 1650 exercendi
1857 1604 1974 1673 per
1992 1582 2226 1658 alium,
2255 1603 2367 1648 seu
2394 1582 2688 1647 commit-

274 1697 277 1700 ’
403 1688 581 1757 tendi
631 1688 895 1755 illorum
921 1688 1300 1755 exercitium
1345 1689 1528 1755 alteri
1572 1689 1691 1777 qui
1742 1688 2107 1756 charactere
2159 1686 2507 1778 episcopali
2533 1686 2690 1754 insi-

403 1796 624 1884 gnitus
644 1795 746 1860 sit.
780 1793 970 1883 (Vide
998 1792 1202 1883 Fagn.
1221 1845 1240 1880 ,
1267 1795 1428 1862 ibid.
1453 1822 1471 1881 ;
1494 1833 1584 1846 —
1605 1800 1670 1861 et
1692 1795 2121 1881 Leurenium‚
2153 1797 2369 1862 Tract.
2405 1791 2487 1859 de
2512 1792 2691 1883 capi-

404 1901 574 1985 tulo,
597 1898 744 1972 sede
771 1921 948 1985 vac.,
968 1906 1195 1988 quaest.
1227 1899 1413 1991 466.)
1449 1927 1484 1965 t<
1508 1898 1909 1991 Capitulum,
1940 1900 2029 1967 ait
2041 1899 2322 1967 Barbosa
2347 1898 2488 1989 (Ius
2509 1897 2688 1977 eccl„

410 2029 445 2069 α
476 2005 522 2072 l.
574 2027 666 2088 ιιι,
713 2027 773 2072 c.
800 2002 914 2089 32,
964 2025 1034 2071 n.
1083 2003 1222 2093 89),
1272 2006 1557 2073 succedit
1614 2006 1684 2071 in
1727 2005 2138 2073 concedenda
2186 2004 2453 2071 licentia
2482 2009 2687 2072 extero

412 2136 447 2175 «
478 2110 798 2202 Episcopo
818 2109 1157 2177 exercendi
1189 2111 1585 2201 pontificalia
1615 2110 1686 2177 in
1719 2110 1989 2178 ecclesia
2018 2115 2305 2178 vacante.
2335 2135 2371 2173 »
2420 2134 2458 2175 «
2485 2110 2691 2200 Atque

412 2240 448 2282 «
482 2218 570 2284 ita
592 2222 862 2307 potestas
885 2216 996 2283 illa
1015 2237 1149 2286 non
1177 2216 1541 2285 devolvitur
1561 2218 1639 2285 ad
1662 2216 2038 2307 proximum
2056 2218 2492 2307 superiorem,
2520 2216 2691 2284 verbi

411 2347 445 2386 ιι
477 2324 684 2412 gratia
724 2322 1306 2413 Archiepiscopum
1334 2329 1444 2390 aut
1486 2325 1945 2414 patriarcham,
1980 2322 2093 2412 qui
2122 2344 2193 2390 ea
2232 2344 2352 2412 per
2406 2324 2691 2416 seipsum

411 2454 447 2494 «
476 2430 791 2520 expediat,
821 2430 923 2497 vel
951 2431 1340 2498 visitatorem
1362 2453 1478 2522 per
1501 2452 1700 2520 quem
1725 2431 2149 2523 expediantur
2176 2427 2561 2516 constituat3
2590 2427 2694 2496 sed

408 2560 443 2598 «
470 2537 702 2623 poterit
724 2535 1081 2625 capitulum
1109 2537 1211 2603 vel
1235 2539 1376 2626 ejus
1403 2537 1684 2605 vicarius
1713 2539 1988 2606 invitare
2010 2537 2308 2604 vicinum
2343 2540 2455 2602 aut
2481 2535 2692 2600 alium

262 2665 284 2685 ·
410 2661 446 2702 α
474 2636 899 2728 Episcopum,
950 2641 1064 2727 qui
1120 2640 1189 2706 in
1228 2643 1499 2710 ecclesia
1537 2649 1804 2711 vacante
1847 2648 1911 2711 et
1938 2642 2197 2710 dioecesi
2222 2639 2493 2728 capitulo
2521 2639 2682 2705 sub·

411 2774 445 2812 «
469 2749 662 2838 jecta,
698 2770 770 2816 ea
793 2770 939 2837 quae
963 2747 1212 2816 ordinis
1247 2755 1400 2817 sunt
1436 2750 1818 2842 episcopalis
1846 2756 2156 2818 exerceat.
2192 2775 2224 2814 >³
2267 2746 2684 2838 (LeureniuS,

402 2855 546 2922 loco
569 2855 813 2945 citato.)

490 2961 604 3027 Jus
651 2967 870 3028 autem
900 2962 1064 3033 illud
1109 2961 1376 3052 capituli
1409 2963 1561 3030 «ideo
1603 2963 1686 3030 ab
1714 2963 2025 3033 omnibus
2064 2961 2416 3031 canonistis
2453 2960 2686 3048 absque

400 3066 536 3135 ulla
564 3069 996 3135 controversia
1039 3068 1428 3188 admittitur,
1459 3071 1613 3158 quia
1638 3071 1911 3137 omnino
1941 3075 2193 3137 certum
2229 3072 2325 3137 est
2361 3090 2440 3134 ex
2472 3066 2681 3132 decre·

400 3172 510 3240 tali
539 3172 854 3240 Bonifacii
887 3172 1036 3241 VllI
1065 3174 1157 3242 sic
1186 3174 1630 3243 decernentis:
1671 3177 1839 3242 Cum
1874 3175 2109 3244 nullus
2140 3172 2461 3243 clericum
2491 3192 2685 3262 paro·

342 3355 348 3362 ,
402 3278 568 3345 clzioe
608 3279 877 3365 alienoe,
901 3293 1156 3369 proeter
1194 3283 1555 3372 superioris
1603 3283 1808 3373 ipsius
1838 3282 2211 3365 licentiam,
2251 3281 2486 3349 debeat
2513 3276 2684 3346 ordi-

400 3404 616 3450 nare..
632 3383 855 3462 „sede
870 3399 1174 3466 vacante,
1203 3388 1608 3475 capitulum,
1639 3411 1754 3455 seu
1779 3390 1839 3458 is
1862 3388 1956 3456 ad
1970 3411 2166 3479 quem
2190 3401 2353 3455 tunc
2377 3384 2681 3476 temporis

405 3488 902 3557 administratio
953 3490 1412 3580 spiritualium
1458 3493 1752 3561 noscitur
1786 3496 2170 3585 pertinere,
2190 3493 2355 3561 dare
2403 3501 2679 3582 possunt

403 3595 743 3665 licentiam
769 3594 1149 3665 ordinandi.
1181 3597 1362 3690 (Cap.
1399 3601 1572 3668 Cum
1595 3601 1857 3687 nullus,
1889 3601 1969 3668 de
1993 3600 2399 3744 temporibus
2433 3599 2679 3667 ordina·

402 3703 687 3788 tionum,
715 3701 782 3769 in
808 3701 1033 3792 sexto.)

490 3810 708 3879 Monet
724 3815 939 3878 autem
959 3809 1307 3900 Fagnanus
1329 3815 1691 3903 capitulum
1710 3819 1775 3881 et
1789 3813 2117 3881 vicarium
2138 3810 2563 3901 capitularem
2590 3813 2679 3888 ut,

403 3933 558 3979 cum
579 3915 735 3981 dant
753 3914 1471 4004 praedictamlicentiam
1483 3918 1681 3987 alicui
1704 3919 1918 3987 vicino
1933 3916 2275 4008 EpiscopO,
2298 3915 2430 3983 hoc
2455 3917 2684 3982 saciant

403 4041 548 4117 cum
567 4022 841 4088 cauteloe
861 4021 1106 4105 studio,
1123 4022 1329 4104 idest,
1349 4047 1499 4091 eum
1515 4025 2010 4114 protestatione
2033 4020 2213 4112 quod
2217 4044 2349 4113 per
2370 4021 2497 4089 hoc
2520 4016 2687 4088 nihil

385 4112 563 4213 juris
584 4122 694 4188 illi
719 4127 1050 4219 Episcopo
1071 4129 1484 4220 acquiratur.
1518 4129 1714 4220 (Loco
1743 4150 1938 4220 supra
1962 4129 2177 4213 citato,
2205 4149 2275 4194 n.
2311 4126 2426 4196 64.
2436 4124 2457 4214 )

487 4227 579 4296 Ex
598 4227 820 4295 dictis
803 4251 873 4296 ιιι
897 4233 1023 4302 hoc
1036 4241 1099 4302 et
1123 4235 1509 4325 praecedenti
1525 4236 1763 4325 capite,
1786 4235 1976 4302 facile
1993 4234 2276 4305 advertet
2293 4233 2525 4314 lector,
2556 4249 2681 4297 nou

400 4356 584 4422 posse
618 4335 689 4402 in
725 4340 819 4401 sat
868 4338 1092 4406 multis
1132 4342 1321 4409 clare
1365 4341 1786 4410 determinari
1830 4341 2352 4431 jurisdictionem
2384 4336 2678 4430 capituli,
