2930 4982
486 343 611 402 ⁴52
1469 344 1810 390 rmemws

492 500 529 542 α
570 491 782 542 mores
808 468 1159 561 pertinent,
1205 466 1434 534 delecti
1470 487 1587 554 pro
1614 463 1948 531 moribus:
1980 461 2050 528 in
2082 461 2423 551 temporali
2454 459 2703 529 adminis-

490 604 524 645 α
568 578 867 662 tratione,
923 576 1111 645 electi
1154 596 1272 665 pro
1302 573 1495 641 rebus
1533 569 2026 662 temporalibus.
2069 568 2307 637 Praeter
2355 568 2515 636 alios
2553 573 2706 635 rector

489 709 524 752 α
568 683 926 767 seminarii,
964 687 1109 749 tum
1155 682 1348 748 etiam
1394 679 1676 746 ministri
1708 678 1821 766 qui
1873 677 2224 765 aliquando
2282 677 2552 743 vocandi
2573 679 2708 741 erunt

486 817 521 858 κ
567 813 687 883 pro
707 791 984 877 negotiis
1008 788 1375 857 tractandis.
1410 786 1482 853 ln
1515 785 2013 873 congregatione
2055 784 2496 874 spiritualium
2522 802 2706 867 rerum,

486 923 523 965 α
568 918 642 965 ea
659 899 1099 987 proponantur
1130 914 1204 960 ac
1233 890 1674 959 deliberentur
1699 912 1845 980 quae
1879 890 1958 957 ad
1984 888 2429 980 disciplinam,
2455 908 2642 954 mores
2656 906 2705 952 ac

483 1028 522 1069 α
566 1002 779 1070 studia
811 1001 1156 1091 pertinent.
1208 999 1283 1067 ln
1339 997 1676 1088 temporali
1717 1002 1935 1063 autem
1978 995 2479 1085 congregatione
2519 1014 2588 1062 ea
2607 1013 2708 1083 per-

479 1137 518 1178 «
562 1113 917 1177 tractentur
938 1129 1082 1197 quae
1109 1106 1185 1173 ad
1204 1105 1584 1174 domesticas
1608 1104 2167 1193 rationes,jurium
2180 1102 2704 1182 conservationem,

478 1242 514 1282 α
553 1216 875 1283 bonorum
906 1211 1503 1303 amplificationem,
1538 1210 1933 1301 praediorum
1963 1215 2025 1276 et
2051 1209 2290 1277 aedium
2352 1206 2706 1275 instauratio-

477 1348 511 1389 «
558 1344 709 1391 nem
727 1327 790 1390 et
816 1321 1229 1406 locationem,
1256 1319 1594 1386 fructuum
1624 1317 2043 1400 exactionem,
2082 1336 2515 1405 expensarum
2569 1317 2705 1382 totius

476 1454 510 1495 α
556 1428 716 1498 anni
744 1427 1045 1509 rationes,
1073 1431 1135 1494 et
1171 1449 1315 1515 quae
1363 1426 1442 1493 ad
1484 1424 1609 1492 alia
1648 1424 1942 1513 ejusdem
2000 1421 2253 1511 generis
2284 1427 2596 1512 spectant.
2625 1421 2705 1488 Res

474 1560 511 1601 «
557 1557 781 1604 omnes
808 1535 885 1601 de
926 1532 1169 1622 quibus
1197 1532 1268 1598 in
1302 1531 1798 1621 congregatione
1853 1530 2017 1597 inita
2064 1533 2159 1595 est
2194 1527 2601 1614 consultatiO,
2649 1527 2706 1596 ad

470 1665 505 1704 «
546 1638 881 1708 reverend.
927 1637 1538 1727 Archiepiscopum,
1596 1659 1748 1704 cum
1796 1637 1933 1726 ipse
1970 1634 2445 1724 congregationi
2477 1656 2599 1700 non
2627 1634 2704 1699 in-

470 1768 504 1809 «
550 1745 867 1829 terfuerit,
893 1744 1287 1824 referantur3
1316 1743 1426 1830 qui
1465 1742 1599 1808 sive
1631 1740 2114 1830 congregationi
2140 1738 2417 1826 intersit,
2441 1739 2565 1806 sive
2580 1759 2701 1820 non,

465 1874 499 1915 α
548 1849 667 1918 ubi
688 1850 1145 1938 deputatorum
1172 1847 1555 1914 sententiam
1588 1848 1806 1936 (quam
1841 1852 2058 1913 tamen
2079 1867 2153 1912 ex
2193 1845 2447 1912 decreto
2477 1845 2705 1935 provin-

467 1980 502 2021 «
553 1956 699 2023 ciali
724 1955 907 2043 sequi
933 1975 1064 2021 non
1094 1953 1378 2043 cogitur)
1405 1954 1704 2038 audierit,
1729 1952 1864 2042 ipse
1884 1952 2192 2020 deliberet
2220 1972 2294 2017 ac
2313 1954 2546 2017 statuat
2572 1969 2705 2038 quae·

461 2048 500 2122 ¹«
550 2081 833 2148 cumque
866 2080 980 2149 pro
1011 2080 1129 2126 sua
1158 2058 1389 2148 pietate
1440 2080 1516 2126 ac
1558 2058 1897 2148 prudentia
1929 2058 2007 2124 ad
2039 2057 2366 2124 seminarii
2400 2057 2703 2123 utilitatem

464 2191 499 2232 α
543 2166 793 2257 potiora
822 2188 957 2234 esse
977 2164 1456 2233 existimaverit.
1483 2164 1819 2255 Quidquid
1844 2163 2074 2232 deinde
2103 2163 2437 2231 reverend.
2466 2162 2703 2231 Archie-

459 2299 496 2341 «
546 2274 810 2365 piscopo
833 2272 1185 2353 videbitur,
1225 2278 1436 2339 rector
1462 2272 1602 2362 ipse
1626 2272 2118 2363 quamprimum
2149 2270 2563 2360 etdiligenter
2583 2289 2703 2335 exe-

460 2404 496 2444 «
542 2385 807 2468 quatur,
863 2378 990 2445 nisi
1031 2379 1234 2444 alium
1275 2377 1448 2446 idem
1503 2379 2048 2469 Archiepiscopus
2096 2377 2428 2468 delegarit.
2467 2400 2502 2442 »
2549 2373 2705 2464 (Acta

447 2482 734 2551 ecclesiae
763 2480 1286 2570 MediolanensiS‚
1316 2487 1364 2550 t.
1400 2482 1491 2562 V,
1513 2506 1577 2574 p.
1612 2481 1797 2574 863.)

1365 2712 1654 2819 cAp‘nT
1708 2760 1797 2818 xl

446 2931 649 2977 uranu
707 2932 1042 2977 cAm‘rumu
1089 2932 1187 2978 ms
1246 2931 1488 2975 mmm
1539 2931 1823 2977 amenum
1876 2932 2114 2984 Auomn
2175 2932 2335 2978 sowi
2385 2933 2421 2976 A
2477 2929 2698 2977 novum

1431 3024 1756 3081 nncnr‘ns?

532 3217 846 3285 Prohibet
872 3219 1205 3285 decretum
1228 3218 1490 3286 concilii
1509 3215 1875 3287 Tridentini
1897 3221 1979 3311 (c.
2015 3222 2122 3305 14,
2149 3244 2302 3289 sess,
2336 3220 2447 3312 24)
2478 3216 2691 3288 etbulla

443 3321 643 3391 sancti
667 3321 867 3405 PiiV,
928 3327 1187 3389 Durum
1234 3324 1454 3407 nimia,
1492 3346 1573 3391 ne
1601 3347 1717 3414 pro
1748 3326 1984 3395 talibus
2035 3330 2513 3420 receptionibus
2530 3324 2686 3416 quid-

439 3447 637 3519 quam
667 3426 982 3514 exigatur,
1007 3427 1204 3514 idque
1221 3427 1344 3493 sub
1370 3430 1582 3517 poenis
1602 3429 2028 3518 gravissimis.
2061 3433 2249 3514 Quod
2280 3441 2494 3502 tamen
2523 3430 2686 3501 intel-

437 3533 780 3627 ligendum
808 3530 931 3601 suh
951 3531 1490 3621 explicationibus
1520 3556 1679 3623 quas
1706 3537 1800 3605 sic
1830 3539 2024 3606 tradit
2051 3539 2398 3609 Monacelli
2428 3564 2445 3608 ε

537 3672 573 3713 «
598 3631 744 3712 Non
778 3647 995 3711 autem
1019 3641 1232 3709 omnis
1252 3642 1473 3730 petitio
1497 3664 1645 3733 quae
1675 3644 1746 3710 fit
1771 3667 1808 3711 a
1843 3647 2143 3736 capitulis
2165 3652 2227 3714 et
2247 3648 2483 3714 solutio
2508 3668 2545 3712 a
2567 3662 2690 3735 pro-

448 3776 485 3818 «
507 3753 661 3820 visis
690 3756 782 3818 est
811 3749 1039 3817 illicita
1075 3775 1090 3817 :
1122 3750 1429 3839 quoniam
1469 3750 1685 3841 plures
1708 3757 1860 3818 sunt
1899 3774 2085 3820 casus
2127 3754 2197 3821 in
2230 3754 2475 3843 quibus
2513 3752 2691 3840 dispo-

446 3881 483 3926 «
510 3858 653 3925 sitio
680 3857 879 3946 hujus
904 3854 1100 3922 bullae
1121 3877 1253 3922 non
1289 3854 1508 3921 intrat.
1544 3854 1690 3923 Non
1712 3858 1888 3924 enim
1915 3859 2411 3949 comprehendit
2450 3874 2692 3927 consue-

445 3987 479 4030 «
512 3966 767 4034 tudines
795 3968 857 4031 et
891 3968 1122 4031 'statuta
1151 3963 1391 4050 quibus
1410 3962 1780 4051 disponitur
1819 3966 1992 4053 quod
2019 3967 2102 4032 ab
2130 3962 2577 4033 obtinentibus
2600 3964 2695 4030 be-

443 4094 478 4135 α
508 4069 737 4135 neficia
764 4074 825 4135 et
855 4068 1275 4137 canonicatus
1303 4067 1373 4134 in
1422 4068 1899 4137 cathedralibus
1943 4077 2005 4138 et
2042 4071 2401 4160 collegiatis
2430 4055 2693 4139 ecelesiis

434 4201 467 4240 »
507 4175 761 4242 olvatur
790 4179 852 4241 et
867 4175 1159 4261 exigatur
1187 4175 1465 4263 aliquid,
1501 4177 1675 4263 quod
1710 4198 1838 4243 non
1869 4178 1936 4243 in
1980 4178 2277 4267 ipsorum
2307 4178 2690 4267 exigentium

440 4307 476 4348 «
498 4282 902 4363 sutilitatem,
963 4301 1085 4343 nec
1109 4302 1227 4366 pro
1262 4282 1560 4369 ingressu
1605 4287 1666 4347 et
1691 4282 2079 4350 admissione
2130 4280 2690 4374 accipiatur,sedin

435 4410 469 4449 «
500 4386 899 4472 aliquospios
928 4402 1085 4446 usus
1107 4390 1515 4454 convertatur
1542 4388 1703 4457 :hoc
1728 4390 1966 4458 etenim
2006 4389 2257 4479 nullam
2288 4385 2565 4459 avaritiae
2588 4402 2690 4453 seu
