2930 4982
354 391 436 448 46
1326 400 1664 449 TRACTATUS

440 520 699 590 Dicitur
724 521 809 590 ab
835 521 1126 590 Ecclesia
1169 522 1589 605 institutum,
1624 527 1700 589 ut
1742 522 2061 590 institutio
2097 522 2209 590 illa
2249 521 2430 611 juris
2468 543 2657 590 com-

353 628 576 698 munis
625 633 688 697 et
736 627 1125 697 universalis
1199 628 1644 717 distinguatur
1688 648 1725 695 a
1774 627 2149 718 particulari
2206 624 2654 716 institutione,

351 758 483 827 qua
511 734 870 825 Episcopus
908 733 1160 824 aliquos
1203 732 1471 802 clericos
1512 735 1583 802 in
1605 754 1839 824 corpus
1876 733 2202 823 quoddam
2246 734 2659 803 coadunaret

350 848 424 910 ut
462 842 588 910 sibi
622 847 834 911 essent
870 862 906 908 a
949 838 1258 909 consiliis.
1315 839 1566 909 Dicitur
1610 838 1703 908 ad
1752 839 2228 909 auxiliandum
2275 840 2653 932 Episcop0‚

354 969 590 1038 nempe
644 947 790 1016 sede
837 945 1076 1037 plena;
1122 952 1184 1015 et
1228 946 1485 1015 additur
1537 946 1631 1016 ad
1678 945 2150 1038 supplendum,
2206 969 2449 1037 nempe
2506 949 2659 1017 sede

351 1059 615 1123 vacante
642 1073 754 1122 seu
782 1058 1041 1123 mortuo
1070 1052 1408 1144 Episcopo,

441 1159 536 1227 Ex
573 1159 684 1227 illa
731 1165 945 1227 autem
998 1158 1369 1226 definitione
1418 1159 1715 1249 quaedam
1765 1159 2133 1227 immediate
2173 1158 2390 1226 fluunt
2438 1158 2658 1226 corol-

351 1267 547 1333 laria:
579 1267 641 1332 1⁰
671 1264 926 1354 Aliquis
964 1285 1097 1332 non
1134 1265 1551 1332 constituitur
1584 1265 1929 1334 canonicus
1969 1288 2088 1356 per
2104 1267 2215 1355 jus
2239 1265 2322 1332 ad
2359 1264 2659 1354 aliquam

352 1371 810 1464 praebendam3
847 1371 916 1439 2⁰
958 1393 1079 1439 nec
1125 1392 1239 1462 per
1271 1373 1385 1462 jus
1427 1372 1509 1439 ad
1555 1372 1933 1441 habendum
1973 1371 2235 1440 stallum
2283 1372 2354 1438 in
2401 1372 2651 1457 choro;

354 1476 422 1547 3⁰
456 1501 573 1547 nec
603 1499 719 1569 per
749 1477 1216 1567 obligationem
1252 1478 1331 1545 ad
1366 1479 1697 1568 publicam
1739 1479 1935 1546 officii
1972 1477 2456 1546 recitationem.
2500 1476 2659 1546 Haec

354 1584 574 1652 omnia
613 1584 852 1652 scilicet
893 1584 1272 1652 secundaria
1312 1590 1491 1665 sunt,
1528 1590 1590 1653 ct
1614 1607 1651 1653 a
1668 1582 1816 1676 jure
1853 1584 2149 1676 capitulis
2196 1602 2489 1669 annexa,
2524 1605 2657 1652 non

354 1695 571 1757 autem
605 1689 811 1778 ipsam
841 1689 1109 1780 capituli
1145 1689 1486 1758 essentiam
1520 1690 1942 1758 constituunt.
1978 1689 2406 1758 Constituitur
2438 1696 2682 1757 autem*

356 1797 706 1863 canonicus
734 1816 851 1886 per
878 1797 1460 1886 incorporationem
1492 1798 1559 1863 in
1589 1797 1937 1887 collegium
1967 1797 2131 1864 illud
2162 1797 2335 1885 quod
2366 1783 2460 1863 acl
2486 1795 2667 1863 auxi·
2723 1795 2729 1800 “

354 1900 649 1968 liandum
693 1905 755 1966 et
800 1901 1240 1991 supplendum
1280 1902 1595 1993 Episcopo
1642 1903 1724 1970 ab
1766 1898 2052 1972 Ecclesia
2102 1907 2195 1969 est
2246 1903 2657 1969 institutum.

356 2004 543 2086 Quod
585 2006 960 2095 collegium,
1006 2008 1253 2076 etiamsi
1296 2009 1479 2076 nullo
1522 2010 1861 2099 temporali
1904 2009 2113 2076 reditu
2162 2008 2558 2094 donaretur,
2593 2011 2655 2074 et

362 2109 612 2177 etiamsi
653 2109 736 2177 ab
759 2110 1041 2180 Ecclesia
1071 2114 1415 2202 aliquando
1440 2115 1772 2182 tolleretur
1804 2113 2106 2203 obligatio
2132 2112 2324 2180 officii
2358 2114 2428 2179 in
2458 2114 2659 2182 choro

361 2215 620 2305 publice
665 2216 1001 2298 recitandi,
1041 2219 1469 2287 nihilominus
1506 2240 1655 2286 vere
1692 2223 2049 2286 remaneret
2098 2216 2491 2308 capitulum,
2539 2239 2660 2286 nec

358 2321 725 2411 putandum
773 2331 933 2392 esset
954 2347 991 2393 a
1033 2327 1164 2395 suis
1194 2326 1635 2394 essentialibus
1675 2325 1999 2403 excidisse.
2040 2325 2093 2392 E
2144 2329 2370 2395 contra
2421 2347 2579 2394 vero
2607 2325 2660 2393 si

362 2427 718 2515 capitulum
792 2429 1050 2518 aliquod
1113 2431 1498 2522 spoliaretur
1556 2433 1707 2519 jure
1780 2432 2130 2499 auxiliandi
2194 2438 2255 2499 et
2304 2431 2658 2520 supplendi

357 2531 695 2622 Episcop0‚
728 2534 976 2602 etiamsi
1009 2540 1304 2625 pergeret
1339 2535 1470 2601 frui
1516 2535 1879 2626 praebendis
1920 2542 1983 2603 et
2010 2541 2268 2603 cantare
2313 2536 2381 2600 in
2417 2535 2649 2619 chor0,

352 2639 490 2727 jam
524 2639 840 2707 rationem
882 2641 1146 2731 capituli
1191 2642 1527 2726 amisisset,
1571 2642 1733 2709 etin
1777 2662 2023 2709 novum
2052 2641 2229 2709 aliud
2266 2642 2650 2709 transiisset.

356 2746 545 2815 Unde
585 2752 788 2838 potest
835 2748 1101 2839 quidem
1151 2749 1434 2819 Ecclesia
1481 2751 1758 2841 capitula
1805 2752 2234 2843 supprimere,
2293 2771 2430 2817 non
2477 2773 2636 2819 vero
2700 2807 2705 2812 .

360 2853 568 2922 facere
593 2860 668 2921 ut
694 2857 926 2924 amisso
972 2877 1245 2925 munere
1279 2847 1644 2925 'auxiliandi
1685 2857 1999 2950 Episcopo
2054 2857 2124 2925 in
2154 2857 2435 2925 ecclesiae
2477 2853 2655 2947 regi-

364 2963 564 3045 mine,
604 2961 948 3051 collegium
991 2963 1254 3052 aliquod
1305 2964 1693 3032 clericorum
1732 2966 1811 3032 sit
1831 2967 1969 3054 jam
2016 2987 2249 3033 verum
2300 2971 2361 3031 et
2398 2963 2655 3055 proprie

368 3063 610 3133 dictum
642 3069 1021 3157 capitulum.
2087 3059 2092 3064 ’

1457 3230 1570 3307 §3

1106 3410 1434 3448 CAPITULORL'
1443 3410 1480 3447 M
1514 3410 1688 3447 VARIAE
1715 3412 1918 3448 SPECIES

452 3579 884 3669 Distinguitur
929 3583 993 3649 1ο
1025 3588 1101 3651 In
1131 3585 1487 3675 capitulum
1518 3586 1772 3678 proprie
1797 3588 2050 3655 ‘dictum
2087 3611 2200 3657 seu
2242 3589 2648 3671 cathedrale,

369 3687 470 3753 cui
501 3687 617 3755 soli
645 3688 944 3757 convenit
979 3712 1172 3781 supra
1202 3691 1394 3759 allata
1440 3692 1766 3780 definiti03
1808 3699 1869 3761 et
1899 3694 1971 3761 in
2009 3696 2369 3786 capitulum
2406 3696 2655 3786 impro-

369 3792 504 3877 prie
539 3791 807 3876 dictum,
853 3818 964 3864 seu
1005 3796 1383 3888 colleqiale‚
1424 3800 1598 3888 quod
1644 3822 1879 3889 nempe
1921 3800 1989 3865 in
2034 3801 2383 3888 alia'quam
2434 3802 2653 3869 cathe-

372 3898 532 3963 drali
559 3902 816 3970 ecclesia
845 3912 1133 3976 erectum
1163 3909 1302 3976 fuit.
1333 3909 1406 3975 In
1441 3908 1881 3995 collegialibus
1909 3909 2211 3998 capitulis
2240 3910 2460 3977 deficit
2485 3908 2648 3977 illud

371 4002 544 4088 quod
573 4024 767 4094 supra
794 4013 1192 4080 ostendimus
1220 4033 1353 4079 esse
1381 4011 1767 4101 primarium
1804 4020 1865 4079 et
1888 4015 2217 4081 essentiale
2258 4015 2327 4081 in
2355 4014 2651 4104 capitulis

372 4107 626 4196 proprie
649 4109 855 4197 dictis,
887 4133 1128 4186 munus
1169 4139 1402 4209 nempe
1436 4116 1752 4209 Episcopo
1791 4120 2136 4188 auxiliandi
2164 4122 2267 4188 ⁴vel
2308 4119 2653 4210 supplendi

374 4214 438 4279 in
478 4215 757 4285 ecclesiae
804 4222 1143 4311 regimine.
1178 4223 1488 4293 Canonici
1528 4224 2009 4313 collegiatarum
2053 4226 2305 4292 nullam
2336 4226 2682 4315 J‘urisdic-—-

372 4319 610 4387 tionem
675 4325 1097 4417 episcopalem
1169 4351 1458 4397 exercere
1525 4331 1766 4399 habent
1822 4336 2075 4398 mortuo
2134 4330 2476 4421 Episcop0‚
2534 4350 2652 4397 nec

376 4433 526 4492 sunt
570 4428 647 4495 dc
692 4431 842 4517 jure
893 4433 1206 4523 Episcopi
1257 4437 1632 4525 consilium,
1683 4459 1800 4506 nec
1858 4449 2123 4505 senatus
2164 4437 2488 4518 eccles2·oe,·
2547 4433 2648 4506 sed
