2930 4982
360 304 384 357 1
404 301 436 355 8
448 303 483 356 4
1323 309 1397 355 ‘ru
1404 308 1665 355 Aornos

365 456 398 493 «
430 451 603 512 mus,
638 431 708 496 in
747 430 1032 518 quolibet
1063 428 1333 518 collegio
1380 429 1698 517 reperitur
1726 427 1963 516 aliquis
2004 426 2347 517 imperitus
2384 432 2640 495 contra-

365 563 398 600 «
429 536 657 619 dictor,
686 537 773 602 ita
793 536 1056 602 nullum
1085 535 1433 623 collegium
1455 540 1546 601 est
1566 533 1723 601 adeo
1746 534 2180 623 desperatum,
2206 535 2273 599 in
2296 555 2427 621 quo
2453 554 2640 600 nemo

368 669 400 707 «
424 665 497 709 ex
518 643 738 709 decern
770 641 851 708 sit
876 662 1031 707 sana
1057 646 1274 706 mente
1294 661 1366 707 ac
1390 640 1654 707 scientia
1675 640 2002 730 praeditus.
2033 638 2429 730 Hujusmodi
2455 659 2640 706 cano·

367 773 398 810 «
429 749 561 814 nici
583 770 725 834 vox,
753 749 1001 814 ratione
1028 745 1293 836 majoris
1327 748 1598 837 peritiae,
1630 748 1784 835 quia
1817 753 1911 814 est
1939 747 2148 833 magis
2190 747 2547 813 instructus
2577 748 2642 811 in

366 880 398 917 «
428 854 532 921 his
575 876 721 943 quae
769 859 923 920 sunt
950 853 1028 919 de
1049 854 1222 941 jure,
1259 859 1593 941 reputatur
1639 854 1856 921 sanior
1905 859 1966 920 et
2014 853 2222 942 magis
2268 853 2646 920 aestimanda

367 986 401 1022 «
424 981 621 1047 quam
650 967 1029 1026 caeterorum
1053 959 1166 1046 qui
1195 980 1329 1025 non
1361 963 1510 1025 sunt
1540 960 1650 1025 tali
1677 959 1968 1059 doctrina
2000 959 2335 1050 praediti...

458 1088 493 1125 «
520 1064 759 1151 Aperta
780 1069 926 1131 vota
947 1064 1046 1130 vel
1073 1064 1294 1130 minus
1325 1065 1683 1152 peritorum
1706 1064 2170 1130 canonicorum
2196 1068 2350 1128 sunt
2372 1062 2648 1129 libenter

370 1194 403 1233 «
435 1169 837 1236 audienda...
898 1168 1175 1247 Quando
1216 1191 1368 1237 vero
1408 1191 1444 1236 a
1489 1169 1693 1235 doctis
1721 1191 1947 1236 eorum
1980 1168 2153 1235 dicta
2178 1168 2642 1258 reprobantur,

370 1302 403 1339 «
448 1275 684 1342 debent
706 1276 1111 1363 acquiescere
1135 1303 1152 1362 ;
1182 1276 1338 1343 alias
1365 1298 1494 1343 non
1524 1281 1914 1342 excusantur
1935 1274 2017 1342 ob
2033 1275 2518 1365 simplicitatem
2547 1297 2647 1341 co-

369 1408 402 1445 «
434 1381 804 1448 lumbinam
831 1404 976 1469 quae
1008 1381 1074 1447 in
1110 1382 1409 1472 capitulis
1438 1381 1626 1449 debet
1656 1402 1789 1448 esse
1829 1380 2023 1447 mixta
2052 1402 2204 1447 cum
2235 1382 2643 1470 serpentina3

372 1514 405 1551 «
435 1486 633 1553 veluti
660 1487 1095 1555 misericordia
1124 1489 1189 1554 in
1218 1489 1539 1579 principe,
1578 1488 1773 1555 altera
1799 1510 2014 1555 sorore
2037 1486 2292 1554 Justitia
2316 1487 2643 1572 destituta,

375 1621 408 1657 «
439 1600 530 1660 est
550 1594 838 1677 stultitia,
881 1601 956 1661 ut
979 1594 1194 1684 inquit
1216 1594 1298 1662 D.
1326 1595 1845 1684 ChrysostomuS.
1879 1620 1910 1658 »
1944 1593 2412 1685 (CeccoperiuS‚
2447 1593 2494 1662 l.
2531 1593 2645 1669 IV,

365 1699 466 1765 til.
501 1697 567 1782 5,
598 1722 666 1765 n.
693 1699 781 1768 30
806 1709 867 1767 el
908 1699 1071 1790 seq.)

457 1803 766 1883 Quamvis
803 1813 1020 1873 autem
1066 1806 1379 1873 habeatur
1422 1807 1584 1874 ratio
1612 1805 1892 1872 sanioris
1913 1805 2143 1894 partis
2194 1806 2261 1870 in
2310 1804 2472 1870 votis
2510 1824 2652 1892 quae

368 1911 513 1977 viva
545 1933 694 1979 voce
733 1912 996 1995 dantur,
1031 1912 1251 2002 major
1276 1934 1422 2001 pars
1474 1912 1904 1979 nihilominus
1937 1911 2357 2000 praesumilur
2402 1931 2657 1999 semper

369 2015 617 2102 sanior,
640 2018 765 2084 nisi
795 2019 1008 2085 minor
1027 2041 1174 2107 quae
1194 2018 1519 2085 saniorem
1551 2038 1616 2084 se
1644 2017 2006 2103 praetendit‚
2030 2017 2271 2107 probet
2302 2039 2521 2084 coram
2553 2039 2659 2083 su-

372 2122 621 2211 periore
665 2126 980 2214 majorem
1018 2131 1263 2215 partem
1297 2125 1490 2191 fuisse
1519 2145 1712 2212 pravo
1738 2123 1966 2190 affectu
2005 2130 2115 2190 aut
2138 2124 2321 2190 aliter
2349 2125 2421 2189 in
2446 2130 2655 2190 trans-

372 2250 630 2295 versum
655 2238 887 2314 actam,
918 2237 979 2298 et
1015 2231 1408 2299 decisionem
1431 2230 1556 2298 sibi
1581 2229 2005 2303 fayorabilem
2036 2234 2337 2319 reportet,
2367 2235 2440 2295 ut
2463 2249 2655 2318 supra

373 2335 624 2402 dictum
652 2344 765 2403 est.
2136 2350 2143 2357 *

468 2440 532 2507 5.
558 2440 830 2520 Quando
852 2448 996 2511 vota
1015 2444 1447 2533 porriguntur
1475 2450 1740 2524 secreto,
1776 2443 1952 2510 nulla
1972 2442 2247 2510 habetur
2272 2440 2424 2508 ratio
2443 2442 2658 2507 sanio-

379 2546 466 2610 ris
490 2549 713 2633 partis,
745 2548 851 2614 sed
881 2549 1226 2615 attenditur
1252 2549 1662 2616 solummodo
1703 2551 1910 2636 major
1940 2548 2396 2637 suffragiorum
2420 2568 2656 2614 nume-

379 2672 511 2716 rus.
558 2648 732 2717 Dum
770 2653 948 2718 enim
978 2654 1341 2720 funduntur
1380 2660 1523 2721 vota
1571 2660 1833 2739 secreto,
1885 2655 2038 2721 sciri
2073 2676 2206 2721 non
2258 2659 2460 2745 potest
2510 2652 2659 2741 quis

380 2756 725 2824 contulerit
770 2758 1235 2852 affirmativum
1289 2760 1392 2826 vel
1442 2761 1839 2848 negativum.
1887 2760 1970 2827 Et
2013 2760 2307 2849 quamvis
2355 2759 2660 2826 nonnulli

380 2860 775 2930 affirmarent
802 2886 868 2930 se
910 2870 1133 2931 votum
1168 2864 1385 2931 tulisse
1414 2888 1531 2956 pro
1569 2871 1680 2931 aut
1720 2872 1966 2950 contra,
2008 2865 2169 2931 nihil
2186 2866 2467 2954 juvaret,
2506 2864 2659 2951 quia

382 2969 654 3036 testibus
698 2970 1140 3057 singularibus
1178 2971 1244 3038 in
1301 2994 1417 3039 suo
1462 2972 1630 3041 dicto
1659 2995 1790 3040 non
1836 2973 2135 3040 creditur.
2187 2969 2654 3060 (Ceccoperius,

379 3073 427 3140 l.
463 3071 572 3156 lV,
600 3075 696 3140 tit.
727 3097 793 3155 v,
825 3097 891 3140 n.
921 3074 1057 3165 78.)

473 3178 538 3245 6.
587 3204 619 3241 «
652 3180 1016 3249 Canonicus
1041 3181 1263 3248 videns
1297 3203 1426 3247 non
1456 3204 1638 3271 posse
1665 3184 1998 3249 victoriam
2031 3181 2341 3270 reportari
2373 3200 2489 3267 per
2518 3183 2661 3244 vota

393 3310 424 3346 «
454 3292 668 3372 aperta
686 3288 764 3353 de
789 3289 1042 3374 rejusla
1064 3288 1409 3377 proposita,
1448 3293 1701 3370 tenetur
1715 3290 1933 3377 'petere
1959 3288 2263 3377 partitum
2288 3307 2400 3375 per
2420 3289 2663 3351 secreta

388 3415 423 3452 ι(
459 3389 785 3479 suffragia.
813 3392 944 3459 Nec
974 3393 1366 3460 valetdicere
1387 3416 1453 3459 se
1474 3416 1667 3460 suum
1691 3400 1939 3476 votum,
1959 3400 2091 3459 tam
2110 3391 2432 3481 loquendo
2460 3411 2661 3477 quam

388 3522 423 3561 «
453 3501 687 3563 secrete
716 3497 1130 3581 ballottando‚
1160 3520 1397 3564 vanum
1431 3502 1820 3581 existimare,
1866 3521 2020 3567 cum
2064 3499 2377 3585 majorem
2415 3502 2664 3586 partem

390 3629 424 3666 ι(
455 3604 718 3694 capituli
743 3606 1083 3697 perspiciat
1113 3611 1397 3694 paratam
1425 3607 1655 3694 quovis
1688 3605 1880 3672 modo
1908 3605 2070 3672 velle
2100 3602 2498 3693 superiorem
2531 3602 2664 3669 dis·
2730 3665 2733 3668 .

391 3737 425 3774 «
459 3711 719 3792 cedere3
757 3712 1066 3800 quoniam
1096 3710 1415 3778 confidere
1440 3713 1817 3800 debetquod
1839 3710 2158 3778 Dominus
2185 3709 2300 3797 qui
2334 3708 2665 3775 illuminat

389 3818 819 3885 «abscondita
863 3819 1305 3898 tenebrarum,
1353 3841 1459 3886 eos
1500 3820 1807 3908 perducet
1843 3819 1909 3882 in
1957 3816 2130 3883 viam
2165 3816 2471 3896 veritatis,
2517 3837 2664 3904 quae

388 3945 422 3984 «
452 3923 673 3988 omnia
696 3924 951 3989 vincere
984 3923 1163 3989 solet.
1192 3946 1226 3984 »
1270 3921 1739 4012 (Ceccoperius,
1774 3923 1820 3987 l.
1859 3920 1973 4003 lv,
2007 3922 2104 3988 tit.
2138 3943 2205 4005 v,
2236 3941 2298 3985 n.
2341 3918 2481 4011 60.)

428 4071 430 4080 1
471 4026 535 4091 7.
574 4026 816 4094 Eleclio
847 4028 927 4093 ad
953 4029 1237 4115 aliquam
1286 4026 1693 4115 dignitatem,
1729 4028 1832 4095 vel
1865 4028 1946 4095 ad
1992 4028 2275 4115 aliquem
2317 4027 2661 4094 canonica·

377 4136 546 4212 turn,
563 4132 662 4196 vel
684 4132 759 4198 ad
785 4133 1044 4219 aliquod
1065 4132 1358 4200 officium
1384 4135 1526 4201 fieri
1555 4139 1755 4224 potest
1774 4135 1981 4201 tribus
2007 4134 2253 4200 modis:
2277 4132 2524 4222 prim0‚
2554 4152 2663 4221 per

380 4237 1121 4326 quasi—inspirationem,
1156 4242 1414 4327 quando
1443 4244 1685 4309 scilicet
1728 4242 1910 4308 nullo
1957 4240 2352 4331 praecedente
2398 4243 2661 4305 tractatu

378 4344 814 4433 proclamatur
837 4342 1069 4431 aliquis
1102 4368 1116 4409 ε
1149 4347 1258 4412 sed
1284 4346 1512 4415 electio
1538 4370 1669 4416 non
1701 4354 1901 4438 potest
1921 4348 2046 4415 hoc
2072 4347 2262 4414 modo
2287 4344 2494 4412 valide
2525 4343 2658 4411 fieri
