2930 4982
1175 300 1256 347 ns
1297 298 1628 347 carnosis.
2427 289 2544 349 311

360 417 425 484 6⁰
451 416 763 484 Docentes
786 416 1195 508 Scripturam
1220 439 1467 486 sacram
1480 422 1543 484 et
1561 416 1947 508 theologiam
1971 419 2040 487 iu
2061 417 2301 487 scholas
2314 417 2556 509 publi-

282 525 383 592 cis,
419 523 640 614 (Cone.
685 522 901 607 Trid.,
948 523 1204 608 sess..5‚
1242 547 1300 592 c.
1342 523 1371 591 1
1403 547 1423 606 ;
1454 560 1547 580 --
1572 530 1635 591 et
1656 544 1795 615 cap.
1834 525 2016 594 finali
2044 523 2557 617 Demaqistris.)

278 630 379 699 Isti
407 616 637 720 nempe
681 630 832 698 licet
872 630 1167 698 absentes
1196 650 1235 698 a
1262 630 1464 698 choro
1508 630 1847 699 lucrantur
1873 632 2122 700 fructus
2164 629 2555 723 praebendae,

280 738 377 804 sed
404 758 533 804 non
572 736 1083 805 distributiones.
1119 735 1335 817 Quam
1365 736 1861 828 dispositionem
1893 738 2235 808 canonistae
2258 757 2559 807 commu-

278 843 431 909 niter
476 842 836 910 extendunt
886 841 965 910 ad
1012 864 1259 910 munus
1306 843 1580 912 docendi
1633 844 1745 933 jus
1798 844 2228 923 canonicum,
2275 842 2560 935 philoso-

274 947 486 1038 phiam
508 953 574 1016 et
590 949 786 1016 etiam
807 948 1332 1037 grammaticam.¹
1363 946 1455 1038 (S.
1490 948 1869 1038 Liguorius,
1901 950 1944 1016 Ι.
1980 949 2050 1028 4,
2072 971 2131 1017 c.
2165 948 2238 1034 2,
2266 972 2336 1017 n.
2369 947 2552 1040 132.)

352 1054 388 1118 7
394 1064 418 1091 ⁰
444 1053 796 1122 Studentes
823 1053 1191 1142 theologiae,
1231 1075 1344 1122 seu
1372 1052 1727 1144 Scripturae
1769 1074 1995 1137 sacroe,
2042 1074 2159 1123 seu
2184 1053 2328 1145 juri
2353 1053 2563 1144 ponti-

268 1158 406 1226 ficio
436 1158 510 1226 in
538 1159 759 1248 aliqua
796 1158 1230 1226 universitate.
1268 1158 1492 1249 (Cone.
1543 1157 1753 1238 Trid„
1781 1181 1933 1228 sess.
1969 1158 2045 1243 5,
2083 1180 2140 1228 c.
2175 1158 2204 1226 1
2233 1183 2249 1239 ς
2281 1194 2372 1212 -
2414 1179 2559 1248 cap.

266 1264 476 1350 finali,
508 1267 607 1332 De
627 1264 1013 1353 maqistn's;
1040 1302 1131 1316 -—
1151 1286 1210 1332 c.
1253 1266 1360 1348 11,
1393 1268 1490 1332 De
1514 1264 1927 1356 privileqiis,
1958 1266 2029 1333 in
2067 1269 2274 1349 sexto3
2301 1269 2477 1332 -et
2496 1284 2559 1333 c.

271 1375 452 1453 Tuae,
487 1370 586 1438 De
626 1371 880 1438 clericis
909 1392 1042 1438 non
1069 1371 1557 1459 residentibus.)
1608 1371 1929 1440 Canonici
1976 1392 2131 1460 ergo
2174 1371 2295 1460 qui
2326 1370 2563 1460 hujus-

269 1478 439 1546 modi
484 1477 860 1546 studiorum
888 1499 1080 1546 causa
1119 1499 1156 1545 a
1199 1478 1402 1546 choro
1449 1477 1714 1565 absunt,
1764 1499 1900 1546 non
1928 1476 2272 1546 lucrantur
2297 1475 2564 1565 quidem

270 1584 785 1668 distributiones;
832 1585 940 1652 sed
991 1585 1282 1672 legitime
1328 1583 1570 1652 absunt
1615 1590 1678 1651 et
1722 1583 2067 1652 lucrantur
2106 1582 2359 1652 fructus
2401 1603 2564 1673 prae·

268 1688 506 1771 bendae,
532 1691 733 1759 modo
753 1691 939 1758 dictis
961 1693 1192 1759 studiis
1217 1713 1484 1782 operam
1507 1691 1661 1759 dent
1679 1690 1905 1759 saltem
1932 1712 2047 1781 per
2066 1691 2385 1780 majorem
2400 1687 2559 1757 anui

270 1801 529 1885 partem,
573 1802 641 1866 et
671 1797 864 1864 modo
911 1797 1189 1866 habeant
1216 1798 1295 1866 de
1329 1798 1453 1866 hoc
1489 1797 1821 1865 licentiam
1853 1796 1937 1865 ab
1989 1795 2367 1882 Ordinari03
2408 1812 2556 1884 quae

268 1905 470 1970 tamen
517 1902 784 1971 licentia
824 1924 958 1970 non
1006 1906 1366 1993 requiritur
1402 1925 1522 1994 pro
1560 1904 1975 1988 docentibus,
2008 1904 2087 1972 de
2113 1903 2359 1993 quibus
2384 1901 2553 1969 dixi-

267 2027 404 2075 mus
450 2009 576 2076 sub
623 2010 1012 2100 praecedenti
1064 2032 1367 2078 numero.
1426 2009 1719 2077 Licentia
1775 2009 2108 2078 abessendi
2185 2007 2555 2076 studiorum

266 2131 451 2181 causa
473 2115 631 2181 olim
656 2114 1135 2203 suffragabatur
1159 2138 1274 2206 pro
1295 2114 1756 2204 quinquennio
1785 2115 1864 2181 iis
1889 2115 2002 2203 qui
2033 2115 2103 2180 in
2125 2112 2555 2182 Universitate

262 2218 616 2285 audiebant
650 2241 862 2287 sacros
891 2241 1193 2303 canones,
1240 2242 1360 2310 pro
1394 2218 1732 2309 septennio
1762 2220 1842 2285 iis
1872 2219 1988 2306 qui
2029 2217 2431 2307 scripturam
2460 2240 2558 2286 sa-

266 2342 447 2390 cram
476 2323 581 2391 vel
605 2324 1017 2414 theologiam.
1053 2325 1140 2392 At
1166 2346 1316 2392 vero
1343 2324 1762 2419 Innocentius
1787 2322 1907 2393 Xll
1936 2323 2216 2392 decrevit
2243 2343 2326 2390 ne
2358 2322 2559 2413 privi-

265 2427 512 2519 legium
553 2431 718 2501 illud
749 2432 1017 2500 triennii
1058 2433 1341 2524 spatium
1374 2436 1727 2524 superaret,
1776 2439 1837 2500 et
1869 2454 1949 2500 ne
1984 2431 2442 2501 concederetur
2473 2427 2554 2499 iis

267 2537 378 2624 qui
423 2559 675 2606 annum
729 2539 817 2607 25
871 2540 1241 2628 attigerunt.
1287 2538 1403 2627 (lta
1440 2538 1823 2607 Benedictus
1858 2537 2037 2626 xlv,
2094 2537 2551 2608 suscitationes

268 2644 731 2732 ecclesiasticae,
755 2646 910 2713 inst.
946 2645 1096 2732 107,
1128 2646 1168 2735 ἓ
1203 2645 1296 2735 9.)

349 2769 627 2819 runci-uu
668 2774 761 2819 ιιι.
819 2754 1049 2820 Causae
1074 2753 1324 2843 aliquae
1350 2750 1428 2819 de
1449 2752 1690 2842 quibus
1727 2750 2008 2818 dubium
2036 2772 2167 2817 esse
2185 2761 2409 2839 posset
2457 2771 2548 2847 ‘¹²3

269 2861 576 2921 excusent
598 2877 640 2919 a
660 2857 930 2922 servitio
962 2858 1165 2925 chori.
1198 2895 1290 2910 --
1319 2858 1381 2924 1⁰
1414 2857 1758 2946 Coadjutor
1799 2857 2077 2944 alicujus
2119 2853 2420 2921 canonici
2450 2851 2549 2919 vel

269 2956 666 3041 beneficiati,
718 2980 849 3025 non
901 2966 1103 3049 potest
1148 2963 1427 3049 gaudere
1469 2961 1813 3052 privilegio
1857 2959 2101 3027 caeteris
2140 2957 2468 3025 canonicis
2514 2978 2552 3024 a

266 3065 408 3154 jure
452 3086 779 3148 concesso,
811 3070 883 3131 ut
910 3065 1269 3133 studiorum
1305 3087 1497 3133 causa
1542 3063 1830 3154 legitime
1864 3065 2098 3133 absint.
2135 3062 2225 3131 lta
2257 3063 2547 3133 decisum

273 3190 307 3238 a
343 3169 536 3239 Sacra
571 3169 1103 3260 Congregatione
1149 3173 1433 3241 concilii.
1492 3171 1657 3241 Vide
1708 3172 1879 3262 apud
1925 3171 2351 3240 Benedictum
2396 3168 2548 3242 xlv

276 3274 435 3365 (inst.
479 3277 634 3361 107,
671 3299 738 3344 n.
771 3277 906 3366 72).

354 3383 418 3450 2⁰
445 3384 547 3451 An
575 3390 864 3473 tempore
892 3383 1342 3453 celebrationis
1367 3385 1742 3453 divinorum
1771 3384 2136 3452 officiorum
2169 3384 2411 3474 possint
2438 3404 2543 3452 ca·

277 3489 477 3557 nonici
509 3488 749 3556 habere
788 3488 1205 3578 capitulum?
1239 3527 1332 3541 —
1354 3488 1552 3558 Sacra
1578 3488 2005 3580 Congregatio
2048 3488 2307 3557 concilii
2341 3488 2545 3555 dubio

278 3591 367 3659 his
405 3594 556 3685 ipsis
607 3596 908 3663 terminis
947 3598 1272 3686 proposito
1327 3597 1660 3687 respondit
1703 3620 1719 3663 ι
1782 3595 2179 3686 Capitulum
2229 3616 2364 3661 non
2415 3611 2548 3658 esse

282 3697 643 3770 habendum
669 3724 743 3769 eo
770 3713 1083 3790 tempore,
1112 3725 1241 3792 quo
1270 3701 1504 3770 divina
1535 3703 1767 3793 officia
1787 3701 2099 3770 celebrari
2127 3699 2385 3776 debent,
2415 3695 2549 3763 nisi

282 3821 463 3872 causa
506 3828 751 3895 urqens
789 3804 860 3871 in
902 3804 1094 3873 aliud
1130 3818 1394 3898 tempus
1434 3806 1696 3898 differri
1734 3829 1869 3873 non
1896 3806 2238 3895 patiatur.
2279 3795 2553 3882 Quodsi

282 3929 442 3978 secus
471 3914 633 4004 fiat,
665 3913 1009 3980 canonicos
1041 3935 1460 4004 nequaquam
1499 3912 1757 3982 lucrari
1791 3908 2299 3980 distributiones
2328 3905 2546 3997 quoti-

285 4010 516 4111 dianas*
533 4041 666 4109 pro
688 4018 829 4087 illis
848 4019 1024 4087 horis
1053 4019 1308 4089 divinis
1330 4023 1570 4113 quibus
1599 4044 1735 4089 non
1752 4020 2213 4107 ,interfuerunt
2237 4012 2326 4102 (in
2355 4034 2547 4082 causa

290 4120 633 4209 Ονὶοῖεήεἱ,
656 4128 821 4196 libro
854 4128 934 4195 14
963 4127 1414 4211 Decretorum‚
1447 4151 1519 4194 n.
1542 4129 1724 4215 599).
1754 4124 2104 4202 Etibidem
2130 4121 2365 4211 pagina
2383 4118 2545 4199 751,

286 4223 541 4299 habetur
578 4233 806 4301 iisdem
855 4235 1152 4302 terminis
1182 4235 1408 4303 eadem
1442 4232 1681 4300 decisio
1728 4251 1880 4297 cum
1915 4230 2037 4298 hac
2077 4228 2403 4296 additione
2437 4244 2451 4282 ε
2485 4227 2548 4278 et

288 4347 350 4394 eo
373 4354 519 4402 casu
533 4358 725 4426 posse
743 4339 1348 4431 Archiepiscopum‚
1372 4360 1507 4404 non
1531 4335 1832 4404 obstante
1857 4352 2266 4426 quacumque
2290 4331 2553 4390 consue-
