2930 4982
418 302 495 356 59
506 301 541 356 6
1381 303 1725 350 TnAc‘rAws

289 505 299 516 ‚
396 432 572 518 jura,
620 437 811 517 atque
850 428 928 494 iis
964 425 1411 492 auctoritatem
1449 446 1633 518 suam
1681 422 1896 490 fulciri
1944 421 2355 505 commentiS,
2397 442 2545 509 quae
2580 421 2693 488 de-

408 537 659 604 beanta
686 534 847 604 Sede
899 532 1269 623 Apostolica
1315 529 1699 621 reprobari?
1739 529 1940 610 Quasi
1994 549 2121 595 non
2174 532 2404 618 praesto
2452 529 2586 595 sint
2627 530 2695 596 in

400 638 767 707 orthodoxae
792 634 1103 704 doctrinae
1130 641 1191 702 et
1219 633 1354 701 veri
1384 633 1552 722 juris
1580 630 1989 701 ecclesiastici
2021 632 2485 721 promptuariis
2516 632 2697 699 ditis-

304 775 311 780 ·
400 745 566 812 sima
594 742 920 835 praesidia,
951 763 1097 831 quae
1122 762 1263 808 eam
1309 739 1767 807 invincibilem
1794 744 1986 829 atque
2018 736 2327 806 omnibus
2371 738 2697 828 presbyte-

400 849 690 918 rianismi
725 848 1179 917 moliminibus
1205 846 1603 915 inaccessam
1632 846 1892 914 faciant.
1925 844 2103 912 Dum
2133 867 2285 934 ergo
2310 845 2693 934 quaestiones

397 957 480 1026 de
497 958 797 1047 capitulis
816 962 1194 1047 praesentem
1216 954 1443 1022 Galliae
1468 952 1892 1022 ecclesiarum
1913 958 2151 1020 statum
2172 959 2532 1043 spectantes
2552 956 2691 1021 atti-

397 1064 643 1152 gimus,
672 1063 858 1130 nobis
886 1062 1249 1151 incoeptum
1287 1081 1422 1127 non
1467 1060 1848 1150 imputetur.
1881 1058 2233 1126 Praeierant
2271 1059 2386 1126 alii
2415 1059 2570 1127 falsa
2614 1060 2689 1128 de

396 1169 623 1238 iisdem
650 1175 1043 1261 spargentes,
1071 1189 1218 1257 quae
1246 1166 1626 1258 confutandi
1656 1165 2076 1233 incumbebat
2098 1167 2463 1233 necessitas.

481 1273 670 1354 Quod
708 1296 859 1341 vero
897 1273 1231 1341 occasione
1273 1293 1506 1339 eorum
1534 1294 1680 1361 quae
1718 1273 1789 1339 in
1833 1278 2055 1339 nostro
2093 1277 2365 1340 tractatu
2398 1274 2691 1363 exposui·

393 1403 544 1449 mus
569 1381 789 1470 aliqua
826 1382 989 1449 forte
1027 1380 1187 1448 oriri
1226 1380 1423 1471 possit
1458 1378 1811 1469 Episcopos
1856 1378 2024 1446 inter
2055 1383 2117 1446 et
2143 1367 2426 1468 capitula
2464 1377 2687 1447 Galliae

387 1486 795 1579 disceptatio,
846 1508 981 1554 non
1028 1494 1123 1554 est
1162 1509 1283 1555 cur
1327 1486 1486 1553 adeo
1538 1484 2019 1553 reformidetur.
2081 1484 2318 1552 Praesto
2364 1490 2462 1552 est
2506 1486 2681 1552 enim

384 1593 609 1661 Romae
655 1615 1048 1684 permanens
1096 1592 1410 1672 tribunal,
1442 1591 1638 1661 Sacra
1676 1614 1908 1682 nempe
1950 1591 2678 1681 Congregatio‘concilii

381 1701 463 1768 ad
494 1700 696 1768 dubia
739 1700 1121 1790 hujusmodi
1152 1702 1305 1788 Jura
1343 1699 1751 1767 declaranda.
1798 1699 1944 1767 Jam
1978 1721 2131 1767 vero
2172 1700 2316 1766 lites
2359 1721 2497 1789 quae
2539 1704 2682 1766 tam

382 1806 568 1873 facile
595 1806 792 1873 unica
824 1809 1094 1895 possunt
1112 1809 1177 1871 et
1202 1805 1411 1872 solent
1438 1806 1848 1895 responsoria
1875 1806 2143 1895 epistola
2164 1804 2410 1888 dirimi,
2437 1805 2680 1873 nedum

382 1911 626 1979 nocivae
656 1911 1053 1979 aestimandae
1094 1911 1250 1992 sint,
1294 1911 1360 1978 id
1389 1912 1607 2001 potius
1648 1911 1927 1978 afferunt
1967 1912 2287 1999 utilitatis,
2325 1912 2503 2001 quod
2541 1912 2680 1978 ani·

382 2041 544 2101 mos,
567 2041 697 2086 non
730 2018 912 2085 facile
939 2018 1123 2084 aliter
1147 2017 1509 2106 quieturos,
1533 2018 1884 2108 pacificent
1909 2024 2100 2107 atque
2124 2019 2193 2085 in
2220 2018 2500 2087 solidam
2527 2040 2679 2086 con-

375 2127 663 2194 cordiam
693 2125 1041 2193 adducant.
1091 2124 1566 2192 Excutiendam
1605 2130 1823 2192 autem
1859 2126 2030 2192 hanc
2062 2146 2099 2191 a
2142 2129 2362 2208 centro
2410 2126 2678 2193 unitatis

375 2232 907 2323 dependentiam,
954 2237 1147 2320 atque
1194 2230 1580 2320 Apostolicae
1627 2228 1810 2298 Sedis
1855 2232 1926 2297 in
1970 2230 2369 2299 declarandis
2411 2228 2676 2317 juribus

373 2337 839 2422 interventum,
879 2337 986 2404 ille
1014 2338 1189 2405 solus
1226 2337 1481 2420 dixerit,
1515 2336 1631 2426 qui
1669 2337 2060 2405 schismatici
2094 2340 2238 2427 jam
2281 2336 2518 2403 veneni
2555 2335 2677 2402 ali-

370 2441 529 2530 quid
567 2443 866 2510 incautus
890 2443 1132 2529 hausit,
1163 2464 1284 2510 nec
1315 2443 1558 2533 quibus
1587 2443 1912 2511 malorum
1939 2444 2247 2512 monstris
2274 2440 2497 2533 opinio
2534 2442 2677 2510 haec

366 2550 449 2614 sit
472 2548 622 2613 foeta
644 2554 879 2614 attente
903 2549 1312 2637 ponderavit.

451 2650 746 2742 Objicere
794 2652 985 2719 nobis
1040 2653 1325 2720 vIcissim
1368 2653 1515 2742 quis
1563 2654 1793 2743 poterit
1840 2657 1912 2722 in
1963 2676 2257 2722 erroneas
2300 2675 2413 2720 nos
2461 2655 2647 2720 ivisse

364 2759 834 2838 conclusioneS,
871 2780 992 2826 nec
1038 2758 1260 2826 omnia
1308 2766 1404 2826 sat
1451 2758 1684 2826 validis
1730 2760 2220 2828 auctoritatibus
2261 2758 2646 2826 munivisse.

363 2868 465 2935 Ad
494 2867 670 2956 quod
696 2870 1075 2956 promptum
1111 2886 1495 2956 responsum
1522 2872 1616 2932 est
1649 2891 1666 2934 ε
1703 2888 1819 2934 nos
1848 2867 2113 2950 scilicet,
2144 2867 2199 2933 si
2231 2865 2381 2934 talia
2408 2866 2657 2934 excide-

362 2974 523 3052 rim,
575 2972 896 3059 corrigere
944 2993 1079 3039 esse
1126 2978 1397 3061 paratoS.
1448 2971 1713 3040 Maximi
1758 2972 2045 3038 nominis
2106 2972 2472 3040 canonistas
2522 2993 2655 3040 non

365 3077 574 3168 piguit
600 3082 808 3145 errata
845 3076 1028 3145 fateri
1054 3083 1116 3144 et
1151 3082 1515 3145 retractare.
1558 3076 1815 3158 Quanto
1848 3079 2057 3166 magis
2084 3100 2203 3145 nos
2234 3078 2305 3145 id
2349 3078 2545 3158 decet,
2579 3077 2650 3142 in

364 3184 746 3253 difficilibus
796 3184 1152 3274 praesertim
1200 3191 1262 3251 et
1302 3184 1433 3267 fere
1478 3185 1774 3252 nondum
1823 3185 2117 3275 expensis
2161 3183 2652 3274 quaestionibuS,

364 3289 601 3377 quibus
643 3296 930 3357 recentes
970 3288 1192 3356 Galliae
1240 3291 1628 3357 mutationes
1679 3297 1898 3359 ortum
1953 3289 2207 3359 dedere.
2249 3291 2469 3380 Atque
2515 3291 2659 3357 ideo

365 3393 646 3460 advertet
667 3392 891 3476 lector,
923 3392 1083 3456 dum
1110 3411 1538 3459 occurrerunt
1565 3395 1947 3483 hujusmodi
1973 3395 2052 3462 ad
2086 3401 2474 3485 praesentem
2502 3396 2663 3463 dioe-

365 3518 592 3566 ceseon
621 3492 847 3563 Galliae
873 3499 1111 3561 statum
1149 3497 1321 3585 juris
1353 3501 1729 3567 communis
1766 3499 2248 3590 applicationes,
2284 3523 2420 3567 non
2470 3501 2662 3569 abso-

365 3602 501 3674 lute
521 3603 926 3685 affirmandO,
952 3603 1064 3670 sed
1091 3602 1489 3672 doctioribus
1512 3628 1653 3673 rem
1680 3607 2168 3697 expendendam
2194 3607 2657 3695 relinquendO,

371 3712 817 3780 conclusiones
846 3731 963 3778 nos
992 3710 1351 3779 deduxisse.

455 3817 550 3886 De
580 3820 660 3886 iis
695 3839 848 3884 vero
876 3839 1021 3906 quae
1047 3817 1360 3885 inutiliter
1385 3819 1718 3887 abundare
1758 3822 1829 3887 in
1875 3825 2149 3889 tractatu
2186 3821 2310 3887 hoc
2355 3820 2668 3888 videren—

367 3931 498 4002 tur,
552 3929 771 4015 utpote
822 3925 1075 3992 nullam
1122 3924 1194 3991 in
1243 3923 1468 3993 Galliis
1520 3927 2019 4017 applicationem
2073 3926 2402 4005 habentia,
2454 3928 2667 3994 faveat

364 4028 566 4096 lector
590 4030 914 4098 recordari
943 4053 1061 4099 nos
1102 4052 1232 4098 non
1257 4052 1373 4121 pro
1399 4024 1608 4099 Gallia
1637 4037 1894 4100 tantum
1921 4034 2272 4123 scripsisse,
2310 4032 2467 4100 licet
2494 4031 2667 4099 dili-

364 4134 640 4225 gentiori
686 4155 843 4201 cura
888 4160 1035 4226 quae
1078 4140 1276 4228 hujus
1325 4139 1614 4227 regionis
1657 4139 1941 4208 ecclesiis
1988 4139 2248 4230 propria
2295 4143 2451 4206 sunt
2499 4160 2666 4228 per—

366 4249 735 4309 tractemus.

449 4347 820 4419 Tractatum
854 4344 1136 4437 denique
1175 4351 1397 4435 istum,
1437 4354 1606 4421 sicut
1645 4363 1708 4422 et
1745 4354 1901 4422 alios
1939 4354 2141 4422 editos
2186 4356 2299 4420 aut
2346 4349 2659 4442 proxime
