2930 4982
414 333 538 390 428
1381 339 1726 387 'raAcrArns

411 461 731 554 praedictae
751 482 884 529 non
903 480 1041 529 esse
1070 459 1152 528 ad
1180 465 1423 528 nutum
1440 459 1748 551 Episcopi
1779 457 2172 528 revocabiles
2199 456 2309 526 sed
2332 461 2695 548 perpetuos.

506 592 541 632 α
563 566 638 636 ln
679 565 1109 635 Salernitana.
1155 564 1327 634 —1.
1360 568 1471 633 An
1515 563 1646 633 duo
1699 562 2022 649 canonici,
2073 561 2267 631 electi
2296 561 2382 629 ab
2433 561 2704 632 Archio-

417 699 451 739 α
463 672 742 792 piscopo
797 670 892 740 ad
948 669 1482 740 constituendam
1543 670 2000 740 educationem
2067 690 2438 761 puerorum
2512 668 2703 739 semi-

414 803 451 845 «
477 778 682 864 narii,
713 777 976 869 possint
1015 799 1143 869 pro
1193 776 1389 845 libito
1430 776 1931 868 Arclziepiscopi
1958 773 2388 842 mutari?—
2408 771 2705 865 Respon-

417 911 451 947 «
479 905 630 952 sum
649 883 810 951 ruit.
841 922 927 935 —
944 881 1056 951 Ad
1077 886 1266 951 Inon
1279 905 1471 974 posse
1489 883 1810 969 amoveri,
1836 882 1976 950 nisi
1998 904 2080 949 ex
2098 880 2404 972 leqitima
2423 903 2651 950 causa.
2662 905 2694 948 n

413 991 436 1085 (
464 988 596 1059 Ut
578 1012 651 1058 m
680 989 852 1059 libro
879 989 971 1060 Vl
1000 988 1450 1075 Decretorum,
1485 1015 1550 1081 p.
1586 990 1676 1058 22
1706 995 1770 1057 61
1790 991 1963 1080 seq.)

507 1122 543 1163 α
571 1094 647 1165 In
692 1094 1018 1188 Papiensi,
1074 1097 1114 1164 7
1159 1097 1318 1187 julii
1370 1097 1573 1182 1591,
1621 1096 1847 1165 eadem
1913 1092 2342 1185 Congregatio
2420 1066 2695 1178 censuit,

423 1229 457 1267 α
487 1200 834 1271 canonicos
887 1202 970 1268 ab
1036 1202 1371 1293 Episcopo
1428 1203 1668 1270 electos
1720 1199 1815 1268 ad
1858 1198 2214 1269 seminarii
2271 1197 2703 1267 administra-

421 1332 454 1373 «
490 1307 736 1376 tionem
780 1305 901 1397 (ad
947 1308 1418 1400 praescriptum
1496 1308 1740 1400 capitis
1800 1307 1907 1393 18,
1959 1306 2256 1375 sessionis
2312 1304 2431 1395 23,
2495 1326 2702 1374 versus

418 1439 454 1480 α
482 1412 644 1493 Quae
673 1413 950 1504 omnia),
982 1436 1114 1482 esse
1129 1425 1522 1506 perpetuos,
1556 1437 1673 1482 nec
1708 1435 1906 1505 posse
1938 1412 2239 1481 amoveri
2261 1411 2397 1480 nisi
2416 1434 2503 1495 ex
2518 1410 2700 1504 justa

419 1546 454 1585 «
483 1529 547 1588 et
569 1518 879 1609 leqitima
896 1542 1121 1588 causa.
1146 1546 1181 1584 »
1215 1519 1363 1615 (Ut
1347 1543 1418 1589 m
1439 1500 1613 1589 libro
1632 1518 1786 1589 XVI
1810 1518 2224 1588 Decretorum
2231 1517 2511 1609 ‚pagina
2528 1517 2646 1585 221
2659 1513 2701 1608 .)

500 1625 874 1694 Concilium
919 1625 1395 1695 Mediolanense
1430 1626 1494 1697 V
1524 1632 1889 1719 postquam
1929 1624 2090 1694 dixit
2129 1624 2209 1694 de
2250 1618 2503 1713 duobus
2531 1644 2701 1711 com·

409 1730 791 1799 missionem
834 1752 953 1822 pro
999 1731 1563 1800 administratione
1601 1730 1957 1823 spirituali,
1999 1735 2062 1798 et
2105 1729 2187 1799 de
2230 1735 2504 1819 quatuor
2530 1750 2699 1798 com·

412 1835 792 1904 missionem
831 1859 950 1927 pro
995 1836 1559 1907 administratione
1609 1837 1955 1930 temporali
2001 1836 2573 1924 constituentibus»,
2616 1835 2699 1906 sic

417 1941 627 2011 addit:
664 1940 773 2011 «li
799 1965 994 2033 porro
1013 1965 1268 2023 omnes,
1296 1943 1414 2012 ubi
1448 1944 1652 2012 semel
1667 1943 1898 2013 delecti
1921 1947 2100 2031 sunt,
2130 1965 2214 2012 ne
2237 1964 2543 2032 unquam
2561 1938 2697 2035 (nisi

425 2073 460 2112 «
491 2047 574 2117 ob
585 2070 849 2117 causam
871 2070 1016 2138 quae
1036 2071 1189 2117 cum
1207 2050 1457 2118 ratione
1480 2048 1846 2139 conveniat)
1871 2070 1946 2116 eo
1963 2069 2234 2117 munere
2248 2047 2691 2117 abdicentur.»

418 2155 601 2244 (Acta
637 2153 943 2225 Ecclesiae
991 2155 1254 2226 Mediol.
1304 2155 1367 2226 V
1396 2178 1586 2225 conc.
1625 2157 1960 2248 provinc.
2015 2160 2063 2223 t.
2106 2155 2165 2241 Ι,
2214 2178 2319 2247 Ρ.
2331 2154 2498 2240 211,
2554 2154 2688 2225 edit.

422 2256 641 2350 Lugd.
675 2259 699 2351 )

504 2365 704 2458 Apud
744 2365 1088 2457 Pignatelli
1133 2367 1204 2458 (t.
1246 2365 1368 2457 IX,
1399 2344 1651 2457 consul.
1702 2367 1813 2452 81,
1853 2390 1921 2434 n.
1969 2367 2079 2456 50)
2109 2367 2202 2436 sic
2228 2368 2514 2437 refertur
2538 2365 2693 2437 deci·

421 2490 567 2538 sum
599 2474 671 2538 in
704 2494 894 2541 causa
927 2472 1373 2558 Cremonensi,
1399 2454 1445 2542 5
1477 2421 1861 2567 septembris
1894 2473 2100 2543 1602:

512 2601 548 2642 α
575 2577 680 2643 1111
697 2578 830 2646 duo
869 2579 948 2645 de
973 2581 1259 2670 capitulo
1287 2582 1598 2670 eligendi,
1629 2585 1972 2672 postquam
2009 2579 2254 2648 fuerint
2270 2580 2476 2660 electi,
2509 2555 2696 2647 erunt

426 2689 460 2746 <t
487 2682 810 2775 perpetui,
844 2705 965 2751 nec
995 2684 1134 2752 sine
1170 2708 1364 2753 causa
1390 2687 1688 2774 legitima
1709 2687 2000 2756 amoveri
2027 2692 2323 2777 possunt.
2342 2684 2453 2754 Est
2481 2689 2691 2754 autem

426 2812 461 2852 «
489 2809 683 2856 causa
712 2781 1006 2879 legitima
1054 2797 1375 2877 senectuS,
1407 2793 1757 2861 infirmitas
1777 2799 1837 2861 et
1864 2793 2100 2861 similis
2128 2794 2275 2861 alia.
2309 2815 2345 2855 η

507 2892 760 2963 Giraldi
797 2896 992 2964 aliam
1039 2897 1283 2988 indicat
1337 2900 1722 2989 hujusmodi
1784 2898 2314 2987 declarationem,
2357 2917 2586 3004 nempe
2633 2895 2693 2963 in

421 2999 864 3083 Sarzanensi,
865 3000 1018 3082 25
1029 3002 1209 3091 junii
1268 3002 1469 3084 1629,
1516 3004 1685 3072 libro
1737 3002 1891 3073 XVI
1920 2993 2372 3087 Decretorum‚
2429 3026 2496 3102 p.
2552 3000 2687 3070 221.

395 3101 735 3191 .(Giraldi,
768 3075 1358 3200 Juspontifieium‚
1383 3132 1533 3201 pars
1552 3109 1634 3195 11,
1668 3116 1818 3179 sect.
1859 3110 2012 3198 108,
2036 3116 2082 3176 t.
2118 3108 2227 3191 ΙΙΙ,
2263 3133 2330 3201 Ρ.
2369 3108 2527 3195 982,
2556 3106 2683 3178 edit.

422 3208 673 3291 Romae,
711 3212 907 3282 1769.
920 3213 939 3303 )

510 3315 697 3386 Unde
739 3319 1069 3405 nullum
1041 3344 1185 3412 Jam
1231 3343 1366 3390 esse
1417 3328 1622 3412 potest
1667 3323 1943 3391 dubium
2000 3324 2172 3392 circa
2212 3311 2680 3414 perpetuitatem

417 3418 803 3509 hujusmodi
856 3425 1336 3517 deputatorum.
1396 3425 1530 3496 Nec
1582 3429 1661 3496 de
1710 3428 1875 3497 facto
1929 3429 2068 3497 ulla
2131 3429 2344 3497 existit
2385 3429 2467 3496 de
2494 3426 2679 3493 haere

421 3529 853 3597 controversia
894 3530 1066 3622 apud
1112 3523 1519 3618 canonistas3
1576 3533 1687 3606 sed
1734 3556 1962 3603 omnes
2020 3534 2426 3620 unanimiter
2488 3529 2681 3601 docent

417 3629 564 3700 illos
590 3631 923 3725 deputatos
951 3635 1195 3724 absque
1232 3635 1527 3725 legitima
1570 3661 1760 3707 causa
1800 3641 2122 3708 removeri
2155 3659 2289 3707 non
2316 3660 2529 3731 posse,
2554 3652 2679 3704 cum

420 3741 689 3822 illorum
719 3743 1017 3810 officium
1043 3744 1211 3811 inter
1243 3752 1555 3835 perpetua
1576 3749 2052 3815 recensendum
2085 3748 2190 3814 sit.

511 3848 621 3919 ΙΙΙ.
666 3850 955 3919 Omnino
1002 3863 1265 3919 tenetur
1309 3854 1681 3946 Episcopus
1718 3852 1797 3922 de
1814 3854 1975 3944 jure
1997 3853 2364 3938 communi,
2412 3846 2687 3922 commis·

419 3949 618 4022 sionis
632 3980 765 4048 pro
796 3955 1381 4025 administratione
1406 3960 1761 4049 spirituali
1787 3959 2144 4028 consilium
2169 3958 2500 4049 requirere
2524 3958 2593 4026 in
2618 3950 2690 4021 iis

422 4077 569 4145 quce
604 4059 697 4126 ad
734 4062 909 4131 hane
934 4064 1463 4132 commissionem
1505 4077 1831 4155 spectant.
1869 4104 1958 4119 --
1985 4063 2165 4133 Patet
2190 4087 2268 4132 ex
2295 4087 2498 4158 supra
2523 4062 2690 4132 citato

420 4165 594 4228 textu
612 4163 773 4252 legis
795 4167 1218 4257 Tridentinae,
1242 4194 1390 4263 quae
1408 4172 1642 4239 omnia
1669 4195 1819 4239 cum
1840 4170 2119 4240 consilio
2136 4169 2426 4254 duorum
2448 4161 2695 4240 canoni-

423 4286 703 4333 corum..
717 4270 1189 4343 .constituent.
1230 4274 1348 4344 llla
1376 4276 1624 4345 scilicet
1649 4278 1843 4345 verba
1871 4299 2005 4344 non
2030 4265 2428 4345 exhortativa
2456 4277 2695 4344 tantum

421 4371 845 4445 existimanda
888 4382 1062 4461 sunt,
1102 4382 1213 4447 sed
1246 4389 1645 4474 praeceptum
1683 4383 1945 4475 proprie
1994 4382 2243 4452 dictum
2298 4380 2689 4476 exprimunt·
