2930 4982
407 331 443 385 2
452 333 485 387 9
500 334 532 385 4
1378 335 1721 384 TRAG'rA'rUs

412 489 446 527 (ι
478 461 576 528 cia
604 458 723 550 (De
748 458 998 548 benef„
1021 479 1170 549 pag.
1206 456 1276 545 3,
1310 477 1368 525 c.
1403 456 1476 545 2,
1526 479 1596 524 n.
1636 455 1828 547 113);
1859 455 2204 554 Pignatelli
2233 454 2550 547 (Consult.
2580 457 2688 542 21,

412 592 444 632 α
476 588 545 634 n.
572 564 683 650 26,
708 571 756 632 t.
783 563 957 655 Vlll)
980 565 1090 652 ;'‚et
1110 584 1381 654 peccare
1403 584 1510 632 eos
1531 564 1648 653 qui
1671 567 1806 631 tam
1832 562 2203 632 notabiliter
2226 562 2399 638 male
2423 571 2690 650 canunt,

409 699 443 739 «
468 677 546 741 ut
571 673 783 741 risum
824 669 1104 738 excitent
1130 668 1232 738 vel
1270 670 1830 761 perturbationem
1867 676 1978 739 aut
2007 670 2345 739 fastidium
2398 678 2693 759 causent;

409 807 445 848 α
468 782 556 850 ita
578 785 654 849 ut
675 780 756 847 ab
779 780 903 848 hac
922 779 1322 870 obligatione
1346 801 1484 849 non
1510 780 1754 849 eximat
1768 779 2084 870 juvenilis
2113 780 2216 848 vel
2245 778 2468 848 senilis
2506 787 2693 866 aetas3

407 913 443 952 α
472 887 630 977 quia
655 906 812 954 cum
841 883 1242 977 susceperint
1262 904 1430 955 onus
1449 908 1580 976 quo
1606 884 2069 954 convenienter
2087 886 2277 976 fungi
2299 886 2698 970 nesciebant,

413 1018 447 1058 ι(
474 989 782 1060 tenent-ur
808 991 911 1060 vel
938 989 1267 1062 addiscere
1290 1014 1364 1061 ea
1387 993 1531 1062 sine
1557 993 1809 1083 quibus
1835 999 1911 1061 ut
1940 1015 2058 1084 par
2095 998 2188 1061 est
2213 1011 2463 1061 munus
2505 1014 2717 1085 suum,

412 1122 445 1161 α
474 1097 656 1166 obire
683 1119 812 1166 non
839 1105 1134 1190 possunt,
1161 1101 1264 1168 vel
1286 1101 1456 1169 illud
1486 1097 1842 1169 dimittere.
1868 1099 2124 1169 Dicitur
2148 1105 2365 1169 autem
2389 1100 2610 1169 adesse
2636 1101 2704 1168 in

414 1229 446 1268 «
472 1203 783 1272 canonico
806 1204 1137 1274 sufficiens
1160 1207 1419 1298 peritia,
1448 1207 1716 1296 quando
1740 1229 1858 1297 per
1881 1229 1972 1290 se,
1995 1207 2179 1297 juxta
2201 1207 2585 1298 qualitatem
2606 1208 2708 1276 sui

413 1336 445 1374 (ι
476 1309 674 1379 officii
715 1303 926 1402 potest
960 1313 1214 1403 explere
1255 1336 1402 1404 quae
1452 1313 1578 1382 sibi
1622 1314 2105 1383 incumbunt...
2138 1313 2223 1381 Et
2275 1313 2709 1382 sufficientem

416 1441 456 1482 «,
477 1416 816 1485 scientiam
844 1418 1354 1510 interpretamur
1380 1441 1528 1510 quae
1551 1419 1799 1489 sufficit
1827 1420 1908 1487 iis
1934 1417 2262 1509 explendis
2290 1440 2438 1508 quae
2471 1438 2708 1487 neces-

418 1548 452 1587 «
481 1523 649 1592 sario
670 1525 1071 1594 incumbunt
1100 1529 1422 1618 cujusque
1452 1527 1669 1595 officio
1699 1532 1761 1593 et
1789 1523 2169 1592 ministerio.
2200 1548 2234 1587 »

494 1629 608 1698 IV.
642 1630 751 1698 An
798 1637 861 1700 et
892 1633 1105 1727 qualis
1128 1632 1344 1700 licitus
1372 1634 1453 1699 sit
1477 1632 1745 1699 musicae
1773 1635 1835 1697 et
1873 1631 2463 1698 instrumentorum
2496 1629 2720 1710 usus?

408 1772 495 1787 -
530 1734 825 1804 «Eodem
852 1738 982 1805 fine
1003 1758 1135 1826 quo
1162 1736 1449 1805 Ecclesia
1477 1735 1842 1804 introduxit
1867 1745 2136 1804 cantum
2161 1756 2360 1825 quem
2385 1756 2722 1805 vocamus

419 1867 452 1905 α
480 1840 982 1931 Gregorianum,
1014 1844 1259 1933 recepit
1282 1842 1480 1910 etiam
1509 1864 1710 1910 usum
1730 1842 1999 1911 musicae
2026 1863 2100 1911 ac
2126 1832 2554 1910 musicalium
2579 1842 2721 1910 ins-

350 1962 368 1972 *
420 1971 454 2011 «
481 1952 999 2032 trumentorum3
1031 1947 1354 2016 nimirum
1382 1954 1457 2016 ut
1488 1948 1789 2017 fidelium
1827 1950 2019 2018 corda
2047 1949 2128 2017 ad
2156 1947 2572 2039 spiritualem
2612 1948 2719 2017 lae-

419 2078 453 2118 «
483 2053 690 2122 titiam
712 2059 774 2122 et
796 2054 1210 2124 devotionem
1230 2056 1826 2141 inflammarentur,
1857 2079 2007 2125 cum
2039 2056 2404 2125 secun-dum
2430 2054 2716 2125 diversas

425 2162 797 2231 «melodias
839 2168 1071 2233 cantus
1104 2168 1167 2233 et
1196 2163 1794 2232 instrumentorum
1823 2166 2033 2232 animi
2060 2163 2411 2231 hominum
2444 2162 2714 2230 diversi-

424 2267 674 2335 «mode
710 2269 1163 2360 disponantur,
1215 2275 1277 2338 et
1312 2292 1429 2362 per
1470 2270 1939 2339 oblectamenta
1967 2270 2255 2357 aurium,
2291 2268 2709 2336 infirmorum

425 2400 458 2437 α
487 2374 745 2443 animus
776 2378 846 2442 in
876 2376 1180 2445 affectum
1206 2376 1460 2466 pietatis
1490 2383 1811 2466 assurgat.

514 2508 547 2544 «
575 2480 968 2570 Hujusmodi
994 2488 1213 2551 tamen
1257 2506 1434 2551 usus?
1458 2483 1728 2553 musicae
1770 2489 1836 2551 et
1863 2471 2281 2552 musicalium
2314 2473 2713 2550 instrumen-

422 2590 697 2653 «torum
741 2594 1037 2678 receptus
1072 2582 1204 2656 'fuit
1247 2589 1319 2655 in
1373 2589 1664 2658 Ecclesia
1726 2591 2200 2659 recentioribus
2267 2587 2709 2680 temporibus3

423 2715 458 2755 «
484 2694 640 2788 nam
680 2691 869 2763 divus
914 2692 1195 2762 Thomas
1236 2694 1353 2784 qui
1396 2695 1479 2762 ad
1528 2696 1858 2765 coelestem
1903 2697 2181 2788 patriam
2235 2696 2360 2763 fuit
2413 2700 2715 2763 evocatus

428 2822 463 2863 «
486 2814 658 2866 anno
688 2797 885 2888 1300,
918 2801 1005 2868 ait
1028 2801 1203 2891 quod
1229 2805 1392 2869 tunc
1423 2804 1736 2892 temporis
1774 2818 1910 2872 non
1933 2808 2120 2872 erant
2140 2803 2210 2871 in
2242 2823 2370 2871 usu
2404 2801 2579 2869 inter
2605 2800 2716 2867 di-

428 2928 461 2967 «
489 2904 641 2972 vina
663 2900 878 2974 officia
902 2907 1239 2976 musicalia
1261 2906 1698 2978 instrumenta
1727 2937 1745 2999 3
1776 2909 2018 2979 addens
2044 2910 2391 2993 rationem,
2425 2929 2511 2974 ne
2535 2907 2715 2975 vide-

428 3033 461 3075 «
482 3018 662 3079 retur
697 3015 872 3102 quod
899 3013 1187 3084 Ecclesia
1220 3010 1582 3106 judaizaret
1612 3017 2064 3108 amplectendo
2093 3018 2255 3086 ritus
2276 3015 2665 3108 judaeorum
2696 3037 2712 3096 ;

425 3134 460 3182 <‹
488 3135 643 3186 nam
666 3119 1033 3210 frequenter
1054 3120 1125 3188 in
1146 3120 1366 3191 Veteri
1381 3122 1795 3193 Testamento
1819 3129 1881 3194 et
1904 3127 2324 3216 potissimum
2343 3124 2409 3190 in
2429 3118 2718 3188 Psalmis

426 3250 461 3287 «
490 3225 563 3291 fit
607 3229 850 3296 mentio
881 3250 1038 3297 usus
1067 3229 1449 3297 eorumdem
1483 3231 2096 3300 instrumentorum.
2137 3231 2391 3301 Verum
2418 3249 2567 3296 mos
2599 3228 2719 3295 iste

430 3354 461 3393 α
488 3329 612 3397 fuit
643 3333 910 3401 demum
956 3335 1028 3411 in
1069 3333 1356 3403 Ecclesia
1405 3337 1820 3404 laudabiliter
1873 3343 2193 3429 receptuS,
2246 3337 2401 3429 quia
2451 3340 2718 3427 propter
2766 3368 2769 3371 *

426 3434 646 3502 «adeo
685 3438 1038 3507 notabilem
1081 3445 1459 3530 temporum
1501 3440 1875 3511 distantiam
1914 3444 2288 3537 propulsata
2312 3444 2451 3524 ‚fuit
2494 3442 2715 3511 omnis

429 3567 461 3607 «
489 3541 767 3633 suspicio
810 3545 985 3633 quod
1035 3546 1263 3614 eadem
1309 3545 1600 3617 Ecclesia
1650 3551 1730 3619 ad
1778 3551 1945 3619 ritus
1976 3552 2272 3642 judaicos
2306 3550 2709 3620 deflecteret.

431 3647 678 3719 «Unde
716 3652 911 3721 etiam
936 3653 1008 3721 in
1038 3652 1177 3745 ipso
1212 3655 1688 3725 Caeremoniali
1715 3659 2206 3749 Episcoporum
2249 3658 2329 3748 (c.
2369 3657 2482 3745 28,
2515 3656 2564 3724 l.
2608 3653 2737 3744 11)-

428 3780 463 3820 ι(
492 3758 951 3848 comprobatur
974 3761 1183 3851 praxis
1208 3763 1563 3833 adhibendi
1593 3767 1765 3834 inter
1780 3766 2009 3835 *divina
2031 3765 2240 3834 officia
2265 3771 2536 3833 cantum
2569 3784 2717 3831 mu·

428 3885 461 3925 c<
484 3864 749 3933 sicalem
778 3873 840 3934 et
864 3889 1100 3935 sonum
1123 3869 1716 3942 instrumentorum
1747 3872 2096 3963 :quinimo
2125 3872 2460 3940 musicalis
2485 3874 2718 3939 cantus

427 3966 559 4043 «in
604 3974 756 4039 tono
800 3978 1018 4042 tamen
1068 3974 1252 4063 gravi
1289 3976 1362 4042 in
1397 3977 1540 4066 ipsa
1589 3977 1923 4069 pontificia
1960 3978 2202 4069 capella
2245 3979 2314 4047 in
2353 3999 2480 4046 usu
2526 3980 2708 4045 est.»

416 4067 918 4164 Scarfantonius‚
953 4084 1001 4146 t.
1046 4078 1097 4165 l,
1130 4101 1196 4169 p.
1231 4079 1389 4163 241,
1423 4082 1617 4153 editio
1652 4084 1991 4170 LucensiS,
2035 4083 2260 4175 1723.)

505 4175 659 4245 Pius
694 4184 859 4251 vero'
881 4191 944 4253 et
964 4187 1311 4256 laudabilis
1360 4211 1526 4278 moS‚
1574 4192 1656 4260 ad
1684 4192 2081 4260 excitandam
2111 4197 2173 4260 et
2201 4189 2572 4281 augendam
2604 4187 2719 4257 de·

416 4283 738 4354 votionem
784 4289 857 4354 in
901 4291 1083 4359 clero
1119 4297 1180 4359 et
1219 4297 1462 4387 populo
1506 4297 1832 4388 inventuS,
1882 4290 2123 4368 sensim
2160 4299 2233 4367 in
2271 4297 2557 4366 abusum
2585 4295 2719 4364 de·-

415 4393 609 4463 ssexit.
638 4391 782 4464 Non
808 4417 1030 4484 graves
1053 4399 1195 4485 jam
1225 4401 1396 4469 sicut
1420 4402 1634 4485 initio,
1681 4404 1789 4473 sed
1813 4404 2165 4474 effeminati
2194 4409 2258 4474 et
2297 4404 2378 4473 ad
2404 4403 2718 4494 pietatem
