2930 4982
1235 306 1312 349 DE
1358 304 1690 350 (jamnus.
2528 298 2607 356 39

313 433 588 501 trudere.
626 430 890 498 Thesim
920 429 1106 495 illam
1139 427 1232 494 sic
1268 425 1566 494 inscribit
1598 424 1747 494 Van
1780 424 1995 516 Espcn
2033 449 2050 507 3
2100 451 2135 491 «
2186 427 2611 518 Praecipuum

319 539 663 608 «officium
694 535 1168 605 canonicorum
1207 531 1676 600 cathedralium
1703 536 1796 600 cst
1822 552 2016 621 opera
2042 537 2104 598 et
2125 532 2398 600 consilio
2427 533 2615 623 Epis-

317 672 350 711 «
381 645 560 736 copis
589 645 661 712 in
684 641 972 711 ecclesiae
1003 637 1330 727 regimine
1349 637 1665 706 assistere.
1689 662 1723 702 >³
1756 637 1969 718 Quam
1989 643 2062 705 ut
2084 638 2336 730 probet,
2362 661 2612 709 memo·

308 755 407 819 rat
473 751 770 841 priscum
824 746 1015 814 illum
1059 743 1413 835 primitivae
1470 741 1774 810 Ecclesiae
1824 754 2155 827 senatum,
2210 748 2396 812 vetus
2450 744 2614 814 illud

309 857 612 948 Episcopi
639 853 1011 923 consilium.
1039 851 1212 919 Tum
1247 851 1326 917 de
1355 850 1487 917 illis
1517 849 1821 939 Episcopi
1845 848 2231 920 consiliariis
2260 857 2322 919 et
2345 872 2609 921 assesso·

306 964 492 1032 ribus
539 964 631 1032 sic
680 960 963 1029 affirmat
1013 981 1031 1025 ε
1096 982 1132 1021 «
1175 956 1352 1038 Quos
1399 956 1751 1023 canonicos
1815 954 2250 1043 cathedrales,
2290 963 2606 1050 tanquam

312 1093 348 1136 «
375 1067 704 1138 cathedrae
731 1064 1078 1156 episcopali
1092 1065 1360 1154 propius
1386 1062 1816 1149 adhaerentes,
1848 1064 2162 1152 posterior
2186 1068 2336 1131 aetas
2357 1085 2612 1133 nuncu·

317 1203 351 1243 «
380 1178 577 1268 pavit,
604 1176 678 1243 hi
694 1177 769 1243 in
796 1173 1153 1265 pristinum
1181 1170 1709 1262 presbyterorum
1729 1175 1793 1238 et
1814 1168 2237 1239 diaconorum
2256 1171 2611 1264 presbyte-

324 1309 361 1349 «
387 1285 562 1351 rium
585 1288 778 1371 atque
806 1292 1112 1348 senatum
1135 1281 1629 1347 successerunt:
1659 1297 1790 1365 quo
1826 1276 1898 1343 fit
1925 1281 2021 1360 ut,
2047 1278 2612 1365 quemadmodum

322 1390 535 1458 «olim
590 1389 948 1481 presbyteri
1001 1393 1063 1455 et
1109 1387 1369 1455 diaconi
1417 1384 1694 1454 civitatis
1749 1384 2133 1475 episcopalis
2187 1406 2402 1453 unum
2452 1408 2610 1455 cum

312 1495 688 1587 «Episcopo
714 1500 1032 1585 tanquam
1057 1495 1264 1589 capite
1297 1513 1534 1584 corpus
1557 1490 2042 1581 constituerent,
2082 1492 2438 1580 fratresque
2458 1491 2613 1582 Epi-

319 1629 353 1668 «
376 1603 552 1694 scopi
592 1602 984 1685 dicerentur,
1017 1599 1107 1667 ita
1154 1597 1454 1668 canonici
1507 1596 1906 1666 cathedrales
1933 1596 2006 1665 in
2046 1597 2273 1665 locum
2314 1598 2610 1687 ipsorum

318 1733 352 1772 «
381 1707 633 1776 suffecti
680 1729 891 1775 unum
921 1727 1079 1776 cum
1104 1704 1420 1797 Episcopo
1451 1725 1689 1795 corpus
1717 1724 2111 1795 componere
2151 1704 2504 1787 dicantur3
2553 1709 2615 1772 et

317 1838 350 1879 «
377 1819 452 1882 ut
473 1813 779 1904 Episcopi
805 1815 977 1903 ipsos
999 1817 1315 1902 tanquam
1343 1811 1568 1880 fratres
1595 1816 1945 1901 agnoscant
1989 1811 2300 1881 canonica
2332 1810 2615 1880 decrevit

317 1945 349 1983 «
387 1919 751 1988 auctoritas.
790 1917 877 1986 Hi
933 1923 1112 2005 sunt,
1167 1918 1308 1986 sine
1359 1938 1647 2008 quorum
1706 1916 1981 1986 consilio
2003 1984 2008 1991 ,
2034 1916 2256 2004 hodie,
2314 1921 2391 1985 ut
2414 1918 2610 2005 olim,

316 2051 351 2090 «
387 2028 638 2114 majora
673 2025 961 2093 ecclesiae
998 2025 1259 2114 negotia
1286 2023 1646 2115 Episcopus
1674 2025 2005 2095 absolvere
2029 2045 2164 2093 non
2191 2029 2435 2115 potest3
2493 2026 2611 2116 qui

316 2131 702 2215 «similiter,
734 2137 808 2198 ut
856 2130 1042 2213 olim,
1102 2131 1364 2198 absente
1390 2134 1504 2199 aut
1532 2136 1790 2200 mortuo
1812 2130 2160 2222 Episcopo,
2192 2153 2313 2221 pro
2341 2151 2611 2222 corpore

317 2261 351 2300 «
381 2236 581 2303 totius
605 2236 898 2303 dioecesis
918 2235 1154 2303 debent
1187 2235 1529 2302 excubare.
1563 2233 1744 2322 (Cap.
1762 2234 2452 2320 Novit,extra.De-his
2467 2257 2612 2324 quae

322 2365 360 2402 «
389 2339 563 2404 fiunt
586 2360 624 2403 a
660 2339 929 2426 praelato
957 2338 1098 2403 sine
1129 2358 1451 2404 consensu
1483 2337 1801 2426 capituli.)
1854 2337 2001 2405 Non
2043 2337 2295 2406 mirum
2338 2339 2611 2429 proinde

317 2469 352 2511 «
386 2444 588 2533 quod,
615 2448 688 2510 ut
718 2449 967 2531 martyr
994 2443 1283 2533 Ignatius
1305 2442 1784 2533 presbyterium
1815 2442 2094 2513 ecclesiae
2143 2455 2454 2514 senatum
2496 2468 2612 2516 vo-

315 2551 560 2635 «cavit,
612 2550 842 2619 eodem
891 2550 1075 2618 titulo
1123 2550 1406 2638 synodus
1453 2548 1836 2624 Tridentina
1872 2550 2188 2621 hodierna
2217 2553 2609 2624 cathedralia

318 2656 654 2746 «capitula
676 2660 965 2724 exornet.
995 2656 1208 2736 Quare
1219 2656 1620 2747 jampridem
1643 2659 1988 2728 canonicos
2014 2680 2162 2727 suos
2188 2660 2447 2729 monuit
2468 2682 2606 2729 ma-

317 2786 547 2852 «gnus
585 2763 695 2831 ille
725 2760 1180 2830 Gandensium
1212 2763 1503 2830 Antistes
1553 2762 1895 2831 Lindanus
1934 2788 1949 2830 :
1994 2767 2078 2831 Ut
2114 2766 2312 2835 nulla
2349 2766 2609 2834 ratione

322 2897 352 2935 «
365 2882 696 2962 putarent
714 2893 780 2938 se
827 2868 1018 2960 apud
1034 2874 1248 2938 Deum
1279 2871 1612 2957 excusari,
1644 2870 1704 2937 si
1750 2871 1967 2937 solum
2020 2872 2241 2959 officio
2270 2871 2607 2939 recitando

323 2987 769 3067 «occupentur
871 2976 1180 3065 inprimis
1209 2998 1388 3061 vero,
1441 2976 1687 3061 inquit,
1735 2997 1858 3062 per
1888 2976 2324 3042 Germaniam
2361 2977 2477 3065 qui
2517 2976 2613 3045 ad

319 3107 352 3147 «
376 3081 771 3170 docendum,
809 3082 1275 3171 Episcopoque
1295 3101 1416 3146 suo
1437 3079 1852 3147 serviendum
1872 3082 2205 3172 praecipue
2226 3094 2382 3150 sunt
2402 3085 2444 3149 ιὶ
2473 3085 2605 3151 Ca·

322 3214 354 3253 «
382 3190 521 3257 rolo
555 3192 805 3280 Maqno
834 3187 1157 3274 instituti,
1215 3185 1779 3277 quemadmodum
1829 3188 2079 3256 tabulae
2126 3187 2603 3278 fundationum

321 3319 354 3358 «
381 3306 648 3363 sonant.
704 3292 946 3362 Totum
996 3294 1122 3362 hoc
1164 3294 1633 3361 canonicorum
1678 3294 1971 3372 officium
2018 3294 2200 3364 brevi
2257 3296 2602 3363 verborum

324 3401 643 3491 «periodo
675 3398 1440 3489 complectitur-synodus
1471 3399 2009 3491 Rothomagensis
2038 3402 2234 3493 (anno
2268 3402 2431 3469 1681
2451 3453 2468 3485 ‚
2501 3402 2593 3468 tit.

324 3533 356 3570 «
385 3507 461 3574 de
480 3507 678 3598 episc.
700 3512 762 3574 et
779 3506 972 3597 capit.
999 3528 1067 3573 n.
1099 3505 1239 3595 28),
1254 3505 1415 3575 dum
1438 3507 1753 3577 declarat:
1786 3509 2208 3598 Proecipuam
2227 3507 2300 3574 in
2325 3506 2603 3575 ecclesiis

323 3636 356 3677 «
385 3611 856 3680 auctoritatem
884 3609 976 3677 ad
994 3612 1355 3702 Episcopos
1373 3613 1727 3703 pertinere,
1758 3635 1987 3702 eosque
2015 3612 2288 3682 consilio
2314 3623 2376 3676 et
2401 3632 2603 3697 opera

324 3717 843 3809 «capitulorum
880 3725 944 3781 et
993 3714 1407 3801 diqnitatum
1426 3717 1667 3804 juvari
1710 3718 1970 3802 debere,
2027 3729 2105 3782 ut
2157 3713 2602 3781 membrorum

228 3859 229 3862 π
327 3825 590 3917 «capiti
620 3820 1093 3891 cohaerentium
1125 3830 1189 3886 et
1223 3820 1740 3910 obsequentium.
1781 3822 1979 3889 Decet
2010 3820 2303 3913 proinde,
2339 3828 2412 3889 ut
2445 3844 2599 3894 cum

327 3932 629 4021 «synodo
650 3928 1103 4017 Burdigalensi
1128 3926 1257 4017 (an.
1298 3926 1495 4013 1624,
1536 3950 1594 3996 c.
1635 3928 1701 4013 9,
1735 3950 1803 3995 n.
1839 3927 1902 4020 8)
1932 3930 2182 4021 loquar,
2214 3932 2602 4023 metropoli-

322 4066 359 4107 «
393 4050 628 4106 tanam
651 4047 714 4105 et
736 4026 913 4104 alias
936 4033 1675 4122 cathedralesfflecclesiaS,
1707 4059 1816 4105 eas
1851 4059 2184 4129 personas
2212 4040 2315 4107 ita
2363 4038 2600 4132 probi-

325 4155 523 4211 «tate
542 4168 618 4211 ac
632 4143 906 4211 scientia
929 4141 1421 4224 commendatas
1446 4144 1542 4211 ad.
1578 4145 2011 4216 canonicatus
2043 4147 2285 4237 eliqere
2316 4161 2378 4215 et
2419 4169 2602 4217 assu-

329 4276 362 4312 «
387 4272 581 4337 mere,
598 4261 672 4316 ut
692 4249 874 4317 exiis
888 4271 1122 4339 corpus
1147 4248 1431 4340 capituli
1451 4250 1813 4322 coalescens
1834 4266 2102 4330 senatus
2113 4254 2599 4343 Episcoporum

334 4380 364 4418 «
394 4355 564 4424 uncle
610 4356 965 4425 consilium
1009 4369 1340 4424 accersant
1365 4358 1597 4430 merito
1628 4358 1761 4427 dict
1791 4362 2028 4449 possit.
2069 4385 2101 4422 υ)
2144 4359 2314 4447 (Van
2356 4356 2596 4438 Espeu,
