2930 4982
1141 323 1220 370 DE
1264 323 1598 373 culmus.
2400 323 2519 378 2³3

1314 562 1351 641 ἓ
1397 565 1435 624 2

271 729 318 768 ΙΝ
340 726 767 767 CATHEDRALIBUS
795 724 1015 764 ELECTIO
1041 726 1107 766 ET
1135 726 1438 767 NOMINAno
1469 729 1672 770 vicum
1714 730 1965 771 PERPETCI
1996 732 2188 771 conari
2219 732 2407 773 minna·
2420 734 2483 773 ΕΤ

756 824 825 862 AD
858 825 1183 879 CAPITULUM,
1214 826 1545 867 APPROBATIO
1576 828 1646 867 AD
1675 829 1968 869 Erlscopuu

315 990 388 1060 ln
428 995 557 1059 tota
583 990 705 1060 hac
736 994 1143 1085 paragrapho
1181 995 1573 1086 supponitur
1618 1017 1780 1065 cura
1819 1017 2071 1065 annexa
2100 995 2409 1087 capitulo,
2443 1003 2514 1064 ut

245 1099 551 1168 ordinarie
578 1098 998 1189 contingit-in
1028 1101 1527 1171 cathedralibus.
1564 1102 1734 1183 Quid
1755 1102 1929 1194 juris
1960 1107 2229 1191 exurgat
2259 1102 2331 1169 in
2363 1123 2511 1170 casu

244 1203 570 1292 contrario,
597 1205 940 1273 adnotatur
967 1206 1090 1274 sub
1107 1207 1304 1276 finem
1332 1208 1744 1300 paragraphi.

314 1310 767 1380 Probationem
817 1311 1014 1381 thesis
1053 1334 1087 1380 e
1119 1313 1515 1405 quintuplici
1555 1313 1729 1382 fonte
1776 1314 2182 1395 hauriemus,
2225 1336 2504 1406 nempe:

246 1417 369 1486 10E
397 1417 675 1486 textibus
707 1418 903 1508 juris.
949 1417 1018 1484 2⁰
1043 1417 1098 1485 E
1125 1419 1578 1487 constitutione
1616 1420 1823 1488 sancti
1850 1418 1953 1487 Pii
1982 1418 2069 1487 V.
2112 1417 2180 1486 3⁰
2225 1417 2316 1486 Ex
2351 1440 2511 1487 auc-

240 1523 474 1593 toritate
516 1522 583 1592 S.
638 1522 1171 1614 Congregationis
1212 1526 1499 1595 concilii.
1534 1527 1604 1592 4⁰
1648 1525 1746 1595 Ex
1790 1523 2167 1594 auctoritate
2205 1523 2274 1593 S.
2312 1522 2508 1593 Rota».

244 1626 298 1694 5⁰
316 1627 408 1696 Ex
432 1628 803 1696 auctoritate
818 1629 1181 1698 doctorum.

312 1733 364 1802 1.
394 1733 711 1802 Probatur
742 1734 934 1802 variis
967 1736 1135 1824 juris
1167 1735 1441 1804 textibus
1464 1774 1555 1788 —-
1582 1734 1945 1805 Alexander
1984 1734 2091 1819 111,
2137 1735 2507 1825 Vigoriensi

236 1838 723 1932 Archiepiscopo
750 1862 924 1909 anno
958 1841 1172 1911 1170:
1206 1845 1303 1908 De
1328 1842 1669 1910 monachis
1713 1842 1833 1932 qui
1866 1842 2150 1909 vicarios
2170 1844 2509 1933 paroecia-

236 1945 389 2014 lium
432 1947 856 2046 ecclesiarum
902 1959 1223 2038 φναυαηι,
1281 1970 1427 2015 eam
1463 1947 1963 2037 providentiam
2014 1949 2283 2033 habeas,
2339 1947 2518 2038 quod

235 2051 911 2144 adproesentationem
937 2054 1412 2122 monachorum
1436 2054 1564 2120 nul
1568 2054 1712 2121 lum
1751 2055 2053 2144 recipiaS,
2087 2054 2217 2121 nisi
2243 2065 2515 2121 tantum

228 2159 281 2226 si
302 2158 380 2228 de
420 2161 856 2251 proventibus
903 2162 1183 2230 ecclesiae
1225 2185 1453 2230 coram
1503 2173 1565 2228 te
1605 2161 1813 2249 fuerit
1858 2161 2297 2251 assiqnatum‚
2340 2160 2516 2227 unde

212 2263 381 2351 jura
408 2250 819 2355 episcopalia
847 2268 1055 2354 possit
1073 2265 1457 2357 persolvere
1487 2276 1550 2332 et
1581 2287 1949 2354 conqruam
1974 2264 2521 2332 sustentationem

224 2367 464 2435 habere
508 2371 585 2460 (c.
633 2373 731 2437 De
770 2371 1133 2455 monachis,
1172 2372 1250 2438 de
1284 2370 1700 2491 praebendis).
1735 2369 1833 2438 lbi
1874 2370 2091 2460 agitur
2130 2369 2516 2461 generaliter

226 2474 301 2541 de
342 2475 776 2565 monasteriiS,
826 2500 974 2567 quoe
1018 2489 1316 2568 qravant
1359 2476 1644 2547 vicarios
1644 2476 2157 2569 paroecialium
2210 2478 2512 2548 ecclesia-

232 2602 395 2650 rum.
443 2581 829 2652 Monasteria
868 2587 1102 2652 autem
1132 2583 1340 2653 olim
1321 2608 1393 2652 in
1440 2583 1835 2675 quibusdam
1882 2586 2363 2676 parochialibus
2402 2608 2512 2654 ec-

234 2684 432 2754 clesiis
492 2687 819 2756 habebant
879 2710 1103 2758 curam
1162 2692 1572 2777 animarum,
1633 2692 1706 2759 in
1760 2690 1905 2760 aliis
1968 2691 2350 2759 exercebant
2400 2692 2512 2779 jus

232 2797 635 2880 patronatus3
685 2816 876 2884 porro
935 2798 1319 2885 generaliter
1386 2796 1783 2887 supponitur
1839 2797 1917 2862 in
1968 2797 2160 2862 citato
2211 2800 2391 2861 textu
2432 2793 2512 2860 ad

230 2900 611 2966 monasteria
630 2898 740 2965 illa
760 2900 1081 2987 pertinere
1091 2903 1687 2991 praesentationem
1707 2899 2091 2989 hujusmodi
2112 2898 2514 2967 vicariorum

236 3025 336 3091 per
370 3026 533 3095 quos
599 3004 952 3073 exercenda
993 3012 1129 3073 erat
1186 3028 1367 3088 cura,
1415 3006 1497 3072 ad
1548 3004 1950 3095 Episcopum
1997 3024 2146 3070 vero
2196 3003 2515 3095 approba-

237 3106 482 3177 tionem.
534 3108 715 3177 Idem
760 3113 978 3177 autem
1016 3111 1133 3200 jus
1190 3109 1693 3199 intelligendum
1742 3115 1804 3177 et
1852 3108 2256 3177 intellectum
2314 3111 2512 3180 fuisse

242 3214 426 3299 quoad
456 3216 764 3307 capitula,
804 3216 900 3284 sic
925 3215 1097 3285 inter
1120 3217 1277 3285 alios
1314 3202 1770 3285 animadvertit
1796 3215 2152 3285 Cardinalis
2178 3215 2258 3285 de
2285 3216 2502 3287 Luca:

250 3341 277 3380 ι(
314 3317 433 3388 Ubi
459 3322 674 3411 agitur
710 3323 789 3391 de
827 3323 1098 3413 ipsamet
1134 3324 1483 3415 principali
1526 3324 1791 3395 ecclesia
1825 3323 2107 3415 regulari
2131 3346 2243 3394 seu
2281 3347 2506 3395 mona-

251 3445 278 3484 «
316 3428 569 3517 steriali‚
605 3430 712 3497 cui
742 3450 990 3499 annexa
1030 3433 1115 3499 sit
1145 3432 1519 3501 animarum
1555 3454 1711 3501 cura
1747 3454 1864 3523 per
1905 3455 2121 3501 unum
2177 3432 2502 3502 vicarium

250 3551 277 3591 t(
314 3534 598 3619 quamvis
626 3535 1002 3603 saecularem
1029 3556 1105 3601 ac
1135 3545 1520 3626 perpetuum
1562 3538 1843 3605 exerceri
1882 3538 2094 3623 solita,
2126 3544 2287 3605 tunc
2317 3559 2505 3604 casus

247 3656 275 3697 <t
311 3638 996 3721 videturindubitatu5‚
1011 3646 1233 3707 utnon
1248 3642 1443 3709 intret
1456 3642 1792 3731 dispositio
1808 3641 2176 3708 conciliaris
2190 3640 2365 3729 (sessi.
2388 3640 2476 3705 24
2486 3689 2505 3717 ‚

247 3762 274 3803 «
312 3764 366 3811 c.
398 3745 503 3837 18)
525 3746 645 3837 (1),
673 3746 785 3814 sed
812 3744 1028 3835 potius
1052 3744 1273 3813 locum
1296 3745 1531 3811 habeat
1559 3745 1729 3811 dicta
1757 3744 2127 3810 constitutio
2147 3743 2252 3810 Pii
2274 3742 2338 3812 V
2368 3743 2456 3835 (2)
2484 3770 2500 3829 ;

248 3867 275 3907 «
307 3853 375 3917 ut
406 3850 788 3942 huiusmodi
810 3850 1035 3919 vicarii
1065 3847 1391 3941 provideri
1420 3847 1695 3916 debeant
1732 3846 1812 3915 ad
1844 3845 2351 3917 nominationem
2391 3872 2502 3920 seu

246 3974 274 4013 «
309 3959 861 4043 praesentationem
882 3979 1108 4026 eorum
1131 3978 1412 4048 quorum
1436 3954 1726 4026 ecclesiis
1749 3976 1998 4026 annexa
2019 3960 2111 4022 est
2129 3978 2306 4026 cura.
2321 4009 2335 4025 .
2349 4009 2366 4026 .
2403 3958 2502 4038 Ex

248 4080 277 4120 α
312 4063 539 4151 quibus
553 4065 757 4156 liquet
769 4066 833 4134 id
854 4065 1199 4157 procedere
1216 4064 1347 4134 sive
1367 4069 1672 4154 ageretur
1681 4062 1762 4131 de
1783 4060 2063 4131 ecclesiis
2076 4064 2501 4134 saecularibus

292 4223 352 4285 (¹)
381 4224 567 4291 Nempe
596 4226 853 4291 dispositio
874 4228 1069 4279 concilii
1094 4228 1377 4279 Tridentini
1406 4226 1724 4277 decernentis
1745 4207 2052 4288 parochiales
2073 4228 2310 4279 vacantes
2333 4220 2502 4285 provi·

240 4295 329 4351 deri
350 4316 433 4365 per
453 4319 778 4358 concursum.

291 4383 354 4445 (2)
377 4384 795 4439 constitutionem
815 4387 955 4438 illam
974 4388 1127 4439 modo
1147 4387 1433 4441 citabimus.
