<?xml version="1.0" encoding="UTF-8"?>
<!DOCTYPE html PUBLIC "-//W3C//DTD XHTML 1.0 Transitional//EN"
    "http://www.w3.org/TR/xhtml1/DTD/xhtml1-transitional.dtd">
<html xmlns="http://www.w3.org/1999/xhtml" xml:lang="en" lang="en">
 <head>
  <title>
</title>
<meta http-equiv="Content-Type" content="text/html;charset=utf-8" />
  <meta name='ocr-system' content='tesseract 3.04.00' />
  <meta name='ocr-capabilities' content='ocr_page ocr_carea ocr_par ocr_line ocrx_word'/>
</head>
<body>
  <div class='ocr_page' id='page_1' title='image "./tractatusdecapi00bouigoog_0424.png"; bbox 0 0 2930 4982; ppageno 0'>
   <div class='ocr_carea' id='block_1_1' title="bbox 474 335 1783 393">
    <p class='ocr_par' dir='ltr' id='par_1_1' title="bbox 474 335 1783 393">
     <span class='ocr_line' id='line_1_1' title="bbox 474 335 1783 393; baseline -0.005 0"><span class='ocrx_word' id='word_1_1' title='bbox 474 335 599 393; x_wconf 84' lang='grc'>386</span> <span class='ocrx_word' id='word_1_2' title='bbox 1439 341 1783 388; x_wconf 74' lang='lat' dir='ltr'>mAcrArns</span> 
     </span>
    </p>
   </div>
   <div class='ocr_carea' id='block_1_2' title="bbox 432 458 2808 3309">
    <p class='ocr_par' dir='ltr' id='par_1_2' title="bbox 456 458 2719 1064">
     <span class='ocr_line' id='line_1_2' title="bbox 465 458 2715 554; baseline -0.002 -19"><span class='ocrx_word' id='word_1_3' title='bbox 465 471 775 536; x_wconf 86' lang='lat' dir='ltr'>servatur.</span> <span class='ocrx_word' id='word_1_4' title='bbox 811 463 1157 554; x_wconf 84' lang='lat' dir='ltr'>Propterea</span> <span class='ocrx_word' id='word_1_5' title='bbox 1197 462 1433 551; x_wconf 83' lang='lat' dir='ltr'>quaerit</span> <span class='ocrx_word' id='word_1_6' title='bbox 1469 460 1747 530; x_wconf 87' lang='lat' dir='ltr'>Azorius</span> <span class='ocrx_word' id='word_1_7' title='bbox 1786 460 1979 550; x_wconf 89' lang='lat' dir='ltr'>(Part.</span> <span class='ocrx_word' id='word_1_8' title='bbox 2014 483 2058 540; x_wconf 90' lang='lat'>1,</span> <span class='ocrx_word' id='word_1_9' title='bbox 2089 459 2137 526; x_wconf 92' lang='lat' dir='ltr'>l.</span> <span class='ocrx_word' id='word_1_10' title='bbox 2172 458 2252 543; x_wconf 89' lang='lat'>11,</span> <span class='ocrx_word' id='word_1_11' title='bbox 2289 481 2426 550; x_wconf 92' lang='lat' dir='ltr'>cap.</span> <span class='ocrx_word' id='word_1_12' title='bbox 2461 459 2550 551; x_wconf 83' lang='lat'>8),</span> <span class='ocrx_word' id='word_1_13' title='bbox 2583 461 2715 550; x_wconf 86' lang='lat' dir='ltr'>quid</span> 
     </span>
     <span class='ocr_line' id='line_1_3' title="bbox 463 566 2716 658; baseline -0.003 -16"><span class='ocrx_word' id='word_1_14' title='bbox 463 571 856 643; x_wconf 89' lang='lat' dir='ltr'>censendum</span> <span class='ocrx_word' id='word_1_15' title='bbox 885 572 968 637; x_wconf 89' lang='lat' dir='ltr'>sit</span> <span class='ocrx_word' id='word_1_16' title='bbox 994 569 1073 637; x_wconf 92' lang='lat' dir='ltr'>de</span> <span class='ocrx_word' id='word_1_17' title='bbox 1101 570 1184 636; x_wconf 91' lang='lat' dir='ltr'>iis</span> <span class='ocrx_word' id='word_1_18' title='bbox 1207 569 1325 657; x_wconf 89' lang='lat' dir='ltr'>qui</span> <span class='ocrx_word' id='word_1_19' title='bbox 1355 568 1424 635; x_wconf 87' lang='lat' dir='ltr'>in</span> <span class='ocrx_word' id='word_1_20' title='bbox 1463 568 1825 658; x_wconf 87' lang='lat' dir='ltr'>capitulum</span> <span class='ocrx_word' id='word_1_21' title='bbox 1874 566 2310 635; x_wconf 89' lang='lat' dir='ltr'>admittuntur</span> <span class='ocrx_word' id='word_1_22' title='bbox 2336 587 2410 634; x_wconf 90' lang='lat' dir='ltr'>ac</span> <span class='ocrx_word' id='word_1_23' title='bbox 2430 567 2641 656; x_wconf 88' lang='lat' dir='ltr'>jurant</span> <span class='ocrx_word' id='word_1_24' title='bbox 2663 589 2716 635; x_wconf 91' lang='lat' dir='ltr'>se</span> 
     </span>
     <span class='ocr_line' id='line_1_4' title="bbox 458 672 2718 766; baseline -0.002 -20"><span class='ocrx_word' id='word_1_25' title='bbox 458 683 691 747; x_wconf 84' lang='lat' dir='ltr'>statuta</span> <span class='ocrx_word' id='word_1_26' title='bbox 732 675 1141 745; x_wconf 78' lang='lat' dir='ltr'>servaturos?</span> <span class='ocrx_word' id='word_1_27' title='bbox 1183 674 1265 742; x_wconf 90' lang='lat' dir='ltr'>Et</span> <span class='ocrx_word' id='word_1_28' title='bbox 1295 675 1638 766; x_wconf 82' lang='lat' dir='ltr'>respondet</span> <span class='ocrx_word' id='word_1_29' title='bbox 1684 697 1914 742; x_wconf 88' lang='lat' dir='ltr'>eorum</span> <span class='ocrx_word' id='word_1_30' title='bbox 1932 672 2402 764; x_wconf 78' lang='lat' dir='ltr'>jusjurandum</span> <span class='ocrx_word' id='word_1_31' title='bbox 2443 673 2718 764; x_wconf 86' lang='lat' dir='ltr'>interpre-</span> 
     </span>
     <span class='ocr_line' id='line_1_5' title="bbox 456 779 2718 870; baseline -0.002 -18"><span class='ocrx_word' id='word_1_32' title='bbox 456 784 733 852; x_wconf 81' lang='lat' dir='ltr'>tandum</span> <span class='ocrx_word' id='word_1_33' title='bbox 755 805 831 851; x_wconf 92' lang='lat' dir='ltr'>eo</span> <span class='ocrx_word' id='word_1_34' title='bbox 858 804 1080 869; x_wconf 88' lang='lat' dir='ltr'>sensu,</span> <span class='ocrx_word' id='word_1_35' title='bbox 1116 779 1437 849; x_wconf 90' lang='lat' dir='ltr'>nimirum</span> <span class='ocrx_word' id='word_1_36' title='bbox 1480 803 1546 851; x_wconf 90' lang='lat' dir='ltr'>se</span> <span class='ocrx_word' id='word_1_37' title='bbox 1574 787 1933 849; x_wconf 87' lang='lat' dir='ltr'>servaturos</span> <span class='ocrx_word' id='word_1_38' title='bbox 1964 802 2039 848; x_wconf 89' lang='lat' dir='ltr'>ea</span> <span class='ocrx_word' id='word_1_39' title='bbox 2066 784 2260 870; x_wconf 87' lang='lat' dir='ltr'>prout</span> <span class='ocrx_word' id='word_1_40' title='bbox 2285 786 2442 848; x_wconf 87' lang='lat' dir='ltr'>sunt</span> <span class='ocrx_word' id='word_1_41' title='bbox 2475 781 2542 848; x_wconf 89' lang='lat' dir='ltr'>in</span> <span class='ocrx_word' id='word_1_42' title='bbox 2564 802 2718 848; x_wconf 87' lang='lat' dir='ltr'>more</span> 
     </span>
     <span class='ocr_line' id='line_1_6' title="bbox 456 885 2719 981; baseline -0.003 -24"><span class='ocrx_word' id='word_1_43' title='bbox 456 890 687 981; x_wconf 87' lang='lat' dir='ltr'>posita,</span> <span class='ocrx_word' id='word_1_44' title='bbox 729 888 854 956; x_wconf 90' lang='lat' dir='ltr'>hoc</span> <span class='ocrx_word' id='word_1_45' title='bbox 876 895 970 956; x_wconf 91' lang='lat' dir='ltr'>est</span> <span class='ocrx_word' id='word_1_46' title='bbox 1002 891 1195 979; x_wconf 89' lang='lat' dir='ltr'>prout</span> <span class='ocrx_word' id='word_1_47' title='bbox 1224 887 1431 954; x_wconf 79' lang='lat' dir='ltr'>solent</span> <span class='ocrx_word' id='word_1_48' title='bbox 1458 908 1497 954; x_wconf 90' lang='lat' dir='ltr'>a</span> <span class='ocrx_word' id='word_1_49' title='bbox 1530 891 1659 954; x_wconf 88' lang='lat' dir='ltr'>toto</span> <span class='ocrx_word' id='word_1_50' title='bbox 1685 885 1973 976; x_wconf 86' lang='lat' dir='ltr'>capitulo</span> <span class='ocrx_word' id='word_1_51' title='bbox 2016 886 2118 953; x_wconf 88' lang='lat' dir='ltr'>vel</span> <span class='ocrx_word' id='word_1_52' title='bbox 2145 885 2379 975; x_wconf 88' lang='lat' dir='ltr'>majori</span> <span class='ocrx_word' id='word_1_53' title='bbox 2405 887 2545 975; x_wconf 89' lang='lat' dir='ltr'>ejus</span> <span class='ocrx_word' id='word_1_54' title='bbox 2571 891 2719 975; x_wconf 89' lang='lat' dir='ltr'>parte</span> 
     </span>
     <span class='ocr_line' id='line_1_7' title="bbox 458 1017 726 1064; baseline -0.011 0"><span class='ocrx_word' id='word_1_55' title='bbox 458 1017 726 1064; x_wconf 75' lang='lat' dir='ltr'>servari.</span> 
     </span>
    </p>

    <p class='ocr_par' dir='ltr' id='par_1_3' title="bbox 433 1095 2808 2542">
     <span class='ocr_line' id='line_1_8' title="bbox 556 1095 2716 1187; baseline -0.001 -21"><span class='ocrx_word' id='word_1_56' title='bbox 556 1126 590 1166; x_wconf 86' lang='lat'>«</span> <span class='ocrx_word' id='word_1_57' title='bbox 611 1099 957 1168; x_wconf 86' lang='lat' dir='ltr'>Dubitatur</span> <span class='ocrx_word' id='word_1_58' title='bbox 983 1098 1181 1169; x_wconf 86' lang='lat' dir='ltr'>etiam</span> <span class='ocrx_word' id='word_1_59' title='bbox 1207 1119 1291 1166; x_wconf 88' lang='lat' dir='ltr'>an</span> <span class='ocrx_word' id='word_1_60' title='bbox 1323 1102 1638 1165; x_wconf 88' lang='lat' dir='ltr'>statutum</span> <span class='ocrx_word' id='word_1_61' title='bbox 1668 1098 1910 1165; x_wconf 85' lang='lat' dir='ltr'>factum</span> <span class='ocrx_word' id='word_1_62' title='bbox 1938 1118 1977 1164; x_wconf 87' lang='lat' dir='ltr'>a</span> <span class='ocrx_word' id='word_1_63' title='bbox 2018 1096 2299 1187; x_wconf 88' lang='lat' dir='ltr'>capitulo</span> <span class='ocrx_word' id='word_1_64' title='bbox 2326 1095 2572 1184; x_wconf 87' lang='lat' dir='ltr'>obliget</span> <span class='ocrx_word' id='word_1_65' title='bbox 2600 1117 2716 1164; x_wconf 45' lang='lat' dir='ltr'>suc-¹</span> 
     </span>
     <span class='ocr_line' id='line_1_9' title="bbox 451 1203 2716 1295; baseline -0.004 -19"><span class='ocrx_word' id='word_1_66' title='bbox 451 1205 779 1277; x_wconf 78' lang='lat' dir='ltr'>cessores?</span> <span class='ocrx_word' id='word_1_67' title='bbox 809 1204 1183 1295; x_wconf 89' lang='lat' dir='ltr'>Respondeo</span> <span class='ocrx_word' id='word_1_68' title='bbox 1217 1228 1233 1275; x_wconf 77' lang='grc' dir='ltr'><strong><em>ε</em></strong></span> <span class='ocrx_word' id='word_1_69' title='bbox 1271 1205 1372 1272; x_wconf 88' lang='lat' dir='ltr'>vel</span> <span class='ocrx_word' id='word_1_70' title='bbox 1397 1205 1524 1272; x_wconf 82' lang='lat' dir='ltr'>tale</span> <span class='ocrx_word' id='word_1_71' title='bbox 1553 1210 1868 1272; x_wconf 86' lang='lat' dir='ltr'>statutum</span> <span class='ocrx_word' id='word_1_72' title='bbox 1905 1204 2028 1271; x_wconf 81' lang='lat' dir='ltr'>fuit</span> <span class='ocrx_word' id='word_1_73' title='bbox 2053 1204 2137 1271; x_wconf 90' lang='lat' dir='ltr'>ab</span> <span class='ocrx_word' id='word_1_74' title='bbox 2161 1203 2716 1295; x_wconf 41' lang='lat' dir='ltr'>Episcopo‘confir-</span> 
     </span>
     <span class='ocr_line' id='line_1_10' title="bbox 448 1307 2808 1403; baseline -0.002 -24"><span class='ocrx_word' id='word_1_75' title='bbox 448 1317 705 1379; x_wconf 88' lang='lat' dir='ltr'>matum</span> <span class='ocrx_word' id='word_1_76' title='bbox 742 1310 1233 1380; x_wconf 84' lang='lat' dir='ltr'>confirmatione</span> <span class='ocrx_word' id='word_1_77' title='bbox 1282 1310 1691 1378; x_wconf 81' lang='lat' dir='ltr'>essentiali...</span> <span class='ocrx_word' id='word_1_78' title='bbox 1726 1310 1831 1376; x_wconf 86' lang='lat' dir='ltr'>vel</span> <span class='ocrx_word' id='word_1_79' title='bbox 1860 1331 2020 1377; x_wconf 91' lang='lat' dir='ltr'>non.</span> <span class='ocrx_word' id='word_1_80' title='bbox 2070 1307 2141 1378; x_wconf 89' lang='lat' dir='ltr'>Si</span> <span class='ocrx_word' id='word_1_81' title='bbox 2174 1310 2368 1377; x_wconf 80' lang='lat' dir='ltr'>suerit</span> <span class='ocrx_word' id='word_1_82' title='bbox 2393 1311 2496 1378; x_wconf 78' lang='lat' dir='ltr'>ita</span> <span class='ocrx_word' id='word_1_83' title='bbox 2520 1309 2719 1379; x_wconf 87' lang='lat' dir='ltr'>confir·</span> <span class='ocrx_word' id='word_1_84' title='bbox 2804 1398 2808 1403; x_wconf 9' lang='grc' dir='ltr'><strong><em>ἢ</em></strong></span> 
     </span>
     <span class='ocr_line' id='line_1_11' title="bbox 448 1413 2719 1506; baseline -0.004 -20"><span class='ocrx_word' id='word_1_85' title='bbox 448 1424 733 1498; x_wconf 87' lang='lat' dir='ltr'>matum,</span> <span class='ocrx_word' id='word_1_86' title='bbox 764 1422 1014 1486; x_wconf 88' lang='lat' dir='ltr'>certum</span> <span class='ocrx_word' id='word_1_87' title='bbox 1051 1422 1146 1484; x_wconf 89' lang='lat' dir='ltr'>est</span> <span class='ocrx_word' id='word_1_88' title='bbox 1175 1417 1351 1506; x_wconf 87' lang='lat' dir='ltr'>quod</span> <span class='ocrx_word' id='word_1_89' title='bbox 1381 1417 1629 1504; x_wconf 84' lang='lat' dir='ltr'>obliget</span> <span class='ocrx_word' id='word_1_90' title='bbox 1662 1436 2083 1494; x_wconf 79' lang='lat' dir='ltr'>successoreS,</span> <span class='ocrx_word' id='word_1_91' title='bbox 2119 1416 2274 1504; x_wconf 87' lang='lat' dir='ltr'>quia</span> <span class='ocrx_word' id='word_1_92' title='bbox 2300 1421 2599 1485; x_wconf 86' lang='lat' dir='ltr'>censetur</span> <span class='ocrx_word' id='word_1_93' title='bbox 2622 1413 2719 1481; x_wconf 87' lang='lat' dir='ltr'>tale</span> 
     </span>
     <span class='ocr_line' id='line_1_12' title="bbox 443 1518 2717 1612; baseline -0.003 -21"><span class='ocrx_word' id='word_1_94' title='bbox 443 1529 757 1591; x_wconf 87' lang='lat' dir='ltr'>statutum</span> <span class='ocrx_word' id='word_1_95' title='bbox 797 1530 1186 1590; x_wconf 58' lang='lat' dir='ltr'>ema‘nasse&#39;a</span> <span class='ocrx_word' id='word_1_96' title='bbox 1208 1521 1665 1611; x_wconf 86' lang='lat' dir='ltr'>jurisdictione</span> <span class='ocrx_word' id='word_1_97' title='bbox 1709 1526 1771 1588; x_wconf 89' lang='lat' dir='ltr'>et</span> <span class='ocrx_word' id='word_1_98' title='bbox 1821 1520 2195 1589; x_wconf 85' lang='lat' dir='ltr'>auctoritate</span> <span class='ocrx_word' id='word_1_99' title='bbox 2231 1520 2616 1612; x_wconf 85' lang='lat' dir='ltr'>Episcopali.</span> <span class='ocrx_word' id='word_1_100' title='bbox 2662 1518 2717 1587; x_wconf 85' lang='lat' dir='ltr'>Si</span> 
     </span>
     <span class='ocr_line' id='line_1_13' title="bbox 435 1625 2713 1716; baseline -0.001 -21"><span class='ocrx_word' id='word_1_101' title='bbox 435 1650 588 1695; x_wconf 82' lang='lat' dir='ltr'>vero</span> <span class='ocrx_word' id='word_1_102' title='bbox 618 1650 750 1695; x_wconf 87' lang='lat' dir='ltr'>non</span> <span class='ocrx_word' id='word_1_103' title='bbox 781 1627 979 1694; x_wconf 86' lang='lat' dir='ltr'>fuerit</span> <span class='ocrx_word' id='word_1_104' title='bbox 1023 1629 1112 1694; x_wconf 87' lang='lat' dir='ltr'>ita</span> <span class='ocrx_word' id='word_1_105' title='bbox 1152 1628 1645 1712; x_wconf 86' lang='lat' dir='ltr'>confirmatum,</span> <span class='ocrx_word' id='word_1_106' title='bbox 1679 1633 1934 1694; x_wconf 89' lang='lat' dir='ltr'>certum</span> <span class='ocrx_word' id='word_1_107' title='bbox 1975 1633 2068 1695; x_wconf 89' lang='lat' dir='ltr'>est</span> <span class='ocrx_word' id='word_1_108' title='bbox 2103 1627 2321 1694; x_wconf 87' lang='lat' dir='ltr'>adhuc</span> <span class='ocrx_word' id='word_1_109' title='bbox 2368 1628 2542 1716; x_wconf 87' lang='lat' dir='ltr'>quod</span> <span class='ocrx_word' id='word_1_110' title='bbox 2567 1625 2713 1699; x_wconf 86' lang='lat' dir='ltr'>obli-</span> 
     </span>
     <span class='ocr_line' id='line_1_14' title="bbox 436 1733 2712 1824; baseline -0.002 -23"><span class='ocrx_word' id='word_1_111' title='bbox 436 1740 581 1824; x_wconf 83' lang='lat' dir='ltr'>get3</span> <span class='ocrx_word' id='word_1_112' title='bbox 626 1735 737 1801; x_wconf 87' lang='lat' dir='ltr'>sed</span> <span class='ocrx_word' id='word_1_113' title='bbox 787 1755 921 1800; x_wconf 90' lang='lat' dir='ltr'>non</span> <span class='ocrx_word' id='word_1_114' title='bbox 970 1734 1158 1800; x_wconf 85' lang='lat' dir='ltr'>facile</span> <span class='ocrx_word' id='word_1_115' title='bbox 1200 1734 1280 1800; x_wconf 88' lang='lat' dir='ltr'>de</span> <span class='ocrx_word' id='word_1_116' title='bbox 1329 1734 1453 1800; x_wconf 92' lang='lat' dir='ltr'>hoc</span> <span class='ocrx_word' id='word_1_117' title='bbox 1505 1734 1801 1801; x_wconf 87' lang='lat' dir='ltr'>redditur</span> <span class='ocrx_word' id='word_1_118' title='bbox 1839 1735 2024 1813; x_wconf 85' lang='lat' dir='ltr'>rati0,</span> <span class='ocrx_word' id='word_1_119' title='bbox 2062 1733 2394 1824; x_wconf 89' lang='lat' dir='ltr'>supposita</span> <span class='ocrx_word' id='word_1_120' title='bbox 2446 1733 2712 1802; x_wconf 85' lang='lat' dir='ltr'>carentia</span> 
     </span>
     <span class='ocr_line' id='line_1_15' title="bbox 438 1836 2707 1930; baseline -0.002 -22"><span class='ocrx_word' id='word_1_121' title='bbox 438 1839 655 1908; x_wconf 89' lang='lat' dir='ltr'>omnis</span> <span class='ocrx_word' id='word_1_122' title='bbox 692 1838 1160 1929; x_wconf 88' lang='lat' dir='ltr'>jurisdictionis</span> <span class='ocrx_word' id='word_1_123' title='bbox 1222 1839 1293 1905; x_wconf 90' lang='lat' dir='ltr'>in</span> <span class='ocrx_word' id='word_1_124' title='bbox 1353 1839 1634 1930; x_wconf 88' lang='lat' dir='ltr'>capitulo</span> <span class='ocrx_word' id='word_1_125' title='bbox 1682 1840 1832 1907; x_wconf 91' lang='lat' dir='ltr'>sede</span> <span class='ocrx_word' id='word_1_126' title='bbox 1874 1840 2150 1930; x_wconf 86' lang='lat' dir='ltr'>plena...</span> <span class='ocrx_word' id='word_1_127' title='bbox 2198 1839 2517 1908; x_wconf 89' lang='lat' dir='ltr'>Existimo</span> <span class='ocrx_word' id='word_1_128' title='bbox 2560 1836 2707 1928; x_wconf 88' lang='lat' dir='ltr'>quod</span> 
     </span>
     <span class='ocr_line' id='line_1_16' title="bbox 440 1944 2705 2035; baseline -0.003 -20"><span class='ocrx_word' id='word_1_129' title='bbox 440 1966 847 2015; x_wconf 84' lang='lat' dir='ltr'>successores</span> <span class='ocrx_word' id='word_1_130' title='bbox 869 1950 1218 2012; x_wconf 86' lang='lat' dir='ltr'>teneantur</span> <span class='ocrx_word' id='word_1_131' title='bbox 1252 1944 1419 2012; x_wconf 91' lang='lat' dir='ltr'>illud</span> <span class='ocrx_word' id='word_1_132' title='bbox 1449 1966 1729 2028; x_wconf 85' lang='lat' dir='ltr'>servare,</span> <span class='ocrx_word' id='word_1_133' title='bbox 1768 1949 1913 2011; x_wconf 85' lang='lat' dir='ltr'>tum</span> <span class='ocrx_word' id='word_1_134' title='bbox 1943 1966 2019 2012; x_wconf 88' lang='lat' dir='ltr'>ex</span> <span class='ocrx_word' id='word_1_135' title='bbox 2043 1945 2110 2012; x_wconf 80' lang='lat' dir='ltr'>vi</span> <span class='ocrx_word' id='word_1_136' title='bbox 2138 1945 2311 2035; x_wconf 84' lang='lat' dir='ltr'>pacti</span> <span class='ocrx_word' id='word_1_137' title='bbox 2336 1947 2511 2034; x_wconf 89' lang='lat' dir='ltr'>quod</span> <span class='ocrx_word' id='word_1_138' title='bbox 2540 1944 2705 2011; x_wconf 86' lang='lat' dir='ltr'>tacite</span> 
     </span>
     <span class='ocr_line' id='line_1_17' title="bbox 443 2050 2711 2141; baseline -0.002 -22"><span class='ocrx_word' id='word_1_139' title='bbox 443 2050 788 2119; x_wconf 88' lang='lat' dir='ltr'>intercedit</span> <span class='ocrx_word' id='word_1_140' title='bbox 817 2051 989 2117; x_wconf 83' lang='lat' dir='ltr'>inter</span> <span class='ocrx_word' id='word_1_141' title='bbox 1019 2071 1420 2118; x_wconf 88' lang='lat' dir='ltr'>successores</span> <span class='ocrx_word' id='word_1_142' title='bbox 1454 2054 1518 2116; x_wconf 88' lang='lat' dir='ltr'>et</span> <span class='ocrx_word' id='word_1_143' title='bbox 1548 2050 2018 2140; x_wconf 87' lang='lat' dir='ltr'>capitulum...,</span> <span class='ocrx_word' id='word_1_144' title='bbox 2052 2055 2199 2119; x_wconf 86' lang='lat' dir='ltr'>tum</span> <span class='ocrx_word' id='word_1_145' title='bbox 2227 2072 2303 2118; x_wconf 86' lang='lat' dir='ltr'>ex</span> <span class='ocrx_word' id='word_1_146' title='bbox 2329 2073 2406 2120; x_wconf 93' lang='lat' dir='ltr'>eo</span> <span class='ocrx_word' id='word_1_147' title='bbox 2430 2050 2594 2141; x_wconf 88' lang='lat' dir='ltr'>quod</span> <span class='ocrx_word' id='word_1_148' title='bbox 2620 2069 2711 2117; x_wconf 85' lang='lat' dir='ltr'>ca-</span> 
     </span>
     <span class='ocr_line' id='line_1_18' title="bbox 437 2156 2705 2249; baseline -0.001 -23"><span class='ocrx_word' id='word_1_149' title='bbox 437 2158 728 2249; x_wconf 90' lang='lat' dir='ltr'>pitulum</span> <span class='ocrx_word' id='word_1_150' title='bbox 757 2178 1012 2248; x_wconf 90' lang='lat' dir='ltr'>semper</span> <span class='ocrx_word' id='word_1_151' title='bbox 1043 2177 1257 2223; x_wconf 90' lang='lat' dir='ltr'>unum</span> <span class='ocrx_word' id='word_1_152' title='bbox 1296 2161 1358 2223; x_wconf 89' lang='lat' dir='ltr'>et</span> <span class='ocrx_word' id='word_1_153' title='bbox 1381 2156 1559 2223; x_wconf 89' lang='lat' dir='ltr'>idem</span> <span class='ocrx_word' id='word_1_154' title='bbox 1598 2176 1878 2223; x_wconf 86' lang='lat' dir='ltr'>numero</span> <span class='ocrx_word' id='word_1_155' title='bbox 1903 2163 2290 2247; x_wconf 82' lang='lat' dir='ltr'>perseverat,</span> <span class='ocrx_word' id='word_1_156' title='bbox 2322 2163 2454 2225; x_wconf 88' lang='lat' dir='ltr'>tam</span> <span class='ocrx_word' id='word_1_157' title='bbox 2492 2159 2556 2229; x_wconf 89' lang='lat' dir='ltr'>in</span> <span class='ocrx_word' id='word_1_158' title='bbox 2589 2175 2705 2224; x_wconf 89' lang='lat' dir='ltr'>om-</span> 
     </span>
     <span class='ocr_line' id='line_1_19' title="bbox 440 2258 2704 2351; baseline -0.003 -19"><span class='ocrx_word' id='word_1_159' title='bbox 440 2264 630 2332; x_wconf 91' lang='lat' dir='ltr'>nium</span> <span class='ocrx_word' id='word_1_160' title='bbox 683 2261 1176 2344; x_wconf 83' lang='lat' dir='ltr'>existimatione,</span> <span class='ocrx_word' id='word_1_161' title='bbox 1221 2283 1421 2351; x_wconf 86' lang='lat' dir='ltr'>quam</span> <span class='ocrx_word' id='word_1_162' title='bbox 1456 2260 1628 2350; x_wconf 89' lang='lat' dir='ltr'>juris</span> <span class='ocrx_word' id='word_1_163' title='bbox 1673 2262 2016 2331; x_wconf 80' lang='lat' dir='ltr'>fictione...</span> <span class='ocrx_word' id='word_1_164' title='bbox 2049 2262 2236 2331; x_wconf 89' lang='lat' dir='ltr'>Unde</span> <span class='ocrx_word' id='word_1_165' title='bbox 2257 2264 2313 2332; x_wconf 89' lang='lat' dir='ltr'>si</span> <span class='ocrx_word' id='word_1_166' title='bbox 2339 2264 2540 2335; x_wconf 88' lang='lat' dir='ltr'>semel</span> <span class='ocrx_word' id='word_1_167' title='bbox 2563 2258 2704 2350; x_wconf 81' lang='lat' dir='ltr'>capi-</span> 
     </span>
     <span class='ocr_line' id='line_1_20' title="bbox 435 2367 2709 2461; baseline 0.003 -27"><span class='ocrx_word' id='word_1_168' title='bbox 435 2370 650 2436; x_wconf 87' lang='lat' dir='ltr'>tulum</span> <span class='ocrx_word' id='word_1_169' title='bbox 692 2392 805 2458; x_wconf 90' lang='lat' dir='ltr'>per</span> <span class='ocrx_word' id='word_1_170' title='bbox 854 2374 1166 2436; x_wconf 84' lang='lat' dir='ltr'>statutum</span> <span class='ocrx_word' id='word_1_171' title='bbox 1210 2389 1277 2435; x_wconf 87' lang='lat' dir='ltr'>se</span> <span class='ocrx_word' id='word_1_172' title='bbox 1324 2367 1658 2456; x_wconf 85' lang='lat' dir='ltr'>obligavit,</span> <span class='ocrx_word' id='word_1_173' title='bbox 1707 2390 1961 2461; x_wconf 88' lang='lat' dir='ltr'>semper</span> <span class='ocrx_word' id='word_1_174' title='bbox 2004 2375 2300 2439; x_wconf 84' lang='lat' dir='ltr'>remanet</span> <span class='ocrx_word' id='word_1_175' title='bbox 2337 2371 2709 2460; x_wconf 69' lang='lat' dir='ltr'>obligatum,</span> 
     </span>
     <span class='ocr_line' id='line_1_21' title="bbox 433 2473 1730 2542; baseline 0 -1"><span class='ocrx_word' id='word_1_176' title='bbox 433 2474 640 2541; x_wconf 87' lang='lat' dir='ltr'>donec</span> <span class='ocrx_word' id='word_1_177' title='bbox 670 2473 833 2541; x_wconf 89' lang='lat' dir='ltr'>illud</span> <span class='ocrx_word' id='word_1_178' title='bbox 864 2477 1175 2541; x_wconf 88' lang='lat' dir='ltr'>statutum</span> <span class='ocrx_word' id='word_1_179' title='bbox 1210 2495 1345 2541; x_wconf 91' lang='lat' dir='ltr'>non</span> <span class='ocrx_word' id='word_1_180' title='bbox 1369 2479 1730 2542; x_wconf 86' lang='lat' dir='ltr'>revocetur.</span> 
     </span>
    </p>

    <p class='ocr_par' dir='ltr' id='par_1_4' title="bbox 432 2577 2702 2861">
     <span class='ocr_line' id='line_1_22' title="bbox 529 2577 2701 2665; baseline 0.001 -24"><span class='ocrx_word' id='word_1_181' title='bbox 529 2601 565 2642; x_wconf 90' lang='lat'>«</span> <span class='ocrx_word' id='word_1_182' title='bbox 593 2577 741 2643; x_wconf 85' lang='lat' dir='ltr'>Dixi</span> <span class='ocrx_word' id='word_1_183' title='bbox 767 2598 989 2665; x_wconf 88' lang='lat' dir='ltr'>supra,</span> <span class='ocrx_word' id='word_1_184' title='bbox 1026 2578 1080 2644; x_wconf 90' lang='lat' dir='ltr'>si</span> <span class='ocrx_word' id='word_1_185' title='bbox 1123 2578 1319 2645; x_wconf 84' lang='lat' dir='ltr'>fuerit</span> <span class='ocrx_word' id='word_1_186' title='bbox 1365 2580 1822 2648; x_wconf 87' lang='lat' dir='ltr'>confirmatum</span> <span class='ocrx_word' id='word_1_187' title='bbox 1850 2581 2334 2651; x_wconf 84' lang='lat' dir='ltr'>confirmatione</span> <span class='ocrx_word' id='word_1_188' title='bbox 2360 2579 2701 2659; x_wconf 76' lang='lat' dir='ltr'>essentiali,</span> 
     </span>
     <span class='ocr_line' id='line_1_23' title="bbox 432 2683 2702 2777; baseline -0.001 -24"><span class='ocrx_word' id='word_1_189' title='bbox 432 2683 517 2753; x_wconf 88' lang='lat' dir='ltr'>ab</span> <span class='ocrx_word' id='word_1_190' title='bbox 549 2684 905 2775; x_wconf 80' lang='lat' dir='ltr'>Episcop03</span> <span class='ocrx_word' id='word_1_191' title='bbox 959 2704 1117 2750; x_wconf 89' lang='lat' dir='ltr'>nam</span> <span class='ocrx_word' id='word_1_192' title='bbox 1149 2687 1245 2751; x_wconf 92' lang='lat' dir='ltr'>est</span> <span class='ocrx_word' id='word_1_193' title='bbox 1280 2683 1458 2751; x_wconf 88' lang='lat' dir='ltr'>aliud</span> <span class='ocrx_word' id='word_1_194' title='bbox 1501 2707 1711 2775; x_wconf 84' lang='lat' dir='ltr'>genus</span> <span class='ocrx_word' id='word_1_195' title='bbox 1740 2687 2248 2757; x_wconf 88' lang='lat' dir='ltr'>confirmationis</span> <span class='ocrx_word' id='word_1_196' title='bbox 2275 2688 2440 2777; x_wconf 91' lang='lat' dir='ltr'>quod</span> <span class='ocrx_word' id='word_1_197' title='bbox 2468 2685 2702 2753; x_wconf 86' lang='lat' dir='ltr'>dicitur</span> 
     </span>
     <span class='ocr_line' id='line_1_24' title="bbox 445 2788 942 2861; baseline -0.002 -3"><span class='ocrx_word' id='word_1_198' title='bbox 445 2819 481 2858; x_wconf 83' lang='lat'>«</span> <span class='ocrx_word' id='word_1_199' title='bbox 526 2788 942 2861; x_wconf 88' lang='lat' dir='ltr'>accidentale.</span> 
     </span>
    </p>

    <p class='ocr_par' dir='ltr' id='par_1_5' title="bbox 436 2896 2703 3309">
     <span class='ocr_line' id='line_1_25' title="bbox 519 2896 2703 2990; baseline -0.001 -26"><span class='ocrx_word' id='word_1_200' title='bbox 519 2896 606 2965; x_wconf 89' lang='lat' dir='ltr'>Ut</span> <span class='ocrx_word' id='word_1_201' title='bbox 636 2897 888 2964; x_wconf 86' lang='lat' dir='ltr'>valeant</span> <span class='ocrx_word' id='word_1_202' title='bbox 932 2899 1166 2963; x_wconf 85' lang='lat' dir='ltr'>statuta</span> <span class='ocrx_word' id='word_1_203' title='bbox 1212 2896 1508 2986; x_wconf 89' lang='lat' dir='ltr'>capituli,</span> <span class='ocrx_word' id='word_1_204' title='bbox 1554 2919 1810 2989; x_wconf 88' lang='lat' dir='ltr'>semper</span> <span class='ocrx_word' id='word_1_205' title='bbox 1859 2920 2117 2976; x_wconf 80' lang='lat' dir='ltr'>necesse</span> <span class='ocrx_word' id='word_1_206' title='bbox 2147 2906 2241 2970; x_wconf 87' lang='lat' dir='ltr'>est</span> <span class='ocrx_word' id='word_1_207' title='bbox 2271 2905 2346 2968; x_wconf 84' lang='lat' dir='ltr'>ut</span> <span class='ocrx_word' id='word_1_208' title='bbox 2369 2898 2703 2990; x_wconf 84' lang='lat' dir='ltr'>Episcopus</span> 
     </span>
     <span class='ocr_line' id='line_1_26' title="bbox 436 3002 2702 3098; baseline 0 -29"><span class='ocrx_word' id='word_1_209' title='bbox 436 3024 569 3070; x_wconf 90' lang='lat' dir='ltr'>non</span> <span class='ocrx_word' id='word_1_210' title='bbox 594 3003 1006 3071; x_wconf 88' lang='lat' dir='ltr'>contradicat.</span> <span class='ocrx_word' id='word_1_211' title='bbox 1048 3028 1084 3068; x_wconf 75' lang='lat' dir='ltr'>c&lt;</span> <span class='ocrx_word' id='word_1_212' title='bbox 1107 3002 1275 3071; x_wconf 91' lang='lat' dir='ltr'>Nam</span> <span class='ocrx_word' id='word_1_213' title='bbox 1300 3003 1514 3092; x_wconf 88' lang='lat' dir='ltr'>quoad</span> <span class='ocrx_word' id='word_1_214' title='bbox 1542 3005 1663 3073; x_wconf 90' lang='lat' dir='ltr'>hoc</span> <span class='ocrx_word' id='word_1_215' title='bbox 1695 3004 1803 3072; x_wconf 91' lang='lat' dir='ltr'>ille</span> <span class='ocrx_word' id='word_1_216' title='bbox 1830 3027 2088 3096; x_wconf 83' lang='lat' dir='ltr'>semper</span> <span class='ocrx_word' id='word_1_217' title='bbox 2114 3006 2308 3080; x_wconf 85' lang='lat' dir='ltr'>hahet</span> <span class='ocrx_word' id='word_1_218' title='bbox 2327 3006 2702 3098; x_wconf 86' lang='lat' dir='ltr'>superiorem</span> 
     </span>
     <span class='ocr_line' id='line_1_27' title="bbox 437 3105 2696 3204; baseline -0.001 -26"><span class='ocrx_word' id='word_1_219' title='bbox 437 3110 878 3178; x_wconf 85' lang='lat' dir='ltr'>auctoritatem</span> <span class='ocrx_word' id='word_1_220' title='bbox 928 3116 993 3177; x_wconf 91' lang='lat' dir='ltr'>et</span> <span class='ocrx_word' id='word_1_221' title='bbox 1026 3105 1595 3199; x_wconf 60' lang='lat' dir='ltr'>jurisdictionems</span> <span class='ocrx_word' id='word_1_222' title='bbox 1628 3134 1664 3176; x_wconf 87' lang='lat'>»</span> <span class='ocrx_word' id='word_1_223' title='bbox 1704 3110 2121 3204; x_wconf 82' lang='lat' dir='ltr'>(Andreucci‚</span> <span class='ocrx_word' id='word_1_224' title='bbox 2154 3119 2321 3204; x_wconf 90' lang='lat' dir='ltr'>part.</span> <span class='ocrx_word' id='word_1_225' title='bbox 2364 3111 2430 3192; x_wconf 87' lang='grc'>3,</span> <span class='ocrx_word' id='word_1_226' title='bbox 2460 3134 2523 3180; x_wconf 89' lang='lat' dir='ltr'>n.</span> <span class='ocrx_word' id='word_1_227' title='bbox 2564 3106 2696 3187; x_wconf 84' lang='lat'><strong>150,</strong></span> 
     </span>
     <span class='ocr_line' id='line_1_28' title="bbox 440 3213 2322 3309; baseline 0.003 -29"><span class='ocrx_word' id='word_1_228' title='bbox 440 3216 536 3281; x_wconf 83' lang='lat' dir='ltr'>De</span> <span class='ocrx_word' id='word_1_229' title='bbox 561 3214 809 3283; x_wconf 77' lang='lat' dir='ltr'>tuenda</span> <span class='ocrx_word' id='word_1_230' title='bbox 831 3213 1141 3283; x_wconf 82' lang='lat' dir='ltr'>concordi</span> <span class='ocrx_word' id='word_1_231' title='bbox 1144 3238 1187 3282; x_wconf 82' lang='lat' dir='ltr'><em>a</em></span> <span class='ocrx_word' id='word_1_232' title='bbox 1213 3215 1594 3307; x_wconf 78' lang='lat' dir='ltr'>episcopum</span> <span class='ocrx_word' id='word_1_233' title='bbox 1616 3216 1792 3284; x_wconf 81' lang='lat' dir='ltr'>inter</span> <span class='ocrx_word' id='word_1_234' title='bbox 1810 3228 1874 3284; x_wconf 84' lang='lat' dir='ltr'>et</span> <span class='ocrx_word' id='word_1_235' title='bbox 1892 3216 2322 3309; x_wconf 81' lang='lat' dir='ltr'>capitulum.)</span> 
     </span>
    </p>
   </div>
   <div class='ocr_carea' id='block_1_3' title="bbox 1512 3494 1631 3573">
    <p class='ocr_par' dir='ltr' id='par_1_6' title="bbox 1512 3494 1631 3573">
     <span class='ocr_line' id='line_1_29' title="bbox 1512 3494 1631 3573; baseline 0 -18"><span class='ocrx_word' id='word_1_236' title='bbox 1512 3494 1631 3573; x_wconf 70' lang='lat'>§2</span> 
     </span>
    </p>
   </div>
   <div class='ocr_carea' id='block_1_4' title="bbox 498 3665 2625 3711">
    <p class='ocr_par' dir='ltr' id='par_1_7' title="bbox 498 3665 2625 3711">
     <span class='ocr_line' id='line_1_30' title="bbox 498 3665 2625 3711; baseline 0.001 -6"><span class='ocrx_word' id='word_1_237' title='bbox 498 3665 912 3708; x_wconf 76' lang='lat' dir='ltr'>DETERMINATUR</span> <span class='ocrx_word' id='word_1_238' title='bbox 947 3666 1039 3706; x_wconf 82' lang='lat' dir='ltr'>ms</span> <span class='ocrx_word' id='word_1_239' title='bbox 1078 3666 1343 3706; x_wconf 73' lang='lat' dir='ltr'>COMMUNE</span> <span class='ocrx_word' id='word_1_240' title='bbox 1390 3666 1548 3707; x_wconf 82' lang='lat' dir='ltr'>CIRCA</span> <span class='ocrx_word' id='word_1_241' title='bbox 1585 3666 1924 3707; x_wconf 77' lang='lat' dir='ltr'>POTESTATEM</span> <span class='ocrx_word' id='word_1_242' title='bbox 1961 3668 2356 3711; x_wconf 73' lang='lat' dir='ltr'><strong>LEGISLATIVAM</strong></span> <span class='ocrx_word' id='word_1_243' title='bbox 2398 3668 2625 3711; x_wconf 79' lang='lat' dir='ltr'>CAPITULI</span> 
     </span>
    </p>
   </div>
   <div class='ocr_carea' id='block_1_5' title="bbox 415 3837 2698 4463">
    <p class='ocr_par' dir='ltr' id='par_1_8' title="bbox 415 3837 2698 4463">
     <span class='ocr_line' id='line_1_31' title="bbox 515 3837 2697 3944; baseline 0.004 -35"><span class='ocrx_word' id='word_1_244' title='bbox 515 3837 892 3914; x_wconf 76' lang='lat' dir='ltr'>Pnorosmo</span> <span class='ocrx_word' id='word_1_245' title='bbox 947 3846 1033 3913; x_wconf 68' lang='lat'>1⁰.</span> <span class='ocrx_word' id='word_1_246' title='bbox 1095 3882 1186 3898; x_wconf 93' lang='lat'><em>-</em></span> <span class='ocrx_word' id='word_1_247' title='bbox 1232 3846 1629 3937; x_wconf 80' lang='lat' dir='ltr'>Capitulum</span> <span class='ocrx_word' id='word_1_248' title='bbox 1681 3860 1902 3940; x_wconf 79' lang='lat' dir='ltr'>potest</span> <span class='ocrx_word' id='word_1_249' title='bbox 1951 3862 2216 3921; x_wconf 78' lang='lat' dir='ltr'>statuta</span> <span class='ocrx_word' id='word_1_250' title='bbox 2292 3853 2522 3944; x_wconf 77' lang='lat' dir='ltr'>aliqua</span> <span class='ocrx_word' id='word_1_251' title='bbox 2575 3846 2697 3916; x_wconf 75' lang='lat' dir='ltr'>sibi</span> 
     </span>
     <span class='ocr_line' id='line_1_32' title="bbox 428 3946 2694 4049; baseline 0.006 -40"><span class='ocrx_word' id='word_1_252' title='bbox 428 3946 720 4019; x_wconf 80' lang='lat' dir='ltr'>condere.</span> <span class='ocrx_word' id='word_1_253' title='bbox 756 3989 846 4003; x_wconf 90' lang='lat'>—</span> <span class='ocrx_word' id='word_1_254' title='bbox 864 3949 982 4019; x_wconf 92' lang='lat' dir='ltr'>llla</span> <span class='ocrx_word' id='word_1_255' title='bbox 1018 3956 1290 4043; x_wconf 89' lang='lat' dir='ltr'>potestas</span> <span class='ocrx_word' id='word_1_256' title='bbox 1314 3951 1596 4043; x_wconf 90' lang='lat' dir='ltr'>capitulo</span> <span class='ocrx_word' id='word_1_257' title='bbox 1625 3956 1969 4025; x_wconf 86' lang='lat' dir='ltr'>tribuenda</span> <span class='ocrx_word' id='word_1_258' title='bbox 2003 3963 2123 4043; x_wconf 86' lang='lat' dir='ltr'>est,</span> <span class='ocrx_word' id='word_1_259' title='bbox 2154 3980 2357 4049; x_wconf 87' lang='lat' dir='ltr'>quam</span> <span class='ocrx_word' id='word_1_260' title='bbox 2384 3961 2462 4028; x_wconf 90' lang='lat' dir='ltr'>ad</span> <span class='ocrx_word' id='word_1_261' title='bbox 2488 3958 2694 4048; x_wconf 89' lang='lat' dir='ltr'>ipsum</span> 
     </span>
     <span class='ocr_line' id='line_1_33' title="bbox 423 4050 2698 4154; baseline 0.005 -38"><span class='ocrx_word' id='word_1_262' title='bbox 423 4050 743 4147; x_wconf 82' lang='lat' dir='ltr'>pertinere</span> <span class='ocrx_word' id='word_1_263' title='bbox 781 4058 1130 4127; x_wconf 81' lang='lat' dir='ltr'>canonistae</span> <span class='ocrx_word' id='word_1_264' title='bbox 1173 4061 1365 4146; x_wconf 87' lang='lat' dir='ltr'>atque</span> <span class='ocrx_word' id='word_1_265' title='bbox 1390 4056 1675 4147; x_wconf 84' lang='lat' dir='ltr'>theologi</span> <span class='ocrx_word' id='word_1_266' title='bbox 1715 4063 2148 4134; x_wconf 88' lang='lat' dir='ltr'>communiter</span> <span class='ocrx_word' id='word_1_267' title='bbox 2178 4069 2514 4154; x_wconf 87' lang='lat' dir='ltr'>tamquam</span> <span class='ocrx_word' id='word_1_268' title='bbox 2557 4078 2698 4128; x_wconf 86' lang='lat' dir='ltr'>cer·</span> 
     </span>
     <span class='ocr_line' id='line_1_34' title="bbox 415 4158 2695 4259; baseline 0.003 -37"><span class='ocrx_word' id='word_1_269' title='bbox 415 4160 563 4223; x_wconf 86' lang='lat' dir='ltr'>tum</span> <span class='ocrx_word' id='word_1_270' title='bbox 588 4175 662 4221; x_wconf 88' lang='lat' dir='ltr'>ex</span> <span class='ocrx_word' id='word_1_271' title='bbox 692 4158 843 4245; x_wconf 90' lang='lat' dir='ltr'>jure</span> <span class='ocrx_word' id='word_1_272' title='bbox 872 4165 1213 4233; x_wconf 89' lang='lat' dir='ltr'>communi</span> <span class='ocrx_word' id='word_1_273' title='bbox 1240 4168 1495 4247; x_wconf 86' lang='lat' dir='ltr'>tenent3</span> <span class='ocrx_word' id='word_1_274' title='bbox 1524 4168 1585 4231; x_wconf 89' lang='lat' dir='ltr'>et</span> <span class='ocrx_word' id='word_1_275' title='bbox 1604 4186 1805 4254; x_wconf 88' lang='lat' dir='ltr'>quam</span> <span class='ocrx_word' id='word_1_276' title='bbox 1831 4168 2069 4257; x_wconf 87' lang='lat' dir='ltr'>pariter</span> <span class='ocrx_word' id='word_1_277' title='bbox 2091 4170 2376 4259; x_wconf 88' lang='lat' dir='ltr'>capitulo</span> <span class='ocrx_word' id='word_1_278' title='bbox 2413 4170 2695 4242; x_wconf 74' lang='lat' dir='ltr'>constan-</span> 
     </span>
     <span class='ocr_line' id='line_1_35' title="bbox 417 4260 2696 4345; baseline 0.005 -15"><span class='ocrx_word' id='word_1_279' title='bbox 417 4266 517 4332; x_wconf 85' lang='lat' dir='ltr'>ter</span> <span class='ocrx_word' id='word_1_280' title='bbox 566 4260 868 4329; x_wconf 88' lang='lat' dir='ltr'>tribuunt</span> <span class='ocrx_word' id='word_1_281' title='bbox 916 4286 1186 4336; x_wconf 86' lang='lat' dir='ltr'>romana</span> <span class='ocrx_word' id='word_1_282' title='bbox 1225 4270 1576 4337; x_wconf 82' lang='lat' dir='ltr'>tribunalia</span> <span class='ocrx_word' id='word_1_283' title='bbox 1605 4293 1643 4338; x_wconf 89' lang='lat' dir='ltr'>a</span> <span class='ocrx_word' id='word_1_284' title='bbox 1671 4270 1966 4342; x_wconf 90' lang='lat' dir='ltr'>Summis</span> <span class='ocrx_word' id='word_1_285' title='bbox 2014 4273 2440 4345; x_wconf 88' lang='lat' dir='ltr'>Pontificibus</span> <span class='ocrx_word' id='word_1_286' title='bbox 2482 4272 2554 4342; x_wconf 87' lang='lat' dir='ltr'>ad</span> <span class='ocrx_word' id='word_1_287' title='bbox 2584 4270 2696 4337; x_wconf 79' lang='lat' dir='ltr'>de·</span> 
     </span>
     <span class='ocr_line' id='line_1_36' title="bbox 418 4366 2694 4463; baseline 0.005 -25"><span class='ocrx_word' id='word_1_288' title='bbox 418 4366 799 4439; x_wconf 82' lang='lat' dir='ltr'>clarandum</span> <span class='ocrx_word' id='word_1_289' title='bbox 840 4370 951 4457; x_wconf 87' lang='lat' dir='ltr'>jus</span> <span class='ocrx_word' id='word_1_290' title='bbox 1010 4373 1398 4442; x_wconf 88' lang='lat' dir='ltr'>canonicum</span> <span class='ocrx_word' id='word_1_291' title='bbox 1455 4382 1517 4443; x_wconf 89' lang='lat' dir='ltr'>et</span> <span class='ocrx_word' id='word_1_292' title='bbox 1565 4377 1646 4444; x_wconf 90' lang='lat' dir='ltr'>ad</span> <span class='ocrx_word' id='word_1_293' title='bbox 1703 4378 2084 4449; x_wconf 88' lang='lat' dir='ltr'>decidendas</span> <span class='ocrx_word' id='word_1_294' title='bbox 2143 4382 2315 4450; x_wconf 90' lang='lat' dir='ltr'>circa</span> <span class='ocrx_word' id='word_1_295' title='bbox 2370 4382 2537 4451; x_wconf 86' lang='lat' dir='ltr'>idem</span> <span class='ocrx_word' id='word_1_296' title='bbox 2574 4376 2694 4463; x_wconf 84' lang='lat' dir='ltr'>jus</span> 
     </span>
    </p>
   </div>
  </div>
 </body>
</html>
