2930 4982
328 319 406 374 22
1296 328 1635 374 macrinus

323 446 645 530 canonici,
668 447 820 535 quia
839 468 1052 514 unum
1076 469 1313 537 corpus
1327 469 1485 514 cum
1503 445 1839 537 Episcopo.
1860 444 2248 514 Universam
2261 445 2605 515 Ecclesiam

325 553 627 620 defuncto
662 552 832 643 Papa
860 555 1027 643 regit
1063 552 1501 622 cardinalium
1527 553 1877 643 collegium
1911 576 1928 620 ε
1964 555 2338 621 universam
2363 555 2609 622 dioece-

325 660 451 727 sim
491 665 746 728 mortuo
781 659 1099 751 Episcopo
1129 659 1454 745 gubernat
1506 660 1888 751 capitulum.
1918 659 2078 727 Tota
2125 659 2616 750 praeeminentia

326 771 388 833 et
444 772 715 855 potestas
780 768 1245 854 cardinalium,
1323 767 1476 855 quia
1545 766 1905 856 capitulum
1961 787 2076 834 seu
2154 764 2615 833 consistorium

330 870 592 940 Summi
622 871 952 941 Pontificis
980 896 996 939 ε
1036 879 1165 941 tota
1191 874 1679 964 praeeminentia
1707 878 1769 940 et
1816 878 2088 963 potestas
2117 873 2609 954 canonicorum,

333 979 488 1066 quia
533 978 834 1070 Episcopi
906 979 1285 1047 cardinales.
1340 979 1414 1046 In
1470 978 1908 1048 cardinalibus
1969 978 2327 1046 honoratur
2387 976 2615 1045 vicarii

328 1081 571 1151 Christi
611 1085 890 1174 dignitas
914 1091 975 1152 et
1014 1086 1401 1154 universalis
1427 1092 1701 1177 potestas
1732 1110 1749 1154 ι
1800 1087 1869 1152 in
1923 1085 2203 1176 capitulo
2247 1083 2525 1171 dignitas
2556 1087 2619 1150 et

334 1195 607 1279 potestas
658 1191 1036 1281 episcopalis
1108 1190 1447 1258 culminis.
1513 1191 1869 1282 Splendore
1920 1189 2312 1259 cardinalitii
2377 1189 2617 1276 gradus

332 1292 538 1385 fulget
563 1303 626 1364 et
665 1298 991 1366 extollitur
1029 1295 1368 1366 Pontificia
1413 1296 1746 1386 dignitas:
1800 1297 2024 1363 decore
2072 1304 2135 1362 et
2189 1295 2620 1385 amplitudine

331 1404 771 1493 capitulorum
789 1404 1082 1495 splendet
1108 1409 1171 1471 et
1198 1404 1504 1471 dilatatur
1525 1403 1909 1493 episcopalis
1937 1404 2260 1491 majestas,

1419 1681 1535 1757 §s

341 1842 481 1880 [NDE
504 1844 566 1881 ET
586 1843 802 1888 QUANDO
814 1843 1087 1881 COEPERINT
1106 1843 1480 1883 DISSENSIONES
1499 1844 1566 1883 Ac
1582 1844 1729 1883 Ll‘rES
1755 1843 2045 1882 EPISCOPUM
2066 1843 2224 1882 1NTEn
2239 1843 2304 1881 ET
2323 1842 2621 1881 CAPITL'LL'M

439 2028 474 2068 «
502 2002 594 2070 Eo
615 2002 809 2071 etiam
852 2010 1139 2093 tempore
1176 2026 1304 2092 quo
1345 2004 1644 2071 canonici
1677 2003 1982 2070 vivebant
2028 2004 2096 2069 in
2133 2006 2472 2071 communi
2505 2003 2627 2072 sub

347 2110 795 2178 «immediata
841 2132 997 2177 cura
1045 2109 1376 2200 Episcopi,
1408 2116 1553 2176 ante
1583 2109 1912 2199 expletum
1969 2107 2266 2178 Ecclesiae
2318 2111 2626 2177 millena-

352 2241 385 2279 «
413 2215 620 2295 rium,
665 2214 840 2281 haud
879 2214 1237 2282 dubitarim
1281 2214 1425 2282 lites
1454 2213 1705 2303 aliquas
1733 2219 1796 2280 et
1835 2213 2188 2281 discordias
2227 2235 2332 2281 eos
2370 2215 2540 2281 inter
2569 2222 2631 2280 et

352 2347 387 2385 «
410 2320 808 2410 Episcopum
851 2319 1086 2404 fuisse3
1120 2342 1275 2387 nam
1304 2321 1448 2387 talis
1473 2325 1565 2387 est
1603 2320 1912 2387 humanae
1940 2326 2187 2388 naturae
2215 2319 2521 2403 conditio,
2556 2325 2633 2386 ut

352 2426 783 2497 «humanum
842 2424 1161 2491 defectum
1204 2448 1429 2493 secum
1469 2426 1786 2514 praeferat,
1832 2448 1952 2493 nec
1999 2446 2226 2493 omnes
2274 2421 2393 2515 'pro
2440 2426 2625 2494 omni

355 2558 387 2596 «
417 2531 903 2599 circumstantia
922 2533 1091 2597 intra
1108 2531 1428 2597 virtutum
1450 2529 1692 2596 limites
1712 2552 1777 2597 se
1798 2531 2192 2596 contineant.
2214 2529 2396 2597 Certe
2415 2531 2633 2597 obser-

356 2663 391 2702 «
414 2642 520 2705 vat
546 2636 1011 2704 Thomassinus
1041 2635 1109 2726 (t.
1158 2634 1239 2717 ll,
1274 2636 1320 2703 l.
1375 2636 1443 2713 3,
1478 2658 1537 2703 c.
1593 2635 1657 2726 8)
1698 2657 1773 2702 ex
1800 2637 2239 2724 praerogativis
2267 2641 2331 2703 et
2365 2636 2635 2703 honori-

355 2772 390 2811 «
420 2745 699 2811 ficentiis
745 2765 891 2832 quae
938 2744 1406 2810 canonicorum
1467 2743 1663 2809 coetui
1713 2741 2191 2820 tribuebantur,
2243 2742 2637 2833 subrepsisse

354 2872 900 2939 «nonnunquam
925 2847 1147 2917 minus
1175 2847 1487 2915 modestis
1511 2860 1588 2914 ut
1620 2847 2054 2937 inflarentur,
2086 2838 2150 2914 et
2177 2848 2397 2916 minus
2453 2849 2637 2917 obse-

355 2982 391 3022 «
422 2967 688 3045 quentes
728 2976 846 3021 suo
874 2977 939 3021 se
951 2954 1332 3045 praeberent
1360 2953 1716 3043 Episcopo,
1770 2950 1960 3038 Inde,
1993 2953 2081 3019 ait
2111 2952 2270 3043 ipse,
2304 2964 2402 3019 tot
2425 2952 2637 3020 eonci-

359 3087 393 3126 «
424 3061 675 3130 liorum
704 3084 981 3128 canones
1008 3060 1240 3158 quibus
1268 3071 1584 3146 vetantur
1606 3058 2000 3150 presbyteri,
2035 3058 2169 3126 nisi
2202 3059 2638 3127 consentiente

360 3192 395 3231 «
423 3168 779 3258 EpiscopO,
821 3177 1076 3233 tentare
1099 3164 1487 3257 quidquam.

448 3300 483 3338 «
521 3273 863 3358 Caeterum,
901 3278 974 3339 ut
1003 3272 1137 3339 haec
1170 3278 1386 3339 vetera
1420 3272 1937 3360 praetermittam,
1971 3275 2032 3336 et
2062 3271 2419 3338 recentiora
2447 3271 2637 3336 dum-

359 3407 395 3445 «
425 3385 591 3447 taxat
611 3384 753 3469 post
772 3378 1222 3446 millenarium
1239 3399 1611 3469 persequar,
1633 3384 1789 3446 tunc
1808 3397 2033 3465 graves
2059 3377 2227 3443 inter
2242 3375 2637 3466 Episcopum

359 3510 394 3551 «
425 3475 487 3552 et
521 3484 879 3575 capitulum
924 3483 1273 3566 discordias
1327 3489 1547 3551 ortum
1592 3482 1894 3551 habuisse
1931 3480 2342 3565 crediderim,
2380 3503 2536 3549 cum
2565 3504 2641 3549 ex

360 3616 396 3659 «
425 3594 759 3661 occasione
782 3591 1161 3658 defectionis
1190 3613 1393 3679 quam
1415 3591 1699 3659 fecerant
1726 3588 2028 3658 canonici
2057 3611 2093 3657 a
2113 3590 2245 3657 vita
2268 3591 2635 3673 communi,

364 3724 398 3763 «
427 3703 759 3767 tentarunt
797 3697 1100 3787 Episcopi
1120 3702 1195 3763 ut
1240 3718 1349 3765 eos
1368 3697 1448 3763 ad
1474 3699 1824 3788 pristinam
1870 3696 2131 3763 vivendi
2159 3696 2433 3764 formam
2456 3718 2643 3764 revo-

361 3829 397 3870 «
430 3811 650 3873 carent
677 3833 696 3892 3
725 3805 899 3894 quod
928 3805 1202 3893 contigit
1229 3805 1404 3873 circa
1445 3806 1890 3874 millenarium
1924 3810 1986 3871 et
2014 3802 2223 3870 tenuit
2253 3801 2383 3870 duo
2416 3804 2642 3872 subse·

365 3910 691 3999 «quentia
717 3911 970 3978 saecula.
1025 3910 1148 3978 Per
1193 3918 1390 3978 totam
1440 3912 1622 3978 enim
1650 3932 1793 3978 eam
1842 3914 2088 3976 aetatem
2143 3908 2366 3976 multis
2408 3909 2644 3979 frustra

364 4040 398 4080 «
426 4015 763 4083 conatibus
795 4016 996 4106 captis
1027 4016 1245 4083 adnixi
1277 4020 1430 4085 sunt
1451 4014 1782 4105 Episcopi,
1815 4020 1951 4082 imo
1973 4015 2169 4082 etiam
2210 4015 2333 4105 ipsi
2363 4014 2643 4084 Romani

363 4144 401 4187 <t
433 4120 797 4205 PontificeS,
833 4128 904 4189 ut
929 4122 1009 4190 ad
1048 4127 1327 4202 veterem
1376 4122 1792 4212 disciplinam
1835 4123 2178 4189 canonicos
2221 4121 2635 4190 adducerent.

367 4252 402 4294 «
429 4227 601 4296 Hinc
623 4229 1015 4317 gravissimae
1036 4229 1206 4316 lites,
1232 4252 1306 4298 ac
1327 4231 1759 4320 dissensiones
1781 4230 2142 4320 permultae.
2165 4227 2447 4296 Celebris
2473 4230 2645 4298 inter

366 4359 400 4398 «
433 4334 589 4403 alias
619 4340 712 4403 est
728 4357 874 4425 quae
908 4342 1066 4403 tunc
1096 4336 1429 4426 temporis,
1480 4359 1715 4428 nempe
1741 4336 1975 4406 saeculo
2005 4337 2380 4426 undecimo,
2414 4338 2647 4406 exarsit
