2930 4982
1145 338 1227 383 nn
1274 339 1600 387 cunnus.
2404 337 2532 395 203

262 452 559 538 «tudine,
594 460 656 523 et
698 461 880 523 notat
925 456 1207 526 Barbosa
1237 458 1354 549 (De
1383 473 1633 551 potest.
1665 462 1924 553 Episa,
1952 464 2149 553 alleg.
2188 465 2345 553 127,
2393 490 2464 536 n.
2491 471 2534 538 9

259 566 368 626 «et
405 558 544 649 10).-
585 559 658 627 In
685 562 988 652 praesenti
1021 568 1241 632 autem
1275 585 1427 633 casu
1477 566 1692 634 visum
1728 573 1978 637 estnon
2029 590 2212 660 posse
2248 569 2535 639 dubitari

260 691 290 731 «
312 667 379 734 de
402 665 697 754 legitima
720 670 1188 738 consuetudine
1214 672 1818 741 conferendisolius
1847 673 2147 764 capituli3
2177 697 2330 744 nam
2364 675 2530 746 illud

257 800 288 840 «
306 773 377 841 ab
396 774 908 843 immemorabili
929 777 1266 845 consuevit
1291 776 1679 867 hujusmodi
1703 780 2125 849 canonicatus·
2143 781 2461 851 conferre.
2488 808 2523 847 n

248 877 430 970 (Rota,
469 880 710 949 decisio
742 882 895 962 121,
922 883 1117 972 partis
1138 885 1273 967 xix,
1294 884 1709 974 recentium.)

324 1009 355 1051 α
377 985 712 1054 Beneficia
747 992 810 1054 et
831 988 1212 1078 praebendas
1246 990 1725 1058 cathedralium
1755 989 2182 1059 ecclesiarum
2211 1012 2345 1059 non
2369 1014 2527 1076 esse,

250 1089 369 1157 «de
395 1093 560 1181 jure
584 1095 950 1172 communi,
988 1094 1214 1163 liberae
1239 1095 1600 1165 collationis
1624 1096 1952 1186 Episcopi.
1986 1122 2022 1161 n
2051 1096 2261 1183 (Rota,
2297 1096 2534 1167 decisio

244 1193 378 1277 635,
404 1217 484 1263 n.
513 1197 583 1282 4,
612 1201 792 1286 parte
819 1196 924 1281 18,
948 1203 1189 1267 recent.
1219 1237 1308 1252 —
1327 1199 1409 1267 Et
1430 1200 1526 1267 ibi
1557 1202 1794 1268 citatur
1818 1198 2154 1287 Gonzalez,
2177 1200 2394 1289 glossa
2415 1201 2531 1289 45,

241 1321 298 1366 n.
338 1299 464 1387 35;
504 1302 740 1369 citatur
780 1307 843 1370 et
889 1303 1159 1371 celebris
1188 1305 1397 1393 glossa
1440 1306 1522 1373 ad
1564 1327 1705 1396 cap.
1748 1306 1918 1373 Cum
1959 1305 2232 1373 ecclesia
2272 1306 2529 1376 Vulter-

239 1428 411 1494 rana‚
445 1406 563 1493 31,
588 1406 681 1475 De
703 1409 1013 1477 electione
1036 1434 1054 1493 3
1087 1416 1148 1477 et
1171 1410 1529 1478 remittitur
1556 1412 1636 1479 ad
1663 1413 2137 1480 commentaria
2159 1433 2324 1480 cano
2338 1412 2530 1481 nista-

239 1534 371 1581 rum
389 1515 473 1581 in
499 1514 884 1603 praedictum
906 1513 1155 1605 caput.)

325 1644 360 1686 «
386 1620 578 1687 Licet
633 1643 746 1711 per
799 1621 1293 1712 dispositi-onem
1348 1619 1521 1712 Juris
1569 1622 1970 1709 communis,
2017 1623 2186 1692 inter
2234 1623 2527 1693 doctores

245 1751 274 1788 «
296 1747 429 1794 non
502 1726 784 1817 amplius
846 1732 1350 1816 controversam,
1404 1729 1530 1797 tale
1591 1729 1706 1819 jus
1781 1729 2153 1799 conferendi
2228 1730 2526 1800 simulta-

243 1853 501 1900 «neum
569 1836 912 1901 statuatur
969 1832 1139 1901 inter
1197 1833 1599 1925 Episcopum
1655 1841 1719 1901 et
1778 1834 2261 1925 capitulum...,
2331 1841 2527 1925 prout

242 1960 272 1999 «
299 1957 471 2028 saepe
536 1937 830 2006 decisum
872 1943 967 2005 est
1018 1959 1058 2006 a
1107 1937 1268 2006 Rota
1310 1938 1411 2028 (ut
1456 1939 1530 2004 in
1582 1939 1903 2007 decisione
1939 1940 2053 2023 22,
2116 1941 2228 2023 56,
2276 1928 2437 2008 980⁶
2466 1948 2528 2007 et

237 2066 268 2105 «
294 2041 404 2134 95)
430 2070 448 2130 ;
474 2047 760 2111 attamen
780 2044 906 2111 hoc
926 2064 1062 2111 non
1082 2042 1374 2134 procedit
1391 2042 1639 2132 quoties
1663 2045 1736 2110 in
1760 2044 2044 2135 capitulo
2065 2045 2241 2134 viget
2259 2064 2526 2113 consue-

238 2171 267 2209 «
291 2148 455 2215 tudo
475 2149 651 2236 quod
673 2148 1036 2239 capitulum
1051 2150 1249 2217 soleat
1263 2149 1686 2216 canonicatus
1705 2153 1768 2214 et
1785 2147 2132 2235 dignitates
2158 2150 2527 2238 irrequisito

234 2251 620 2340 «Episcopo
655 2253 1033 2321 conterre...
1070 2253 1234 2332 Quae
1273 2252 1672 2317 consuetudo
1706 2252 1788 2316 ad
1833 2252 2267 2318 exclusionem
2300 2253 2529 2319 simul·

229 2380 269 2418 «
299 2361 520 2421 taneae
536 2355 896 2423 collationis
917 2354 1281 2446 praescribit
1305 2355 1508 2444 spatio
1531 2354 1619 2421 40
1641 2375 1995 2442 annorum,
2027 2359 2102 2422 ut
2122 2360 2336 2423 tenent
2355 2375 2531 2424 com·

231 2484 266 2526 «
294 2457 595 2528 muniter
635 2459 947 2530 doctores,
980 2484 1016 2527 »
1081 2460 1289 2551 (Rota,
1338 2465 1520 2551 parte
1569 2481 1704 2545 xvi,
1758 2460 1996 2530 decisio
2038 2459 2198 2546 244,
2248 2465 2523 2542 recent„

227 2566 463 2656 4Ju11ii
499 2566 725 2658 1670.)
1764 2561 1787 2582 ’

320 2697 355 2736 «
386 2672 555 2741 Cum
579 2680 810 2764 agatur
833 2673 914 2743 de
945 2671 1217 2741 dimidia
1241 2673 1536 2763 portione
1558 2673 1864 2742 existente
1883 2674 1957 2740 in
1986 2673 2367 2757 cathedrali,
2393 2675 2525 2742 col-

237 2779 449 2848 «latio
472 2787 568 2848 est
592 2781 977 2848 simultanea
1008 2780 1179 2847 inter
1206 2778 1729 2847 Ordinarium.et
1757 2780 2124 2869 capitulum
2147 2803 2165 2861 3
2210 2784 2273 2845 et
2326 2800 2524 2867 prop-

236 2912 266 2951 «
292 2892 475 2953 terea
505 2884 785 2974 provisio
801 2885 1133 2953 Ordinarii
1154 2885 1283 2952 fuit
1309 2885 1516 2952 nulla.
1543 2910 1577 2949 »
1609 2885 1820 2972 (Rota,
1859 2882 2103 2949 decisio
2129 2881 2290 2968 585,
2313 2903 2382 2948 n.
2412 2881 2524 2963 40,

233 2990 429 3082 partis
465 3012 535 3071 V,
570 2989 732 3079 rec.)
759 2989 844 3057 Et
857 2989 954 3056 ibi
984 2989 1264 3056 citantur
1281 2990 1501 3078 plures
1522 2989 1670 3055 aliae
1693 2988 2074 3055 decisiones.

319 3123 356 3163 «
403 3096 590 3164 Sacri
620 3116 901 3162 canones
930 3098 1505 3183 praesupponentes
1531 3091 1845 3159 beneficia
1869 3092 2198 3159 exIstentia
2221 3090 2292 3159 in
2310 3092 2527 3181 aliqua

242 3228 271 3266 «
312 3201 600 3285 ecclesia,
630 3207 693 3268 et
720 3198 1078 3290 praesertim
1114 3197 1493 3283 cathedrali,
1529 3197 1777 3265 censeri
1819 3197 2087 3265 fundata
2122 3198 2202 3266 de
2230 3219 2523 3267 commu-

247 3334 276 3373 «
315 3309 511 3376 nibus
565 3307 876 3375 reditibus
926 3306 1131 3397 ipsius
1179 3306 1463 3374 ecclesiae
1490 3358 1508 3393 ,
1559 3305 1861 3373 tribuunt
1904 3305 2143 3396 pariter
2186 3306 2254 3374 in
2302 3328 2522 3377 conse-

247 3440 275 3476 «
315 3415 642 3504 quentiam
677 3412 957 3504 capitulo
994 3434 1127 3480 non
1161 3414 1382 3481 minus
1416 3435 1619 3504 quam
1660 3411 1977 3504 Episcopo
1996 3414 2110 3503 jus
2149 3411 2263 3481 illa
2304 3413 2523 3481 conse·

249 3544 278 3582 «
317 3520 527 3606 rendi,
558 3521 785 3587 eodem
814 3519 1007 3587 modo
1036 3541 1166 3607 quo
1210 3520 1581 3587 communis
1621 3520 1841 3587 fuisset
1880 3518 2353 3586 administratio
2391 3519 2525 3585 sive

247 3649 277 3688 «
318 3624 685 3693 dominium
714 3623 1089 3691 eorumdem
1110 3623 1441 3691 redituum
1470 3624 1604 3713 (hic
1637 3624 1804 3690 citat
1830 3627 2009 3690 Rota
2024 3623 2263 3712 plures
2298 3631 2527 3687 aucto-

183 3743 208 3768 *
248 3753 278 3793 a
317 3752 419 3798 res
454 3743 519 3799 et
556 3730 913 3799 decisiones
957 3725 1403 3794 antecedentes
1436 3731 1650 3810 Rotae,
1680 3738 1745 3791 et
1787 3725 2060 3796 tandem
2109 3723 2524 3792 cardinalem

250 3861 281 3901 «
320 3836 399 3905 de
436 3840 644 3924 Luca,
673 3835 753 3904 de
784 3857 911 3926 quo
952 3829 1164 3921 addit)
1202 3854 1218 3898 z
1251 3831 1401 3899 licet
1438 3851 1593 3897 cum
1629 3828 1937 3918 Fagnano
1979 3828 2262 3897 diversas
2294 3851 2520 3900 recen-

251 3966 285 4005 «
323 3949 449 4012 seat
475 3926 842 4023 sententiaS,
872 3940 1085 4010 adhuc
1103 3944 1319 4009 tamen
1342 3936 1719 4007 testificatur
1741 3935 1912 4004 hanc
1935 3934 2310 4027 opinionem
2332 3958 2518 4006 com·

254 4070 284 4109 «
319 4051 605 4117 muniter
623 4050 764 4139 jam
800 4047 991 4115 fuisse
1017 4052 1339 4137 receptam
1372 4047 1445 4114 in
1476 4044 1659 4113 curia
1684 4042 2049 4135 saepiusque
2074 4044 2517 4114 canonizatam

252 4174 284 4215 α
324 4153 394 4221 in
419 4155 602 4224 Rota.
628 4152 879 4244 Verum
909 4175 1062 4223 cum
1091 4157 1297 4222 totum
1326 4152 1398 4220 in
1434 4152 1558 4218 hac
1585 4151 1855 4218 materia
1877 4150 2067 4221 faciat
2094 4152 2516 4233 consuetudo,

252 4280 285 4320 «
320 4260 521 4330 fidelis
564 4263 880 4354 interpres
927 4281 1152 4329 rerum
1199 4264 1596 4349 actuumque
1654 4258 1775 4328 sub
1816 4282 2074 4330 annosae
2117 4252 2522 4345 antiquitatis

258 4387 289 4426 α
324 4365 594 4458 caligine
619 4369 1040 4452 latentium..,
1073 4367 1295 4436 eadem
1325 4367 1720 4435 consuetudo
1757 4369 2083 4437 multoties
2120 4362 2318 4432 efficit
2345 4346 2519 4433 quod
