2930 4982
1135 331 1213 376 nu
1255 330 1589 378 culmus.
2378 329 2448 387 2¹
2469 330 2504 389 3

232 477 261 514 «
289 450 497 537 legem
508 449 980 538 jurisdictionis
1018 450 1363 540 pertinere.
1403 450 1589 519 Hanc
1619 452 1796 520 enim
1833 454 2214 545 opinionem
2244 462 2509 528 tenuere

229 583 261 621 «
287 555 562 623 Joannes
582 555 900 636 AndreaS,
915 606 931 623 .
946 607 961 623 .
977 607 991 621 .
1014 555 1350 637 PavinuS‚.
1366 606 1380 622 .
1399 608 1413 623 .
1435 556 1744 625 Rebuffus
1760 558 1850 650 (in
1878 560 2063 629 Praxi
2086 561 2183 629 tit.
2202 561 2296 630 De
2311 563 2510 632 devo-

229 689 260 726 «
286 661 553 747 lutione,
578 661 688 745 89,
713 661 839 729 ibi:
863 663 1171 752 Conferre
1187 685 1323 729 non
1347 675 1443 731 est
1445 662 1935 754 jurisdictionis
1954 668 2377 759 episcopalis,
2395 670 2513 738 sed

227 794 256 830 «
281 778 370 834 est
395 766 748 856 cujusdam
760 766 1119 857 facultatis
1148 762 1598 858 extrinsecoe)“;
1628 769 1921 839 Lotterus
1945 770 2012 862 (1.
2044 774 2107 851 1,
2139 780 2363 862 quaest.
2387 774 2502 861 21,

224 900 252 937 «
277 895 340 941 n.
368 872 644 941 34—et
672 873 1000 957 latissime,
1024 873 1072 942 l.
1094 874 1242 964 2,q.
1269 874 1337 952 2,
1366 897 1433 942 n.
1453 875 1495 943 5
1524 880 1587 942 et
1619 876 1778 965 seq.)
1802 875 2250 961 3Fermosinus
2281 878 2382 967 (de
2402 900 2506 947 ca-

222 1003 251 1043 «
273 978 511 1070 pitulo,
530 978 694 1046 Sede
710 992 1010 1065 vacante,
1035 986 1262 1070 quaest.
1284 980 1397 1068 23,
1417 1003 1484 1048 n.
1506 981 1602 1069 7),
1624 980 2022 1070 Solierus(in
2044 983 2239 1050 addit.
2261 983 2339 1050 ad
2365 1005 2506 1073 pas·

221 1088 368 1152 «tor
398 1085 488 1150 de
516 1085 729 1152 benef.
754 1086 801 1153 l.
834 1085 902 1172 3,
940 1086 1039 1152 tit.
1061 1086 1245 1153 finali
1274 1086 1398 1153 litt.
1437 1084 1543 1177 D).
1569 1124 1661 1140 ·—·
1694 1087 1895 1178 quue
1928 1089 2163 1157 melius
2187 1089 2269 1156 ab
2292 1110 2509 1158 exem·

218 1213 245 1253 «
273 1190 391 1280 plis
422 1191 909 1280 comprobatur.
946 1190 1304 1281 Episcopus
1337 1192 1671 1281 resignans
1706 1194 2070 1278 ecclesiam,
2102 1194 2512 1264 administrat

216 1318 247 1360 ι(
268 1295 660 1385 pertinentia
699 1296 776 1362 ad
804 1295 1327 1385 jurisdictionem
1355 1296 1560 1365 donec
1604 1298 1900 1367 adveniat
1930 1322 2282 1384 successor,
2325 1305 2390 1368 et
2412 1305 2505 1369 ta·

218 1425 247 1465 «
278 1423 434 1469 men
460 1401 774 1468 beneficia
795 1401 1072 1469 minime
1098 1402 1369 1469 confert.
1396 1401 1715 1472 Concessa
1743 1404 2031 1492 generali
2054 1404 2505 1494 jurisdictione

215 1532 246 1571 «
269 1507 543 1586 vicario,
575 1528 706 1575 non
740 1513 1043 1575 censetur
1071 1527 1456 1575 concessum,
1493 1510 1607 1598 jus
1651 1508 2051 1593 conferendi,
2092 1514 2314 1599 utpote
2353 1509 2505 1598 quia

216 1613 450 1681 «istud
477 1633 611 1680 non
639 1613 822 1680 venit
848 1613 971 1680 sub
1008 1612 1296 1702 generali
1325 1613 1768 1703 dispositione,
1802 1614 1933 1683 nisi
1967 1606 2506 1706 specifice'expri-

213 1744 244 1786 «
270 1724 515 1789 matur.
537 1716 821 1788 Cautum
839 1719 1022 1786 estin
1039 1721 1190 1809 jure
1220 1721 1396 1808 quod
1421 1722 1784 1811 capitulum
1807 1722 1957 1790 sede
1985 1726 2250 1790 vacante
2275 1741 2500 1789 succe·-

214 1848 247 1890 «
274 1825 380 1893 dat
403 1825 473 1893 in
515 1823 867 1892 universali
891 1823 1345 1914 jurisdictione
1378 1829 1727 1918 episcopali
1762 1852 1778 1896 :
1817 1834 1882 1896 et
1920 1834 2136 1896 tamen
2165 1847 2498 1917 nusquam

209 1933 616 2001 «invenitur
645 1944 923 2001 cautum
953 1931 1197 2021 injure
1226 1931 1404 2021 quod
1428 1935 1807 2024 capitulum
1834 1945 2113 2002 vacante
2150 1932 2296 1999 sede
2330 1935 2500 2021 fun·-

208 2063 238 2100 «
263 2049 477 2128 φαίην
533 2038 671 2105 vice
729 2037 1053 2127 Episcopi
1113 2038 1186 2104 in
1228 2038 1706 2107 collationibus
1745 2038 2264 2130 praebendarum
2328 2042 2501 2126 (sunt

205 2168 236 2208 «
267 2145 472 2215 verba
499 2143 725 2234 capitis
754 2142 901 2227 illa,
943 2165 1027 2210 ne
1065 2145 1213 2212 sede
1249 2144 1581 2235 vacante);
1626 2145 1681 2213 si
1719 2151 1940 2213 autem
1968 2166 2268 2214 concessa
2298 2143 2501 2234 juris-

202 2272 235 2311 «
261 2249 555 2316 dictione
577 2248 825 2315 veniret
846 2249 955 2335 jus
976 2249 1375 2334 conferendi,
1402 2251 1625 2338 inepta
1654 2255 1819 2316 esset
1844 2252 2004 2316 ratio
2030 2251 2233 2337 hujus
2254 2254 2461 2314 textus
2480 2274 2498 2331 ;

198 2377 238 2414 «
271 2372 437 2418 nam
466 2351 625 2418 dum
642 2353 755 2441 jus
784 2351 1075 2418 attribuit
1099 2353 1383 2441 capitulo
1404 2353 1960 2442 jurisdictionem,
1987 2355 2125 2444 jam
2151 2350 2500 2422 concessis-

200 2480 237 2521 «
269 2461 372 2524 set
398 2455 931 2546 jus”conserendi,
992 2456 1045 2523 si
1076 2455 1249 2526 istud
1280 2464 1443 2527 esset
1483 2458 1883 2529 necessarius
1920 2459 2186 2530 effectus
2223 2456 2499 2550 jurisdi-

202 2586 236 2627 «
266 2563 530 2651 ctionis,
562 2569 623 2631 et
654 2562 780 2632 sub
809 2563 1703 2654 concessionejurisdictionis
1728 2571 1889 2635 esset
1918 2567 2490 2658 comprehensum.

204 2694 234 2731 «
256 2668 344 2736 Et
372 2661 640 2738 demum
666 2670 964 2739 videmus
981 2671 1155 2762 quod
1182 2671 1625 2742 cardinalibus
1651 2674 1964 2764 elargitur
1983 2674 2304 2743 Summus
2327 2671 2495 2741 Pon·

200 2800 232 2838 «
260 2775 421 2842 tifex
454 2776 894 2844 universalem
914 2777 1435 2866 jurisdictionem
1465 2779 1539 2845 in
1578 2780 1711 2846 suis
1756 2778 1960 2845 titulis
1988 2802 2007 2860 3
2040 2783 2105 2844 et
2148 2784 2368 2843 tamen
2395 2776 2493 2842 illi

199 2906 229 2945 «
258 2880 585 2947 beneficia
613 2882 903 2948 conferre
930 2903 1063 2948 non
1095 2889 1394 2972 possunt,
1418 2883 1548 2950 nisi
1579 2882 1946 2972 specialiter
1973 2881 2148 2969 Papa
2176 2881 2244 2946 id
2271 2898 2497 2945 conce·

204 3010 233 3048 «
260 2986 403 3053 dat.
428 3023 520 3036 —
543 2983 623 3051 Et
658 2985 1144 3077 praemissorum
1189 3009 1264 3053 ea
1304 2994 1400 3053 est
1447 2987 1638 3060 ratio.
1682 2985 1858 3074 quod
1906 3006 1985 3051 ex
2020 2983 2205 3052 nullo
2249 3003 2499 3051 canone

206 3115 237 3156 «
263 3091 704 3160 demonstrari
753 3095 961 3182 potest
1009 3092 1185 3182 quod
1228 3090 1553 3181 Episcopo
1585 3092 1697 3181 jus
1757 3089 2130 3159 conferendi
2174 3093 2496 3181 competat

209 3222 236 3261 «
257 3199 414 3288 Jure
441 3198 924 3290 maqistratus;
951 3198 1128 3266 unde
1153 3196 1560 3287 impossibile
1583 3201 1678 3265 est
1703 3197 1877 3285 quod
1907 3196 2220 3287 pertineat
2244 3195 2323 3262 ad
2351 3196 2491 3284 ejus

210 3331 238 3367 «
260 3304 804 3396 Jurisdictionem.
821 3304 955 3373 Nec
973 3303 1195 3373 omnia
1210 3325 1358 3391 quae
1372 3309 1747 3394 competunt
1761 3303 2095 3395 Episcopo,
2111 3307 2493 3394 competunt

212 3413 413 3500 «jure
456 3412 865 3501 magistratus
895 3410 1242 3503 (Lotterus,
1275 3411 1320 3477 l.
1350 3410 1420 3495 2,
1454 3433 1520 3500 q.
1570 3410 1664 3503 2),
1698 3433 1895 3502 quem
1918 3411 2216 3480 omnium
2247 3411 2492 3502 optime

214 3544 244 3583 «
272 3518 550 3587 fuissein
564 3520 687 3587 bac
698 3517 963 3586 materia
976 3517 1270 3586 locutum
1291 3519 1448 3586 dicit
1469 3516 1700 3587 Solier.
1715 3571 1730 3589 .
1745 3571 1761 3586 .
1785 3518 1888 3587 his
1902 3517 2114 3586 verbis
2138 3541 2156 3584 ι
2187 3516 2490 3584 Collatio

217 3648 244 3686 «
275 3624 735 3715 beneficiorum
763 3647 899 3691 non
922 3634 1173 3713 spectat
1201 3622 1294 3690 ad
1302 3622 1862 3711 jurisdictionem,
1896 3648 2046 3693 cum
2073 3646 2210 3691 non
2238 3642 2495 3711 compc-

213 3752 243 3790 α
277 3743 374 3797 tat
425 3731 754 3822 Episcopo
787 3729 948 3819 jure
987 3727 1451 3816 maqistratus‚
1515 3728 1629 3794 sed
1665 3730 1940 3817 speciali
1988 3728 2155 3817 leqis
2238 3747 2494 3795 conces-

216 3837 475 3921 «sione,
512 3838 682 3905 citra
721 3833 1077 3927 imperium
1131 3835 1265 3900 aut'
1278 3829 1834 3921 jurisdictionem.
1873 3833 2044 3902 Hinc
2080 3854 2216 3901 non
2244 3831 2499 3901 obstant

218 3965 247 4004 «
271 3942 510 4011 Glossae
534 3941 606 4010 in
634 3941 708 4010 C.
739 3940 1247 4024 Transmissum,
1276 3938 1353 4006 de
1371 3937 1706 4023 electione,
1743 3935 1983 4025 aliique
2004 3940 2291 4007 doctores
2315 3938 2498 4007 attri-

220 4070 250 4108 «
273 4046 541 4115 buentes
561 4048 672 4137 jus
714 4046 1085 4116 conferendi
1112 4044 1581 4137 jurisdictioni,
1610 4042 1766 4134 quia
1809 4041 2008 4124 nullo*⁸
2025 4040 2225 4109 solido
2264 4043 2498 4111 funda-

218 4157 492 4220 «mento
539 4157 908 4233 moventur,
933 4174 1056 4221 nec
1108 4150 1600 4222 considerarunt
1638 4170 1788 4217 mox
1828 4147 2147 4237 allegatas*
2175 4148 2491 4225 rationem

220 4280 251 4320 «
279 4279 393 4327 nec
420 4259 834 4334 adverterunt
864 4261 1039 4350 quod
1068 4259 1220 4328 licet
1235 4257 1352 4349 jus
1372 4257 1745 4326 conferendi
1785 4257 2009 4327 eodem
2037 4264 2330 4345 tempore
2365 4254 2501 4316 im-

224 4385 252 4424 «
277 4364 593 4453 primatur
620 4387 749 4455 quo
775 4365 1254 4455 imprimuntur
1275 4362 1836 4452 jurisdictionalia,
1870 4368 2175 4446 ,attamen
2205 4358 2315 4422 hae·
2351 4348 2506 4424 81111*

2860 4017 2876 4184 uh-fin-
2844 3857 2849 3866 ⁴
