2930 4982
1120 317 1202 363 nn
1244 316 1573 365 carituris.
1824 270 1829 275 ι
2111 277 2119 285 ’
2368 311 2493 369 ⁴17

245 436 489 526 «scopi,
527 435 644 524 qui
689 434 767 503 de
807 455 1127 503 consensu
1162 435 1425 524 capituli
1454 455 1687 502 novam
1709 435 2248 505 consuetudinem
2281 439 2352 507 in
2390 461 2500 510 ec·

246 564 277 606 α
298 541 548 610 clesiam
574 541 881 609 inducere
911 546 1144 631 potest,
1174 541 1228 608 si
1255 540 1367 608 illa
1401 543 1483 609 sit
1511 540 1680 609 bona
1702 546 1764 608 et
1786 542 2150 612 laudabilis.

318 647 619 718 «Praefati
665 647 979 738 capellani
1022 647 1268 736 aliique
1312 647 1532 715 clerici
1584 648 1783 725 choro
1831 648 2271 720 interessentes
2317 656 2382 722 et
2421 653 2503 723 de

240 777 271 818 (ι
292 754 674 842 quotidianis
711 753 1282 825 distributionibus
1321 751 1806 843 participantes,
1839 753 2222 840 regulariter
2246 757 2503 828 excludi

236 884 268 926 ε(
291 882 409 928 non
431 865 701 950 possunt
721 860 804 928 ab
827 861 1289 928 emolumentis
1309 858 1934 944 anniversariorum,
1963 859 2090 928 nisi
2111 863 2506 950 particularis

240 989 270 1030 α
290 966 540 1035 obsistat
569 967 999 1050 consuetud0‚
1032 989 1146 1035 seu
1173 970 1486 1034 statutum
1510 965 1947 1050 contrarium,
1978 974 2093 1034 aut
2118 966 2305 1037 aliter
2331 990 2369 1037 a
2390 975 2509 1039 tes-

236 1098 266 1140 «
284 1074 599 1141 tatoribus
619 1080 884 1141 cautum
898 1074 1101 1143 ,fuerit
1118 1095 1195 1141 ex
1219 1073 1478 1140 litterali
1499 1072 1944 1162 dispositione;
1968 1074 2125 1162 quia
2144 1094 2297 1143 cum
2322 1076 2515 1143 etiam

230 1179 408 1269 «ipsi
446 1179 732 1247 ecclesiae
773 1179 1092 1264 assistant,
1140 1199 1541 1267 consequens
1587 1184 1681 1246 est
1720 1184 1815 1262 ut,
1863 1179 2220 1266 regulando
2254 1181 2516 1251 emolu-

229 1308 264 1352 «
287 1293 586 1352 mentum
618 1286 701 1352 ab
732 1306 949 1371 onere,
981 1285 1061 1355 de
1088 1284 1278 1352 dictis
1307 1285 1879 1355 distributionibus
1907 1284 2317 1375 participent.

246 1436 257 1444 ι
312 1416 348 1455 ι(
371 1389 506 1459 Nec
534 1391 774 1458 relevat
797 1392 971 1479 quod
992 1393 1061 1458 in
1085 1392 1295 1485 legato
1320 1391 1546 1459 relicto
1570 1414 1691 1481 pro
1718 1392 2163 1458 anniversario
2187 1391 2513 1481 capitula,

227 1516 416 1564 «non
456 1497 803 1565 videantur
842 1496 1307 1587 comprehendi
1348 1496 1713 1564 beneficiati
1750 1496 1992 1585 aliique
2034 1496 2253 1564 clerici
2296 1496 2524 1565 cathe-

233 1627 263 1667 «
283 1603 476 1671 dralis
504 1605 625 1693 qui
648 1603 1075 1693 appellatione
1099 1602 1367 1693 capituli
1397 1624 1532 1671 non
1559 1603 1872 1690 veniunt;
1907 1601 2060 1692 quia
2088 1602 2335 1671 ratione
2361 1602 2521 1671 sub·

232 1711 461 1799 «Jectae
491 1710 801 1792 materiae,
848 1731 1084 1799 nempe
1114 1709 1565 1789 anniversarii,
1600 1709 1710 1777 cui
1752 1709 1960 1777 solent
1989 1730 2149 1777 cum
2188 1710 2523 1781 canonicis

233 1814 721 1885 «assistentiam
751 1836 936 1882 suam
978 1820 1276 1904 praestare
1317 1817 1532 1883 caeteri
1560 1815 1942 1887 cathedralis
1963 1816 2245 1884 ecclesiae
2269 1816 2514 1896 clerici,

231 1944 264 1984 ιι
290 1922 719 2011 praesumitur
769 1927 1131 1990 testatorem
1178 1921 1261 1988 ab
1308 1922 1389 1988 iis
1424 1921 1763 1989 excludere
1815 1921 2100 1989 noluisse
2144 1922 2429 1990 eosdem.
2480 1946 2514 1985 n

221 2023 770 2116 (Scarfantonius,
800 2031 849 2093 t.
883 2026 935 2110 1,
968 2047 1120 2116 pag.
1156 2025 1271 2105 21,
1305 2025 1503 2093 editio
1531 2025 1749 2106 Lucae,
1787 2023 2012 2113 1723.)

1176 2313 1471 2375 CAPUT
1525 2313 1616 2373 IX

213 2485 293 2532 nn
336 2486 497 2535 Junn
540 2487 619 2535 ΕΤ
645 2478 874 2537 orrtcm
902 2488 1180 2535 camum
1216 2487 1568 2535 Annonam
1608 2486 1933 2535 zrlscornu
1977 2488 2032 2534 s1
2073 2486 2314 2542 ommno
2345 2484 2530 2534 ron'rs

483 2571 486 2572 ⁷
911 2598 950 2641 A
981 2593 1170 2641 azoro
1196 2594 1464 2642 mamm
1489 2594 1850 2640 ABERRARET
2226 2559 2233 2564 ⁸

303 2778 466 2847 Duo
516 2781 633 2849 hic
676 2782 1089 2872 expendenda
1137 2784 1448 2850 veniunt:
1520 2781 1581 2846 1⁰
1626 2780 1897 2869 quaestio
1939 2778 2283 2867 generalis,
2337 2798 2423 2845 an
2466 2784 2531 2845 et

209 2884 569 2973 quomodo
614 2886 943 2955 interiores
981 2886 1229 2977 possint
1249 2937 1252 2944 -
1272 2892 1335 2953 et
1383 2891 1726 2953 teneantur
1768 2883 2093 2971 corrigere
2129 2875 2526 2973 superiorem

205 2990 284 3059 2ο
312 2990 494 3081 quid
528 2992 917 3081 particulare
957 2992 1299 3059 incumbat
1326 2992 1628 3080 capitulis
1657 2991 1871 3080 quoad
1902 2990 2064 3058 illud
2093 2989 2387 3058 officium
2417 3011 2532 3059 ca-

205 3096 502 3167 ritativae
534 3098 1000 3166 admonitionis
1023 3119 1176 3186 erga
1203 3096 1626 3188 Episcopum.

211 3545 485 3591 QUOMODO
512 3543 691 3585 JUXTA
713 3542 1018 3581 DOCTRINAM
1039 3542 1375 3582 CATHOLICAM
1400 3542 1705 3581 PROCEDERE
1720 3542 1899 3582 Possm·
1920 3543 1985 3582 ET
2007 3542 2214 3583 DEBEAT
2241 3541 2530 3584 commemo

958 3640 1030 3678 AB
1061 3639 1344 3678 INFERIORI
1380 3639 1451 3678 An
1475 3639 1811 3677 SUPEmonssu

269 3819 608 3902 ,Sanctus
637 3809 924 3885 Thomas
959 3815 1046 3906 (2.
1082 3816 1151 3896 2,
1195 3838 1261 3903 q.
1311 3813 1423 3897 33,
1456 3836 1517 3882 a.
1547 3812 1614 3903 4)
1644 3838 1660 3881 ε
1712 3839 1746 3879 «
1795 3813 2033 3882 Utrum
2058 3815 2208 3903 quis
2241 3814 2534 3896 teneatur

216 3950 252 3991 (ι
275 3909 635 4017 corrigere
682 3922 1029 3992 Praelatum
1075 3943 1295 3990 suum.
1347 3957 1439 3996 -φ
1473 3922 1551 4002 1⁰,
1577 3919 1848 4000 Videtur
1894 3918 2068 4008 quod
2115 3916 2352 4007 aliquis
2399 3938 2532 3988 non

213 4058 250 4097 ι(
274 4039 604 4102 teneatur
626 4032 947 4119 corrigere
962 4027 1308 4112 Praelatum
1331 4048 1554 4095 suum.
1579 4024 1834 4104 Dicitur
1852 4026 2032 4100 enim
2049 4021 2251 4116 Exodi
2277 4021 2383 4110 19,
2412 4023 2527 4093 12:

216 4164 252 4204 a
273 4139 532 4222 Bestia
567 4160 721 4228 quoe
749 4136 1045 4226 tetiqerit
1068 4146 1362 4202 montem
1386 4130 1863 4224 lapidabitur..
1878 4178 1892 4194 .
1923 4127 1992 4194 20
2015 4126 2324 4220 Praeterea
2343 4149 2537 4216 super

216 4248 492 4335 «illud,
546 4244 631 4311 in
653 4243 903 4333 faciem
942 4243 1005 4310 ei
1034 4241 1294 4321 restiti,·
1318 4241 1478 4307 dicit
1515 4240 1806 4325 glossa...
1849 4256 2000 4325 erqo
2035 4256 2185 4304 cum
2230 4231 2540 4302 subditus

217 4378 253 4418 «
281 4376 440 4423 non
486 4351 592 4419 sit
618 4372 749 4441 par
788 4350 1113 4430 PraelatO,
1139 4369 1278 4415 non
1308 4343 1493 4412 debet
1539 4362 1692 4408 eum
1735 4340 2082 4432 corriqere.
2132 4342 2199 4409 3ο
2230 4339 2539 4420 Praeterea
2576 4385 2583 4398 .

2181 4458 2253 4504 27
