2930 4982
1126 344 1202 387 ηις
1250 344 1577 391 cAPtTULlS.
2376 334 2499 390 533

1292 577 1403 653 §3

212 722 371 761 CASL’S
413 722 829 763 APPELLATIONIS
876 692 1212 761 INTERlec'rAE
1244 722 1278 761 A
1308 722 1566 760 CAPITULO
1597 722 1805 760 CONTRA
1863 722 2273 761 DEPUTATIONEM
2302 723 2506 761 vicium

972 820 1177 857 FACTAM
1219 819 1252 856 A
1293 818 1738 857 METROPOLITANO

301 980 370 1049 Si
410 1003 646 1071 nempe
688 982 1049 1072 capitulum
1079 982 1418 1049 contendat
1444 1002 1629 1048 suam
1659 980 2035 1048 electionem
2069 1001 2204 1046 esse
2237 983 2508 1048 canoni-

213 1111 382 1172 cam,
423 1111 541 1156 nec
581 1089 752 1172 velit*¹
780 1110 1013 1155 novam
1053 1088 1284 1174 facere,
1319 1094 1380 1154 et
1414 1087 1662 1155 Praesul
1687 1088 1766 1154 ad
1797 1108 1996 1175 quem
2026 1088 2292 1174 spectat,
2326 1083 2508 1151 illam

212 1217 334 1284 pro
377 1194 556 1262 irrita
608 1195 881 1282 hahens,
931 1195 1178 1262 ratione
1217 1194 1385 1285 juris
1436 1195 1517 1261 ad
1574 1216 1639 1262 se
1679 1191 1962 1260 devoluti
2001 1185 2202 1259 alium
2252 1187 2516 1277 deputet

213 1301 536 1368 vicarium
560 1301 1004 1390 capitularem,
1030 1306 1092 1367 et
1118 1300 1199 1367 ab
1220 1323 1294 1367 eo
1325 1306 1473 1368 actu
1493 1300 1816 1391 appellent
1838 1296 2223 1387 capitulares
2232 1348 2250 1383 ,
2279 1296 2516 1385 quaeri-

150 1402 154 1405 ’
213 1413 324 1475 tur
362 1413 424 1475 et
463 1409 744 1474 multum
779 1408 1040 1475 interest
1081 1409 1247 1474 scire
1284 1414 1505 1474 utrum
1548 1406 1889 1496 appellatio
1933 1403 2167 1470 habeat
2208 1402 2507 1470 effectum

215 1514 700 1602 suspensivum,
733 1514 818 1580 ita
843 1519 914 1580 ut
940 1515 1180 1579 interea
1210 1513 1491 1579 vicarius
1516 1535 1552 1578 a
1583 1511 1862 1580 Praesule
1889 1511 2233 1599 deputatus
2257 1509 2508 1577 nullam

215 1621 415 1712 possit
442 1642 729 1688 exercere
771 1620 1318 1709 jurisdictionem.
1356 1618 1463 1688 Sic
1494 1641 1715 1686 casum
1747 1618 2009 1685 resolvit
2042 1615 2403 1683 Cardinalis
2434 1616 2513 1684 de

215 1726 394 1795 Luca
424 1727 933 1818 (Annotationes
952 1727 1045 1793 ad
1065 1750 1239 1794 conc.
1272 1730 1328 1793 T
1320 1725 1452 1793 rid.
1471 1778 1487 1810 ,
1511 1728 1801 1793 discursu
1825 1723 1938 1810 31,
1962 1744 2029 1789 n.
2059 1723 2166 1813 26)
2199 1749 2212 1787 ε
2248 1721 2512 1811 «Atque

224 1859 258 1897 «
289 1834 402 1899 ubi
433 1856 605 1899 unus
646 1856 719 1900 ex
748 1835 1069 1924 praedictis
1099 1833 1564 1924 superioribUS,
1604 1835 1752 1922 jure
1782 1831 2103 1913 devoluto,
2140 1851 2377 1896 manus
2407 1828 2514 1896 de-

224 1958 483 2025 «super
521 1943 822 2027 apponat,
870 1938 1184 2026 disputari
1226 1939 1616 2026 quandoque
1646 1937 2003 2016 consuevit,
2048 1957 2128 2000 an
2171 1934 2513 2022 appellatio

222 2065 256 2106 «
286 2064 431 2130 quae
460 2043 540 2110 ab
566 2066 639 2110 eo
667 2044 1141 2133 interponatur,
1176 2043 1481 2111 effectum
1513 2042 1969 2133 suspensivum
2001 2060 2260 2106 causare
2290 2038 2512 2104 debeat

220 2173 257 2212 «
286 2170 513 2215 necne.
549 2149 622 2215 ln
648 2171 830 2217 casus
867 2156 1079 2216 autem
1112 2151 1577 2238 contingentia,
1599 2173 1730 2242 pro
1759 2147 2077 2238 neqativa
2102 2166 2216 2235 per
2246 2143 2510 2212 Sacram

224 2275 260 2315 «
288 2251 866 2342 Congregationem
903 2258 1258 2323 resolutum
1319 2257 1461 2339 fuit,
1507 2279 1583 2323 ex
1642 2256 2000 2323 rationibus
2049 2252 2394 2318 insinuatis
2441 2250 2512 2316 in

218 2379 254 2420 «
289 2356 455 2424 meis
498 2358 1041 2428 Adnotationibus
1083 2362 1162 2427 ad
1212 2363 1548 2428 materiam
1594 2361 1859 2450 capituli
1901 2365 1962 2427 et
2002 2380 2224 2426 rerum
2267 2356 2512 2446 capitu-

222 2487 254 2526 «
280 2463 521 2532 larium
553 2464 764 2555 (titulo
788 2470 883 2535 De
901 2469 1249 2553 canonici&
1280 2468 1439 2536 disc.
1474 2467 1608 2559 25).
1644 2493 1677 2532 »

1300 2709 1417 2786 μ

216 2848 451 2895 QUAENAM
483 2851 864 2895 REQL'IRANTUR
893 2855 1218 2899 QUALITATES
1252 2855 1308 2891 IN
1340 2854 1555 2891 VICARIO
1581 2855 1728 2899 QUEM
1758 2855 1998 2893 DEPUTAT
2037 2850 2506 2891 METROPOLITANUS

995 2950 1064 2985 Ex
1092 2951 1224 2987 JURE
1249 2951 1317 2987 AD
1353 2951 1413 2987 SE
1442 2951 1720 2989 DEVOLUTO

307 3097 533 3179 Quoad
568 3099 904 3187 qualitates
939 3100 1279 3187 requisitas
1311 3102 1378 3166 in
1402 3102 1640 3169 vicario
1668 3124 1863 3189 quem
1901 3100 2166 3190 deputat
2192 3098 2509 3188 Metropo-

218 3204 460 3272 litanus
515 3204 652 3294 (vel
704 3206 1053 3295 respective
1107 3206 1436 3295 antiquior
1488 3208 1587 3274 vel
1635 3208 1911 3275 vicinior
1965 3206 2384 3296 Episcopus),
2439 3206 2508 3271 in

222 3332 376 3379 casu
412 3312 580 3401 juris
632 3312 754 3378 sibi
796 3312 1104 3391 devoluti,
1147 3315 1391 3379 eaedem
1430 3317 1583 3380 sunt
1624 3336 1698 3380 ac
1742 3314 1807 3380 in
1856 3314 2097 3380 vicario
2145 3336 2180 3380 a
2229 3312 2511 3403 capitulo

222 3417 611 3507 deputando.
654 3417 839 3485 Unde
875 3440 1070 3505 quem
1101 3441 1232 3485 uon
1265 3420 1570 3508 potuisset.
1610 3419 1819 3486 valide
1849 3419 2082 3507 eligere
2121 3418 2508 3508 capitulum,

222 3545 340 3591 nec
372 3546 523 3591 eum
548 3526 850 3613 deputare
875 3526 1105 3613 poterit
1127 3525 1670 3616 Metropolitanus.
1698 3526 1884 3606 Quod
1913 3526 1986 3593 ad
1997 3532 2297 3593 notamus
2320 3525 2510 3591 dum·

223 3635 414 3713 taxat,
448 3635 666 3721 utpote
701 3637 950 3730 certum
983 3637 1042 3697 et
1070 3637 1243 3698 extra
1273 3634 1777 3701 controversiam
1807 3617 2410 3722 omnem'positum.

1307 3860 1420 3939 §a

225 4007 351 4053 QUID
392 4010 436 4047 Sl
478 4009 747 4048 MORIATUR
786 4009 1032 4047 VICARIUS
1070 4009 1105 4047 A
1148 4009 1586 4048 METROPOLITANO
1623 4009 1693 4048 Ex
1729 4009 1861 4049 JURE
1899 4010 1968 4047 AD
2024 4008 2183 4047 IPSUM
2235 4007 2510 4048 DEVOLUTO

1187 4108 1538 4147 CONSTITUTUS

312 4266 420 4335 Sic
449 4266 640 4334 habet
664 4267 740 4334 de
781 4268 902 4335 hoc
940 4290 1090 4336 casu
1125 4265 1463 4334 Monacelli
1493 4264 2047 4357 (Formularium,
2082 4270 2176 4336 tit.
2215 4269 2275 4350 1,
2312 4270 2503 4335 form.

229 4368 295 4456 2,
322 4372 537 4440 adnot.
574 4372 636 4462 6)
667 4397 682 4440 :
726 4397 760 4436 c<
790 4374 874 4440 At
901 4375 952 4441 si
978 4374 1256 4441 vicarius
1287 4374 1625 4463 deputatus
1656 4397 1768 4464 per
1803 4373 2371 4466 Metropolitanum
2409 4366 2512 4436 vel
