2930 4982
454 345 489 398 ⁴
500 343 534 398 Ο
545 344 581 397 2
1422 347 1767 394 TRAc‘rATns

451 469 678 539 arduis
705 481 767 537 et
789 469 1126 560 qravibus,
1151 467 1908 586 responditat'firmativc‚
1937 466 2257 536 addendo:
2279 465 2467 533 deber
2469 478 2696 536 etamen

453 575 1046 692 Arclzzepiscopum
1080 573 1413 692 requirere
1454 573 1813 640 consilium
1850 572 2167 663 capituli,
2216 572 2370 638 licet
2399 572 2556 689 J'ure
2591 597 2694 642 non

449 693 753 750 teneatur
775 680 989 770 sequi,
1030 679 1166 746 nisi
1193 678 1265 745 in
1290 677 1683 768 quibusdam
1715 677 1971 745 casibus
1987 678 2148 767 jure
2174 678 2515 767 expressis.
2552 679 2694 748 Unde

438 788 833 879 jamdudum
869 809 1062 854 causa
1102 785 1212 853 illa
1252 785 1430 852 finita
1458 791 1571 852 est.
1615 784 1951 874 Praecipua
1983 783 2143 851 ratio
2176 806 2375 873 quam
2420 785 2695 874 urgebant

445 894 494 961 ii
535 893 654 983 qui
699 893 1060 982 obligatum
1106 890 1403 959 volebant
1442 890 1841 981 Episcopum
1887 891 1967 958 ad
2013 891 2418 979 sequendum
2469 893 2691 982 capituli

448 1000 825 1080 consilium,
884 997 1340 1065 desumebatur
1386 1019 1462 1063 ex
1506 997 1617 1064 illa
1660 995 2046 1086 pontificalis
2102 996 2380 1064 Romani
2442 1002 2687 1086 praescri·

447 1108 690 1197 ptione,
719 1127 845 1194 qua
870 1106 1173 1197 statuitur
1192 1103 1679 1172 constitutiones
1706 1125 1851 1192 quae
1872 1103 1939 1169 in
1969 1103 2211 1191 synodo
2237 1102 2644 1192 publicantur,
2661 1128 2687 1172 a

444 1212 740 1305 patribus
789 1210 1195 1299 congregatis
1248 1231 1381 1277 esse
1434 1208 1949 1299 comprobandas
2003 1231 2117 1299 per
2171 1209 2446 1277 verbum
2478 1211 2682 1300 placet.

445 1316 570 1386 Sed
612 1316 809 1386 Sacra
851 1316 1281 1405 Congregatio
1324 1315 1589 1383 concilii
1630 1316 2060 1405 objectionem
2105 1316 2274 1383 hanc
2319 1338 2438 1405 pro
2482 1339 2688 1407 semper

443 1423 837 1513 expugnavit
876 1445 996 1519 per
1022 1422 1198 1489 datas
1229 1445 1378 1489 suns
1407 1422 1488 1488 ad
1528 1422 1960 1510 patriarcham
1987 1420 2423 1489 Venetianum
2464 1422 2687 1505 litteras,

444 1528 549 1597 die
577 1529 662 1595 27
690 1527 915 1617 aprilis
945 1526 1141 1595 1592.
1171 1528 1411 1594 tenoris
1431 1528 1799 1615 sequentis:
1832 1528 2042 1593 Sacra
2080 1527 2514 1619 Conqreqatio
2541 1529 2695 1596 illus-

445 1634 897 1700 trissimorum
938 1644 1226 1723 patrum
1272 1631 1394 1720 qui
1443 1629 1840 1732 Tridentino
1899 1633 2180 1700 concilio
2234 1633 2694 1723 interpretando

442 1763 485 1807 a
518 1742 592 1806 S.
648 1742 723 1805 S.
758 1743 840 1804 D.
888 1741 975 1807 N.
1000 1724 1322 1827 praefecti
1358 1748 1546 1816 sunt,
1586 1760 1708 1827 per
1738 1738 2035 1805 libellum
2079 1737 2550 1830 amplitudinis
2587 1752 2697 1806 tuce

440 1843 716 1911 nomine
736 1855 1125 1934 porrectum
1153 1842 1457 1909 consulta
1474 1840 1849 1933 respondit,
1884 1842 2182 1911 eamdem
2210 1844 2693 1934 amplitudinem

445 1962 635 2017 tuam
683 1949 758 2016 in
786 1946 1039 2038 synodo
1071 1947 1438 2015 dioecesana
1462 1950 1679 2038 facere
1709 1971 1905 2039 posse
1950 1950 2458 2019 constitutiones
2495 1952 2693 2042 absque

443 2079 761 2122 consensu
786 2067 848 2122 et
876 2055 1365 2145 approbatione
1391 2055 1594 2121 cleri:
1628 2054 1856 2122 debere
1899 2068 2124 2123 tamen
2152 2058 2485 2146 requirere
2514 2059 2692 2126 consi-

442 2161 614 2230 lium
645 2161 967 2251 capituli,
1013 2161 1166 2228 licet
1196 2159 1374 2227 illud
1413 2183 1549 2226 non
1582 2161 1886 2227 teneatur
1918 2162 2104 2252 sequi
2129 2163 2261 2229 nisi
2300 2164 2372 2230 in
2413 2166 2693 2232 casibusa

428 2269 592 2359 jure
610 2269 966 2359 eoepressis:
994 2292 1128 2335 non
1153 2269 1454 2335 obstante
1479 2266 1659 2357 quod
1668 2291 1748 2334 ex
1764 2270 1989 2358 forma
2004 2270 2299 2337 Romani
2308 2271 2696 2362 pontificalis

439 2375 514 2440 in
559 2374 956 2442 celebranda
1003 2374 1375 2442 dioecesana
1418 2387 1482 2441 et
1521 2376 1937 2465 provinciali
1978 2376 2228 2467 synodo
2274 2401 2565 2470 expresse
2599 2379 2701 2445 Iza-

444 2477 705 2560 beatur,
751 2494 829 2547 ut
879 2482 1391 2549 constitutiones
1444 2481 1517 2548 in
1565 2481 1819 2572 synodo
1857 2482 2290 2573 publicandae
2331 2510 2374 2553 a
2411 2485 2705 2554 Patribus

426 2607 556 2676 per
579 2586 848 2652 verbum
871 2587 1079 2675 placet
1107 2589 1319 2675 confir
1321 2600 1609 2654 mentur.
1647 2590 1776 2656 Cui
1802 2591 2351 2681 Conqreqationis
2373 2592 2709 2659 sententia?

440 2690 823 2782 amplitudo
854 2704 973 2758 tua
1003 2691 1334 2759 inhaerens
1365 2692 1438 2757 in
1469 2716 1661 2759 suam
1686 2715 1742 2759 s
1719 2694 2020 2784 snodum
2041 2694 2480 2787 peraqendam
2515 2696 2710 2763 navi-

443 2811 541 2865 ter
565 2798 913 2864 incumbat
935 2809 998 2863 et
1026 2796 1183 2863 bene
1206 2797 1480 2863 valeat
1452 2822 1527 2864 in
1570 2799 1907 2866 Domino·
1878 2825 2126 2919 ,quem
2152 2814 2228 2868 ut
2271 2801 2415 2868 illi
2391 2825 2466 2868 in
2493 2801 2711 2892 hujus·

439 2902 629 2969 modi
668 2902 1128 2993 pastoralibus
1174 2925 1252 2969 ac
1292 2903 1703 2971 salutaribus
1750 2908 2006 2974 muniis
2045 2930 2169 2975 sua
2213 2909 2445 2999 qratia
2480 2929 2707 2998 semper

440 3008 644 3092 adsit,
671 3033 753 3077 θα·
774 3010 1007 3077 animo
1035 3033 1369 3099 roqamus.
1401 3014 1655 3093 Romoe,
1685 3012 1769 3079 27
1797 3014 2045 3103 aprilis
2072 3014 2265 3084 1592.
2297 3014 2389 3082 lta
2412 3017 2704 3106 reperitur

441 3119 510 3185 in
550 3124 794 3208 regesto
823 3119 1224 3208 autographo
1264 3118 1627 3187 litterarum
1670 3119 1736 3188 S.
1774 3120 2305 3210 Congregationis
2339 3123 2612 3204 concilii,
2639 3120 2701 3186 li-

440 3224 561 3292 bro
584 3224 1265 3312 V111‚s01.32.1dem
1298 3222 1365 3292 S.
1416 3225 1842 3315 Congregatio
1872 3228 2257 3295 declaravit
2239 3251 2313 3295 111
2339 3229 2473 3296 suis
2506 3227 2698 3296 litteris

441 3330 521 3396 ad
569 3329 964 3419 Episcopum
1013 3330 1435 3412 Oriolensem,
1491 3333 1570 3398 17
1610 3333 1764 3398 maii
1818 3332 2011 3413 1599,
2065 3333 2306 3401 tenoris
2356 3333 2689 3423 sequentis:

440 3433 1029 3522 Reverendissime‚
1061 3447 1178 3502 etc.
1231 3438 1445 3502 Sacra
1489 3438 1928 3527 Conqreqatio
1961 3437 2423 3507 cardinalium
2461 3433 2694 3507 concilii

453 3538 842 3607 Tridentini
870 3541 1308 3631 interpretum
1332 3541 1578 3631 soepius
1605 3541 1915 3609 consulta
1933 3543 2310 3634 respondit:
2341 3545 2535 3613 licere
2551 3538 2689 3631 Epi-

438 3671 656 3740 scop0,
691 3646 786 3716 ad
809 3669 1088 3737 eumque
1098 3647 1443 3736 pertinere
1475 3670 1699 3737 coqere
1716 3648 2048 3740 synodum
2073 3650 2538 3732 dioecesanam,
2564 3646 2688 3714 abs-

440 3779 566 3846 que
595 3776 910 3822 consensu
955 3763 1019 3819 et
1064 3752 1339 3819 consilio
1381 3753 1695 3843 capituli.
1732 3757 1819 3821 In
1852 3778 1928 3823 ea
1964 3768 2191 3823 autem
2216 3756 2689 3824 constitutiones

440 3860 742 3929 eumdem
780 3860 1196 3949 Episcopum
1238 3856 1420 3925 edere
1465 3882 1545 3925 ac
1569 3861 2012 3951 promulqare
2044 3886 2236 3952 posse
2277 3864 2520 3955 absque
2559 3879 2690 3927 con-

436 3986 633 4031 sensu
661 3979 725 4034 et
765 3963 1244 4056 approbatione
1270 3964 1456 4044 cleri,
1487 3964 1711 4033 debere
1755 3979 1979 4034 tamen
2009 3970 2337 4058 requirere
2365 3967 2689 4038 consilium

437 4069 749 4158 capituli,
778 4071 1043 4137 tametsi
1063 4069 1236 4138 illud
1270 4067 1455 4161 seq'ui
1484 4094 1621 4139 non
1653 4085 1955 4141 teneatur
1967 4087 2429 4166 praeterquam
2454 4077 2525 4143 in
2564 4068 2689 4162 qui·

438 4172 716 4248 busdam
762 4176 1021 4242 casibus
1067 4200 1109 4243 a
1155 4178 1309 4267 J'ure
1351 4179 1690 4268 cmpressis.
1755 4183 1918 4262 Qua>
1968 4181 2414 4271 amplitudini
2464 4194 2588 4247 tuoe
2631 4175 2690 4241 in

433 4278 687 4377 synodo
713 4279 1222 4348 celebrationem
1246 4284 1662 4351 incumbenti
1689 4284 1935 4353 idcirco
1960 4287 2346 4376 siqnificare
2364 4287 2690 4357 voluimus,

436 4404 515 4458 ut
543 4413 623 4455 ex
651 4390 936 4456 Patrum
963 4388 1294 4454 sententia
1334 4391 1508 4478 quid
1527 4391 1654 4458 sibi
1697 4391 1924 4474 liceat‘,
1961 4406 2348 4485 quantaque
2389 4396 2510 4463 bac
2541 4392 2608 4458 in
2632 4406 2695 4453 re
