2930 4982
1183 302 1259 346 on
1305 299 1633 348 carituris.
2435 294 2558 354 399

271 443 448 490 mora
477 421 842 513 provideret
865 420 934 487 in
965 423 1264 511 praesenti
1299 428 1459 490 tunc
1497 443 1718 489 rerum
1748 427 1937 489 statu.
1991 420 2093 488 Ad
2131 443 2333 511 quem
2364 424 2565 493 finem

269 533 714 620 opportunum
747 527 1014 616 quidem
1046 527 1168 595 suit
1203 533 1274 594 ut
1321 533 1454 595 tota
1484 533 1864 596 statutorum
1893 548 2013 617 pro
2033 527 2335 619 capitulis
2362 533 2565 600 confi-

267 636 648 706 ciendorum
702 634 1034 724 provincia
1083 635 1539 724 primosuturis
1566 635 1899 725 Episcopis
1930 636 2466 722 committeretur,
2498 644 2562 706 et

265 748 335 811 ut
357 743 650 833 proxime
686 739 1103 809 succedentes
1133 740 1445 810 Praesules
1477 740 1790 831 requisito
1820 746 2076 809 tantum
2101 742 2557 833 capitularium

263 848 534 919 consilio
578 846 964 916 necessarias
1013 847 1401 916 mutationes
1442 848 1856 916 introducere
1903 853 2183 939 possent.
2227 850 2412 931 Quod
2443 873 2560 923 au·

260 962 385 1024 tem
440 960 663 1045 postea
723 959 784 1021 et
836 976 955 1043 pro
1011 975 1291 1043 semper,
1327 955 1521 1022 rebus
1568 956 1847 1023 omnino
1889 955 2158 1045 pacatis,
2202 956 2560 1029 ordinarius

247 1064 421 1152 juris
452 1060 830 1129 communis
860 1081 1092 1127 cursus
1121 1062 1605 1150 praepediretur,
1634 1083 1752 1129 nec
1781 1067 2228 1151 opportunum
2250 1069 2413 1143 erat,
2444 1085 2563 1134 nec

250 1169 395 1259 ipse
423 1169 497 1235 id
523 1169 596 1234 in
623 1171 839 1243 mente
885 1165 1186 1233 habuisse
1228 1167 1688 1236 existimandus
1737 1173 1867 1254 est3
1897 1174 1958 1235 et
2006 1168 2274 1259 insuper
2306 1170 2385 1238 ad
2418 1171 2565 1240 talia

249 1275 485 1345 futura
538 1280 826 1363 tempora
862 1293 994 1340 non
1042 1279 1364 1341 extensam
1415 1274 1611 1342 fuisse
1659 1275 2127 1363 delegationem
2178 1275 2305 1367 ipsi
2341 1276 2560 1347 datam

250 1380 570 1450 sustineri
594 1380 788 1446 etiam
817 1385 1049 1468 posset.
1085 1378 1209 1448 Cui
1237 1379 1751 1470 interpretationi
1774 1401 1907 1448 non
1936 1403 2173 1471 parum
2203 1382 2369 1451 favet
2392 1407 2558 1472 quo·

248 1487 498 1555 tidiana
549 1485 802 1554 Sanctae
841 1483 1024 1553 Sedis
1075 1485 1400 1554 tendentia
1434 1485 1506 1553 in
1546 1486 1742 1554 variis
1769 1486 2155 1575 hujusmodi
2188 1486 2563 1560 decidendis

251 1593 729 1677 controversiis,
759 1598 832 1660 ut
876 1592 956 1660 ad
986 1593 1097 1682 jus
1127 1613 1480 1660 commune
1509 1593 1775 1660 reducat
1802 1614 1947 1682 quae
1990 1614 2108 1683 pro
2137 1594 2359 1663 arduis
2387 1602 2561 1665 tcm-

252 1719 497 1787 porum
522 1697 1027 1766 circumstantiis
1063 1696 1245 1766 aliter
1269 1697 1579 1787 componi
1607 1697 1916 1787 permissa
1947 1703 2124 1767 sunt.

338 1805 523 1873 Hinc
565 1803 1090 1877 concludendum
1129 1804 1321 1872 hodie
1356 1805 1496 1893 Jam
1544 1804 1763 1893 vigere
1797 1807 1908 1893 jus
1955 1826 2311 1874 commune
2338 1810 2555 1897 quoad

254 1911 543 2003 capitula
569 1912 640 1978 in
665 1910 745 1979 iis
769 1909 1056 1979 ecclesiis
1076 1932 1221 1999 quae
1271 1932 1446 1977 anno
1479 1910 1654 1979 1802
1679 1916 1890 1978 erecta
1913 1918 2089 1980 sunt.
2112 1912 2205 1981 lta
2226 1919 2303 1980 ut
2320 1937 2558 2006 nempe

252 2024 493 2086 statuta
538 2018 813 2085 istorum
865 2016 1303 2107 capitulorum
1352 2015 1644 2105 ejusdem
1707 2016 2097 2085 conditionis
2137 2019 2297 2104 sint,
2341 2042 2417 2088 ac
2437 2027 2561 2089 sta-

250 2129 393 2191 tuta
432 2145 582 2211 quae
611 2125 802 2212 juxta
840 2125 952 2213 jus
998 2143 1353 2190 commune
1399 2144 1437 2190 a
1477 2121 1778 2211 capitulis
1821 2122 2111 2211 primum
2140 2126 2557 2214 confecta‚ab

255 2224 586 2315 Episcopo
645 2228 797 2294 dein
848 2226 1410 2296 confirmationem
1454 2225 1875 2315 accepissent.
1935 2224 2124 2293 Unde
2172 2229 2254 2294 ad
2289 2235 2560 2321 suppri-

254 2330 529 2418 menda,
576 2331 896 2419 augenda,
947 2331 1262 2399 mutanda
1327 2331 1789 2421 praedictorum
1842 2328 2068 2400 Galliae
2125 2332 2558 2422 capitulorum

255 2442 518 2524 statuta,
554 2460 688 2507 non
712 2439 972 2529 procedi
995 2440 1137 2530 jam
1167 2443 1369 2530 potest
1391 2460 1465 2507 ex
1489 2437 1554 2506 vi
1582 2436 1817 2507 decreti
1846 2436 2205 2508 Cardinalis
2235 2439 2549 2533 Caprarae,

256 2543 366 2611 sed
392 2544 668 2614 omnino
695 2569 771 2614 ex
785 2548 939 2637 jure
987 2544 1348 2614 communi.
1393 2544 1606 2625 Quam
1657 2551 1874 2613 tamen
1908 2546 2415 2630 conclusionem,
2449 2557 2554 2622 ut-

255 2653 405 2739 pote
431 2649 511 2717 de
548 2671 618 2719 re
647 2650 816 2718 inter
856 2650 1219 2720 canonistas
1248 2649 1546 2718 nondum
1577 2650 1837 2739 agitata,
1865 2650 2226 2720 doctiorum
2270 2660 2333 2722 et
2362 2677 2554 2745 supe-

257 2753 516 2822 riorum
538 2755 691 2823 crisi
724 2778 842 2846 pro
865 2779 1043 2826 more
1079 2762 1297 2826 nostro
1325 2756 1742 2846 subjicimus.

357 2854 738 2926 Pnorosmo
787 2861 878 2929 3⁸.
916 2899 1008 2912 —
1054 2864 1137 2929 In
1173 2862 1457 2929 ecclesiis
1504 2883 1682 2928 armo
1717 2860 1891 2927 1822
1944 2861 2171 2930 erectis
2211 2884 2406 2930 omne
2432 2864 2556 2953 jus

258 2961 763 3033 condendorum
791 2975 1200 3031 statutorum
1218 2987 1350 3055 pro
1380 2964 1691 3056 capitulis
1721 2963 2101 3033 earumdem
2134 2967 2557 3041 ecclesiarum

256 3068 612 3161 Episcopis
634 3093 680 3138 a
707 3072 966 3139 Sancta
997 3067 1166 3137 Sede
1186 3070 1609 3138 commissum
1629 3079 1750 3136 est.
1781 3106 1874 3121 —
1898 3068 2083 3138 Falsa
2107 3069 2319 3154 videri
2348 3082 2557 3163 posset

257 3176 372 3245 illa
421 3177 799 3267 propositio,
841 3177 897 3244 si
934 3176 1370 3245 attenderetur
1410 3176 1491 3243 ad
1522 3174 2011 3243 concordatum
2051 3176 2228 3244 anni
2256 3177 2501 3268 1817,
2481 3204 2553 3251 m

257 3305 391 3373 quo
417 3282 651 3358 Sancta
684 3283 902 3365 SedeS,
929 3288 1041 3375 jus
1094 3283 1853 3366 commune'restituens,
1887 3282 2232 3353 mandabat
2289 3297 2552 3358 statuta

249 3389 635 3481 peculiaria
682 3412 815 3460 non
861 3393 1002 3480 jam
1047 3390 1131 3459 ab
1159 3388 1316 3482 ipsis
1351 3388 1711 3480 EpiscopiS,
1742 3388 1858 3458 sed
1892 3412 1936 3456 a
1959 3390 2244 3481 sinqulis
2278 3397 2554 3465 canoni-

261 3520 491 3568 corum
536 3497 839 3588 colleqiis
862 3496 1119 3567 decerni
1127 3521 1151 3580 ,·
1200 3499 1288 3566 ita
1323 3505 1540 3565 tamen
1569 3503 1642 3564 ut
1669 3496 1892 3565 eadem
1930 3503 2160 3568 statuta
2183 3522 2221 3568 a
2248 3502 2552 3593 capitulis

259 3604 542 3691 decreta,
567 3605 901 3696 Episcopis
942 3609 1453 3695 proponerentur
1494 3603 1856 3671 sancienda
1904 3626 1984 3671 ac
2005 3605 2392 3694 probanda.
2426 3607 2552 3675 Sed

260 3711 362 3780 illi
390 3712 800 3790 concordato,
824 3731 1164 3799 nunquam
1222 3711 1302 3776 ad
1338 3711 1776 3777 executionem
1829 3710 2126 3795 deducto,
2167 3710 2550 3796 derogatum

262 3823 356 3886 est
391 3841 507 3909 per
553 3818 952 3908 subsequens
1002 3816 1159 3884 anni
1207 3815 1416 3900 1822;
1469 3820 1531 3882 et
1583 3813 1732 3882 licet
1778 3837 1911 3882 non
1952 3814 2330 3903 derogatum
2354 3815 2435 3882 sit
2479 3817 2547 3887 in

263 3925 601 4012 omnibuS‚
645 3929 863 3992 tamen
892 3945 1185 4010 expresse
1216 3922 1593 4012 derogatum
1619 3926 1712 3989 est
1739 3921 1954 4010 quoad
1975 3921 2088 4008 jus
2117 3921 2550 4009 capitulorum

266 4051 382 4099 sua
411 4030 734 4115 condendi
774 4035 1027 4110 statuta.
1060 4028 1225 4097 Nam
1271 4051 1575 4097 summus
1606 4027 1922 4107 Pontifex,
1956 4030 2031 4090 ut
2059 4046 2158 4092 res
2185 4026 2377 4097 citius
2406 4055 2552 4122 pro-

267 4139 544 4225 cederet,
573 4137 665 4206 sic
690 4138 968 4207 decrevit
994 4161 1010 4205 :
1034 4134 1530 4226 Archiepiscopi
1554 4143 1617 4198 et
1639 4129 1962 4220 Episcopi
1980 4151 2106 4220 pro
2135 4131 2417 4223 sinqulis
2445 4164 2555 4209 ea-

265 4244 654 4314 nonicorum
674 4244 969 4335 colleqiis
988 4254 1248 4313 statuta
1270 4240 1613 4308 decernent
1638 4247 1699 4303 ec
1721 4234 1806 4302 ab
1830 4235 1988 4326 ipsis
2011 4238 2344 4308 observari
2361 4265 2551 4309 cura-

271 4347 452 4420 bunt.
499 4349 718 4437 Unde,
762 4351 930 4419 sicut
970 4351 1038 4417 in
1080 4347 1368 4417 ecclesiis
1405 4365 1579 4412 anno
1631 4341 1801 4411 1802
1848 4346 2099 4429 erectiS,
2136 4346 2222 4410 ita
2259 4351 2321 4409 et
2362 4345 2431 4410 in
2466 4344 2549 4409 iis
