2930 4982
337 367 405 423 31
425 369 460 425 6
1301 370 1646 420 ‘suenrus

1385 606 1548 688 §16

395 783 586 823 EnulA
612 782 907 870 crssussna'ls
944 782 998 858 xl
1031 779 1254 821 uom'rlo
1285 780 1352 819 ΒΕ
1384 779 1551 821 neem
1590 779 1964 820 PERSOLVENDO
1991 780 2029 819 A
2054 778 2338 820 CANONICIS
2375 778 2564 821 mvmo

1378 865 1588 917 ormelo

425 1037 851 1108 Monitionem
890 1037 1072 1107 illam
1119 1038 1320 1129 ipsius
1352 1036 1689 1106 Pontificis
1715 1037 1908 1126 jussu
1947 1035 2390 1128 promulgavit
2435 1033 2631 1107 Sacra

335 1142 759 1234 Congregatio
796 1145 1014 1236 Episc.
1056 1150 1119 1211 et
1165 1165 1303 1232 reg.
1346 1142 1451 1211 his
1489 1142 1751 1211 verbis:
1793 1140 1991 1209 Iubet
2033 1140 2375 1211 Sanctitas
2400 1164 2523 1209 sua
2548 1155 2631 1210 ut

326 1249 706 1340 plurimum
750 1249 1158 1319 commendes
1201 1248 1555 1330 canonicis,
1611 1246 2081 1338 beneficiariis,
2131 1248 2637 1332 mansionariis,'

332 1354 725 1445 capellanis,
744 1355 1026 1436 clericis,
1052 1354 1343 1445 aliisque
1361 1355 1557 1422 choro
1576 1352 1898 1421 ‘inser-vien
1906 1352 2083 1420 tibus
2102 1363 2250 1419 turn
2270 1352 2342 1419 in
2360 1352 2635 1443 ivsa'ca-

334 1458 644 1542 thedrali,
685 1471 826 1528 tum
859 1461 928 1530 in
957 1459 1331 1551 colleqiatis
1358 1471 1494 1527 tuce
1517 1458 1829 1540 dioecesis,
1859 1456 2292 1538 commendes,
2319 1458 2633 1547 inquam,

329 1564 808 1652 qravissimum
860 1588 1027 1633 onus
1074 1563 1256 1656 quod
1295 1565 1436 1633 illis
1481 1564 1963 1655 praescribitur,
2023 1562 2182 1630 diem
2230 1563 2305 1629 in
2350 1563 2643 1632 chorum

331 1670 754 1753 conveniant,
808 1693 1043 1762 nempe
1079 1683 1159 1738 ut
1195 1668 1599 1738 modestiam
1644 1681 1707 1738 et
1733 1668 2081 1737 silentium
2121 1666 2418 1736 decenter
2452 1668 2526 1735 in
2559 1691 2640 1737 eo

330 1775 472 1842 loco
486 1798 641 1866 proe
670 1799 736 1843 se
756 1777 1014 1866 ferant,
1043 1774 1610 1866 quemadmodum
1637 1775 1798 1843 illos
1818 1773 1997 1842 decet
2024 1772 2460 1862 maximequi
2477 1785 2644 1842 ante

329 1895 745 1971 conspectum
778 1883 1150 1973 majestatis
1184 1882 1438 1950 divinoe
1479 1890 1884 1963 versantur,-
1925 1891 2005 1946 ut
2023 1878 2343 1970 psallant
2381 1901 2642 1969 maqno

317 1984 603 2074 pietatis
625 1985 877 2068 studio,
901 1988 1162 2057 vocibus
1184 2000 1339 2079 apte
1361 1987 1798 2080 comparatiS,
1821 1983 2011 2052 haud
2022 1984 2461 2075 festinanter,
2481 1983 2640 2052 nul·

332 2089 538 2180 lisque
566 2094 875 2184 praecisis
917 2093 1260 2161 vocabulis
1278 2114 1309 2176 ;
1345 2093 1446 2160 'ita
1477 2104 1555 2159 ut
1583 2114 1753 2183 pars
1781 2089 1966 2159 chori
1993 2089 2181 2158 haud
2204 2112 2435 2158 canere
2465 2088 2639 2157 inci-

323 2198 504 2289 piat,
537 2221 687 2265 cum
712 2221 874 2290 pars
894 2199 1116 2267 altera
1140 2211 1415 2268 cantum
1435 2196 1737 2267 nondum
1767 2197 2050 2265 absolvit
2069 2217 2098 2280 ;
2121 2208 2199 2263 ut
2217 2196 2344 2264 lzac
2370 2196 2636 2264 ratione

323 2305 625 2395 populus
652 2307 998 2396 intelliqat
1019 2306 1286 2374 divinas
1309 2304 1569 2387 laudeS,
1597 2315 1659 2372 et
1682 2303 1773 2371 ad
1787 2303 2111 2396 pictatem
2133 2325 2211 2370 ac
2232 2302 2634 2392 reliqionem

333 2430 415 2475 ex
436 2410 741 2499 ipsarum
774 2423 979 2478 cantu
1004 2421 1373 2478 moveatur.

418 2511 591 2580 Dicit
633 2516 1018 2583 Benedictus
1049 2514 1228 2595 XlV,
1279 2538 1371 2602 se,
1417 2520 1764 2605 postquam
1815 2514 2058 2582 multos
2091 2513 2251 2603 legit
2292 2512 2371 2580 de
2402 2512 2633 2581 eodem

330 2624 712 2705 argumento
745 2618 1125 2686 disserentes
1162 2626 1491 2704 auctoreS,
1512 2619 1833 2686 nullum’
1815 2619 2139 2686 luvenisse
2166 2618 2284 2708 qui
2312 2618 2628 2708 praedictae

330 2721 678 2790 Clementis
692 2720 782 2789 xl
803 2722 1229 2790 exhortationi
1249 2725 1640 2815 aequiparari
1657 2723 1857 2813 possit
1872 2751 1889 2811 3
1910 2731 1973 2791 et
1986 2724 2278 2814 singulas
2297 2723 2476 2791 illius
2493 2744 2633 2791 mo·

333 2827 599 2895 nitionis
622 2829 964 2896 sententias
995 2830 1464 2898 commentario
1505 2829 1802 2920 explanat
1825 2829 1895 2896 in
1924 2829 2061 2897 suis
2084 2829 2630 2898 Institutionibus

333 2924 777 3001 ecclesiasticis
809 2935 988 3024 (inst.
1022 2934 1175 3017 107,
1209 2934 1367 3027 §5).
1403 2934 1715 3004 Eamdem
1740 2941 1805 3003 et
1832 2936 2028 3004 nobis
2049 2935 2240 3006 liceat
2269 2934 2626 3017 canoniciS,

334 3037 458 3105 hoc
478 3039 954 3129 qualecumque
972 3042 1367 3130 opusculum
1387 3047 1687 3173 nostrum
1710 3041 1998 3132 lecturiS‚¹
2023 3062 2141 3133 per
2153 3040 2410 3132 singula
2434 3039 2628 3108 verba

333 3136 770 3212 meditandam
809 3158 1190 3235 proponere.

1159 3368 1164 3373 Υ
1263 3372 1553 3464 CAPUT
1601 3388 1698 3463 111

814 3552 1125 3609 OBL'IGATIO
1160 3558 1353 3612 QUOAD
1398 3561 1619 3609 MISSAR
1666 3558 2139 3610 CONVBNTUALEK

433 3739 493 3807 1.
556 3741 666 3808 An
716 3739 1016 3827 canonici
1067 3754 1409 3809 teneantur
1459 3741 1553 3811 ad
1603 3743 2072 3835 quotidianam
2123 3741 2627 3811 celebrationem

340 3844 559 3913 missae
582 3835 1028 3916 conventualis
1047 3871 1199 3916 cum
1224 3852 1476 3917 cantu?
1498 3887 1591 3901 -—
1618 3848 1803 3919 Hanc
1827 3848 2291 3939 obligationem
2316 3852 2629 3936 tanquam

340 3954 582 4017 certam
639 3959 701 4019 et
740 3953 1173 4023 communiter
1216 3955 1565 4022 admissam
1615 3954 1891 4024 affirmat
1935 3953 2281 4044 Pignatelli
2322 3950 2624 4042 (consult.

342 4049 463 4117 321
519 4056 680 4121 tomi
723 4057 785 4145 I)
832 4058 933 4126 his
976 4059 1182 4127 verbis
1225 4082 1241 4127 :
1298 4083 1335 4123 «
1379 4057 1739 4130 Celebratio
1784 4061 2161 4130 divinorum
2213 4058 2625 4139 officiorum,

349 4182 383 4221 α
409 4157 622 4226 debita
673 4160 972 4235 Ecclesiae
1008 4168 1251 4238 ratione
1291 4166 1617 4249 beneficii,
1678 4190 1812 4236 non
1856 4169 2161 4260 importat
2211 4167 2378 4235 solas
2434 4165 2628 4233 horas

349 4263 776 4352 «canonicas,
819 4270 927 4335 sed
958 4273 1155 4339 etiam
1198 4273 1462 4340 missam
1505 4274 1997 4353 conventualem
2031 4281 2340 4364 tanquam
2371 4275 2627 4362 partem

348 4391 381 4431 t«
407 4371 824 4461 praecipuam.
892 4373 972 4440 Et
1032 4375 1174 4445 ideo
1239 4379 1486 4449 ratione
1536 4379 1732 4449 officii
1787 4380 2132 4449 exhibendi
2187 4376 2493 4448 Ecclesiae
2551 4374 2623 4442 in
