<?xml version="1.0" encoding="UTF-8"?>
<!DOCTYPE html PUBLIC "-//W3C//DTD XHTML 1.0 Transitional//EN"
    "http://www.w3.org/TR/xhtml1/DTD/xhtml1-transitional.dtd">
<html xmlns="http://www.w3.org/1999/xhtml" xml:lang="en" lang="en">
 <head>
  <title>
</title>
<meta http-equiv="Content-Type" content="text/html;charset=utf-8" />
  <meta name='ocr-system' content='tesseract 3.04.00' />
  <meta name='ocr-capabilities' content='ocr_page ocr_carea ocr_par ocr_line ocrx_word'/>
</head>
<body>
  <div class='ocr_page' id='page_1' title='image "./tractatusdecapi00bouigoog_0199.png"; bbox 0 0 2930 4982; ppageno 0'>
   <div class='ocr_carea' id='block_1_1' title="bbox 1094 346 2462 401">
    <p class='ocr_par' dir='ltr' id='par_1_1' title="bbox 1094 346 2462 401">
     <span class='ocr_line' id='line_1_1' title="bbox 1094 346 2462 401; baseline 0.004 -6"><span class='ocrx_word' id='word_1_1' title='bbox 1094 351 1171 397; x_wconf 69' lang='lat' dir='ltr'>nn</span> <span class='ocrx_word' id='word_1_2' title='bbox 1217 350 1538 398; x_wconf 65' lang='lat' dir='ltr'>cavimus.</span> <span class='ocrx_word' id='word_1_3' title='bbox 2343 346 2462 401; x_wconf 72' lang='lat'>179</span> 
     </span>
    </p>
   </div>
   <div class='ocr_carea' id='block_1_2' title="bbox 198 469 2491 2145">
    <p class='ocr_par' dir='ltr' id='par_1_2' title="bbox 203 469 2477 1406">
     <span class='ocr_line' id='line_1_2' title="bbox 205 469 2464 562; baseline 0.001 -25"><span class='ocrx_word' id='word_1_4' title='bbox 205 469 558 538; x_wconf 89' lang='lat' dir='ltr'>concedatur</span> <span class='ocrx_word' id='word_1_5' title='bbox 630 471 893 539; x_wconf 90' lang='lat' dir='ltr'>stallum</span> <span class='ocrx_word' id='word_1_6' title='bbox 958 471 1025 538; x_wconf 92' lang='lat' dir='ltr'>in</span> <span class='ocrx_word' id='word_1_7' title='bbox 1094 469 1320 555; x_wconf 89' lang='lat' dir='ltr'>choro,</span> <span class='ocrx_word' id='word_1_8' title='bbox 1372 477 1435 537; x_wconf 91' lang='lat' dir='ltr'>et</span> <span class='ocrx_word' id='word_1_9' title='bbox 1486 469 1664 539; x_wconf 92' lang='lat' dir='ltr'>locus</span> <span class='ocrx_word' id='word_1_10' title='bbox 1720 472 1790 539; x_wconf 89' lang='lat' dir='ltr'>in</span> <span class='ocrx_word' id='word_1_11' title='bbox 1848 471 2157 562; x_wconf 82' lang='lat' dir='ltr'>capitulo,</span> <span class='ocrx_word' id='word_1_12' title='bbox 2228 493 2464 541; x_wconf 86' lang='lat' dir='ltr'>conce·</span> 
     </span>
     <span class='ocr_line' id='line_1_3' title="bbox 207 576 2465 666; baseline 0.001 -23"><span class='ocrx_word' id='word_1_13' title='bbox 207 576 351 643; x_wconf 89' lang='lat' dir='ltr'>ditur</span> <span class='ocrx_word' id='word_1_14' title='bbox 393 576 588 643; x_wconf 90' lang='lat' dir='ltr'>etiam</span> <span class='ocrx_word' id='word_1_15' title='bbox 633 599 755 645; x_wconf 85' lang='lat' dir='ltr'>vox</span> <span class='ocrx_word' id='word_1_16' title='bbox 796 577 864 644; x_wconf 89' lang='lat' dir='ltr'>in</span> <span class='ocrx_word' id='word_1_17' title='bbox 916 577 1143 645; x_wconf 91' lang='lat' dir='ltr'>eodem</span> <span class='ocrx_word' id='word_1_18' title='bbox 1200 576 1506 666; x_wconf 68' lang='lat' dir='ltr'>capitum,</span> <span class='ocrx_word' id='word_1_19' title='bbox 1560 578 1667 645; x_wconf 87' lang='lat' dir='ltr'>sed</span> <span class='ocrx_word' id='word_1_20' title='bbox 1718 577 1952 644; x_wconf 78' lang='lat' dir='ltr'>habitu</span> <span class='ocrx_word' id='word_1_21' title='bbox 1998 583 2279 662; x_wconf 86' lang='lat' dir='ltr'>tantum,</span> <span class='ocrx_word' id='word_1_22' title='bbox 2331 600 2465 647; x_wconf 92' lang='lat' dir='ltr'>non</span> 
     </span>
     <span class='ocr_line' id='line_1_4' title="bbox 206 680 2464 773; baseline 0.003 -26"><span class='ocrx_word' id='word_1_23' title='bbox 206 686 342 768; x_wconf 86' lang='lat' dir='ltr'>actu,</span> <span class='ocrx_word' id='word_1_24' title='bbox 397 680 602 750; x_wconf 87' lang='lat' dir='ltr'>donec</span> <span class='ocrx_word' id='word_1_25' title='bbox 649 683 730 749; x_wconf 90' lang='lat' dir='ltr'>sit</span> <span class='ocrx_word' id='word_1_26' title='bbox 774 681 968 750; x_wconf 87' lang='lat' dir='ltr'>sacris</span> <span class='ocrx_word' id='word_1_27' title='bbox 1012 682 1325 750; x_wconf 90' lang='lat' dir='ltr'>initiatus.</span> <span class='ocrx_word' id='word_1_28' title='bbox 1376 680 1457 748; x_wconf 88' lang='lat' dir='ltr'>Et</span> <span class='ocrx_word' id='word_1_29' title='bbox 1500 689 1833 773; x_wconf 88' lang='lat' dir='ltr'>propterea</span> <span class='ocrx_word' id='word_1_30' title='bbox 1865 682 2035 750; x_wconf 85' lang='lat' dir='ltr'>dicta</span> <span class='ocrx_word' id='word_1_31' title='bbox 2075 686 2464 773; x_wconf 76' lang='lat' dir='ltr'>possessione</span> 
     </span>
     <span class='ocr_line' id='line_1_5' title="bbox 207 787 2466 878; baseline 0.003 -25"><span class='ocrx_word' id='word_1_32' title='bbox 207 792 484 870; x_wconf 83' lang='lat' dir='ltr'>assecuta,</span> <span class='ocrx_word' id='word_1_33' title='bbox 528 789 741 854; x_wconf 87' lang='lat' dir='ltr'>statim</span> <span class='ocrx_word' id='word_1_34' title='bbox 786 788 1027 855; x_wconf 90' lang='lat' dir='ltr'>dicitur</span> <span class='ocrx_word' id='word_1_35' title='bbox 1056 787 1135 855; x_wconf 91' lang='lat' dir='ltr'>de</span> <span class='ocrx_word' id='word_1_36' title='bbox 1167 787 1448 878; x_wconf 84' lang='lat' dir='ltr'>capitulo</span> <span class='ocrx_word' id='word_1_37' title='bbox 1494 792 1558 854; x_wconf 88' lang='lat' dir='ltr'>et</span> <span class='ocrx_word' id='word_1_38' title='bbox 1600 810 1793 856; x_wconf 86' lang='lat' dir='ltr'>verus</span> <span class='ocrx_word' id='word_1_39' title='bbox 1834 790 2202 857; x_wconf 86' lang='lat' dir='ltr'>canonicus.</span> <span class='ocrx_word' id='word_1_40' title='bbox 2237 789 2466 860; x_wconf 86' lang='lat' dir='ltr'><strong>Eidem</strong></span> 
     </span>
     <span class='ocr_line' id='line_1_6' title="bbox 205 893 2469 984; baseline 0.003 -26"><span class='ocrx_word' id='word_1_41' title='bbox 205 894 510 975; x_wconf 85' lang='lat' dir='ltr'>canonico,</span> <span class='ocrx_word' id='word_1_42' title='bbox 555 915 686 961; x_wconf 91' lang='lat' dir='ltr'>non</span> <span class='ocrx_word' id='word_1_43' title='bbox 739 893 810 960; x_wconf 93' lang='lat' dir='ltr'>in</span> <span class='ocrx_word' id='word_1_44' title='bbox 854 894 1079 980; x_wconf 78' lang='lat' dir='ltr'>sacriS‚</span> <span class='ocrx_word' id='word_1_45' title='bbox 1118 893 1197 961; x_wconf 93' lang='lat' dir='ltr'>de</span> <span class='ocrx_word' id='word_1_46' title='bbox 1254 914 1578 960; x_wconf 88' lang='lat' dir='ltr'>consensu</span> <span class='ocrx_word' id='word_1_47' title='bbox 1633 893 1902 984; x_wconf 89' lang='lat' dir='ltr'>capituli</span> <span class='ocrx_word' id='word_1_48' title='bbox 1951 896 2346 984; x_wconf 79' lang='lat' dir='ltr'>permittitur</span> <span class='ocrx_word' id='word_1_49' title='bbox 2394 904 2469 964; x_wconf 89' lang='lat' dir='ltr'>ut</span> 
     </span>
     <span class='ocr_line' id='line_1_7' title="bbox 205 996 2471 1089; baseline 0.002 -26"><span class='ocrx_word' id='word_1_50' title='bbox 205 997 425 1065; x_wconf 85' lang='lat' dir='ltr'>assistat</span> <span class='ocrx_word' id='word_1_51' title='bbox 477 997 775 1089; x_wconf 89' lang='lat' dir='ltr'>capitulis</span> <span class='ocrx_word' id='word_1_52' title='bbox 814 996 892 1064; x_wconf 91' lang='lat' dir='ltr'>ad</span> <span class='ocrx_word' id='word_1_53' title='bbox 942 997 1248 1065; x_wconf 84' lang='lat' dir='ltr'>effectum</span> <span class='ocrx_word' id='word_1_54' title='bbox 1288 998 1657 1066; x_wconf 90' lang='lat' dir='ltr'>addiscendi</span> <span class='ocrx_word' id='word_1_55' title='bbox 1692 1021 1839 1088; x_wconf 85' lang='lat' dir='ltr'>quae</span> <span class='ocrx_word' id='word_1_56' title='bbox 1865 1006 2018 1067; x_wconf 91' lang='lat' dir='ltr'>sunt</span> <span class='ocrx_word' id='word_1_57' title='bbox 2046 1001 2338 1068; x_wconf 88' lang='lat' dir='ltr'>muneris</span> <span class='ocrx_word' id='word_1_58' title='bbox 2368 1022 2471 1068; x_wconf 86' lang='lat' dir='ltr'>ca·</span> 
     </span>
     <span class='ocr_line' id='line_1_8' title="bbox 204 1102 2476 1190; baseline 0.002 -22"><span class='ocrx_word' id='word_1_59' title='bbox 204 1105 591 1171; x_wconf 89' lang='lat' dir='ltr'>nonicorum.</span> <span class='ocrx_word' id='word_1_60' title='bbox 625 1102 980 1172; x_wconf 83' lang='lat' dir='ltr'>Praedictus</span> <span class='ocrx_word' id='word_1_61' title='bbox 1022 1108 1242 1170; x_wconf 89' lang='lat' dir='ltr'>autem</span> <span class='ocrx_word' id='word_1_62' title='bbox 1273 1102 1650 1190; x_wconf 86' lang='lat' dir='ltr'>canonicus,</span> <span class='ocrx_word' id='word_1_63' title='bbox 1685 1105 1831 1172; x_wconf 88' lang='lat' dir='ltr'>licet</span> <span class='ocrx_word' id='word_1_64' title='bbox 1876 1113 2023 1173; x_wconf 87' lang='lat' dir='ltr'>actu</span> <span class='ocrx_word' id='word_1_65' title='bbox 2075 1110 2283 1172; x_wconf 89' lang='lat' dir='ltr'>careat</span> <span class='ocrx_word' id='word_1_66' title='bbox 2323 1125 2476 1173; x_wconf 83' lang='lat' dir='ltr'>voce</span> 
     </span>
     <span class='ocr_line' id='line_1_9' title="bbox 204 1200 2477 1302; baseline 0.001 -26"><span class='ocrx_word' id='word_1_67' title='bbox 204 1209 407 1297; x_wconf 84' lang='lat' dir='ltr'>activa,</span> <span class='ocrx_word' id='word_1_68' title='bbox 453 1233 586 1277; x_wconf 90' lang='lat' dir='ltr'>non</span> <span class='ocrx_word' id='word_1_69' title='bbox 625 1218 841 1277; x_wconf 89' lang='lat' dir='ltr'>tamen</span> <span class='ocrx_word' id='word_1_70' title='bbox 874 1216 1045 1277; x_wconf 88' lang='lat' dir='ltr'>caret</span> <span class='ocrx_word' id='word_1_71' title='bbox 1079 1231 1235 1277; x_wconf 86' lang='lat' dir='ltr'>voce</span> <span class='ocrx_word' id='word_1_72' title='bbox 1265 1212 1538 1300; x_wconf 89' lang='lat' dir='ltr'>passiva.</span> <span class='ocrx_word' id='word_1_73' title='bbox 1578 1210 1692 1301; x_wconf 85' lang='lat' dir='ltr'>(lta</span> <span class='ocrx_word' id='word_1_74' title='bbox 1721 1200 2172 1302; x_wconf 81' lang='lat' dir='ltr'>Ceccoperius‚</span> <span class='ocrx_word' id='word_1_75' title='bbox 2201 1210 2341 1278; x_wconf 86' lang='lat' dir='ltr'>loco</span> <span class='ocrx_word' id='word_1_76' title='bbox 2369 1210 2477 1279; x_wconf 86' lang='lat' dir='ltr'>ci·-</span> 
     </span>
     <span class='ocr_line' id='line_1_10' title="bbox 203 1316 570 1406; baseline 0.003 -25"><span class='ocrx_word' id='word_1_77' title='bbox 203 1319 324 1401; x_wconf 86' lang='lat' dir='ltr'>tato,</span> <span class='ocrx_word' id='word_1_78' title='bbox 358 1337 434 1382; x_wconf 88' lang='lat' dir='ltr'>n.</span> <span class='ocrx_word' id='word_1_79' title='bbox 475 1316 570 1406; x_wconf 88' lang='grc'>6.)</span> 
     </span>
    </p>

    <p class='ocr_par' dir='ltr' id='par_1_3' title="bbox 200 1420 2485 1724">
     <span class='ocr_line' id='line_1_11' title="bbox 270 1420 2481 1511; baseline -0 -21"><span class='ocrx_word' id='word_1_80' title='bbox 270 1421 324 1490; x_wconf 92' lang='grc'>3.</span> <span class='ocrx_word' id='word_1_81' title='bbox 358 1421 674 1491; x_wconf 89' lang='lat' dir='ltr'>Canonici</span> <span class='ocrx_word' id='word_1_82' title='bbox 703 1422 979 1488; x_wconf 90' lang='lat' dir='ltr'>instituti</span> <span class='ocrx_word' id='word_1_83' title='bbox 1024 1422 1104 1489; x_wconf 89' lang='lat' dir='ltr'>ad</span> <span class='ocrx_word' id='word_1_84' title='bbox 1135 1420 1555 1511; x_wconf 86' lang='lat' dir='ltr'>praebendam</span> <span class='ocrx_word' id='word_1_85' title='bbox 1589 1420 2016 1505; x_wconf 82' lang='lat' dir='ltr'>diaconalem,</span> <span class='ocrx_word' id='word_1_86' title='bbox 2064 1425 2127 1488; x_wconf 91' lang='lat' dir='ltr'>et</span> <span class='ocrx_word' id='word_1_87' title='bbox 2169 1423 2286 1510; x_wconf 89' lang='lat' dir='ltr'>qui</span> <span class='ocrx_word' id='word_1_88' title='bbox 2329 1428 2481 1489; x_wconf 90' lang='lat' dir='ltr'>sunt</span> 
     </span>
     <span class='ocr_line' id='line_1_12' title="bbox 200 1526 2485 1613; baseline 0 -19"><span class='ocrx_word' id='word_1_89' title='bbox 200 1529 630 1597; x_wconf 86' lang='lat' dir='ltr'>tantummodo</span> <span class='ocrx_word' id='word_1_90' title='bbox 654 1526 1056 1613; x_wconf 84' lang='lat' dir='ltr'>subdiaconi,</span> <span class='ocrx_word' id='word_1_91' title='bbox 1096 1532 1315 1595; x_wconf 84' lang='lat' dir='ltr'>carent</span> <span class='ocrx_word' id='word_1_92' title='bbox 1341 1547 1497 1594; x_wconf 87' lang='lat' dir='ltr'>voce</span> <span class='ocrx_word' id='word_1_93' title='bbox 1518 1526 1726 1595; x_wconf 88' lang='lat' dir='ltr'>activa</span> <span class='ocrx_word' id='word_1_94' title='bbox 1756 1526 1958 1594; x_wconf 88' lang='lat' dir='ltr'>donec</span> <span class='ocrx_word' id='word_1_95' title='bbox 1979 1526 2357 1595; x_wconf 83' lang='lat' dir='ltr'>diaconatus</span> <span class='ocrx_word' id='word_1_96' title='bbox 2382 1549 2485 1595; x_wconf 91' lang='lat' dir='ltr'>or·</span> 
     </span>
     <span class='ocr_line' id='line_1_13' title="bbox 202 1630 2003 1724; baseline -0.001 -23"><span class='ocrx_word' id='word_1_97' title='bbox 202 1634 401 1702; x_wconf 88' lang='lat' dir='ltr'>dinem</span> <span class='ocrx_word' id='word_1_98' title='bbox 426 1635 808 1723; x_wconf 85' lang='lat' dir='ltr'>receperint.</span> <span class='ocrx_word' id='word_1_99' title='bbox 844 1632 1313 1724; x_wconf 89' lang='lat' dir='ltr'>(Ceccoperius,</span> <span class='ocrx_word' id='word_1_100' title='bbox 1344 1632 1488 1700; x_wconf 88' lang='lat' dir='ltr'>loco</span> <span class='ocrx_word' id='word_1_101' title='bbox 1513 1633 1732 1719; x_wconf 86' lang='lat' dir='ltr'>citato,</span> <span class='ocrx_word' id='word_1_102' title='bbox 1764 1654 1830 1699; x_wconf 90' lang='lat' dir='ltr'>n.</span> <span class='ocrx_word' id='word_1_103' title='bbox 1870 1630 2003 1723; x_wconf 88' lang='lat'>13.)</span> 
     </span>
    </p>

    <p class='ocr_par' dir='ltr' id='par_1_4' title="bbox 198 1738 2491 2145">
     <span class='ocr_line' id='line_1_14' title="bbox 276 1738 2486 1830; baseline -0.001 -21"><span class='ocrx_word' id='word_1_104' title='bbox 276 1744 334 1809; x_wconf 83' lang='lat'>4.</span> <span class='ocrx_word' id='word_1_105' title='bbox 389 1740 737 1830; x_wconf 90' lang='lat' dir='ltr'>Coadjutor</span> <span class='ocrx_word' id='word_1_106' title='bbox 773 1740 1109 1829; x_wconf 83' lang='lat' dir='ltr'>canonici,</span> <span class='ocrx_word' id='word_1_107' title='bbox 1140 1738 1432 1807; x_wconf 90' lang='lat' dir='ltr'>initiatus</span> <span class='ocrx_word' id='word_1_108' title='bbox 1462 1738 1688 1806; x_wconf 88' lang='lat' dir='ltr'>ordine</span> <span class='ocrx_word' id='word_1_109' title='bbox 1740 1759 1920 1806; x_wconf 88' lang='lat' dir='ltr'>sacro</span> <span class='ocrx_word' id='word_1_110' title='bbox 1962 1760 2160 1827; x_wconf 89' lang='lat' dir='ltr'>quem</span> <span class='ocrx_word' id='word_1_111' title='bbox 2206 1738 2486 1829; x_wconf 83' lang='lat' dir='ltr'>postulat</span> 
     </span>
     <span class='ocr_line' id='line_1_15' title="bbox 198 1843 2485 1935; baseline -0 -22"><span class='ocrx_word' id='word_1_112' title='bbox 198 1846 525 1935; x_wconf 87' lang='lat' dir='ltr'>praebenda</span> <span class='ocrx_word' id='word_1_113' title='bbox 548 1844 651 1913; x_wconf 92' lang='lat' dir='ltr'>sui</span> <span class='ocrx_word' id='word_1_114' title='bbox 684 1845 861 1934; x_wconf 91' lang='lat' dir='ltr'>coadj</span> <span class='ocrx_word' id='word_1_115' title='bbox 874 1846 996 1930; x_wconf 89' lang='lat' dir='ltr'>uti,</span> <span class='ocrx_word' id='word_1_116' title='bbox 1037 1845 1234 1912; x_wconf 90' lang='lat' dir='ltr'>habet</span> <span class='ocrx_word' id='word_1_117' title='bbox 1272 1865 1499 1912; x_wconf 84' lang='lat' dir='ltr'>vocem</span> <span class='ocrx_word' id='word_1_118' title='bbox 1530 1843 1804 1911; x_wconf 88' lang='lat' dir='ltr'>activam</span> <span class='ocrx_word' id='word_1_119' title='bbox 1835 1848 1899 1911; x_wconf 93' lang='lat' dir='ltr'>et</span> <span class='ocrx_word' id='word_1_120' title='bbox 1928 1846 2251 1934; x_wconf 83' lang='lat' dir='ltr'>passivam</span> <span class='ocrx_word' id='word_1_121' title='bbox 2277 1844 2349 1912; x_wconf 90' lang='lat' dir='ltr'>in</span> <span class='ocrx_word' id='word_1_122' title='bbox 2380 1865 2485 1912; x_wconf 88' lang='lat' dir='ltr'>ca·</span> 
     </span>
     <span class='ocr_line' id='line_1_16' title="bbox 198 1947 2489 2038; baseline 0.001 -23"><span class='ocrx_word' id='word_1_123' title='bbox 198 1949 409 2038; x_wconf 90' lang='lat' dir='ltr'>pitulo.</span> <span class='ocrx_word' id='word_1_124' title='bbox 448 1949 517 2019; x_wconf 91' lang='lat' dir='ltr'>Si</span> <span class='ocrx_word' id='word_1_125' title='bbox 559 1957 778 2018; x_wconf 91' lang='lat' dir='ltr'>tamen</span> <span class='ocrx_word' id='word_1_126' title='bbox 808 1948 1147 2037; x_wconf 89' lang='lat' dir='ltr'>coadjutus</span> <span class='ocrx_word' id='word_1_127' title='bbox 1188 1948 1446 2014; x_wconf 86' lang='lat' dir='ltr'>intersit</span> <span class='ocrx_word' id='word_1_128' title='bbox 1492 1947 1774 2035; x_wconf 90' lang='lat' dir='ltr'>capitulo</span> <span class='ocrx_word' id='word_1_129' title='bbox 1800 1951 1863 2014; x_wconf 84' lang='lat' dir='ltr'>et</span> <span class='ocrx_word' id='word_1_130' title='bbox 1888 1948 2042 2015; x_wconf 85' lang='lat' dir='ltr'>velit</span> <span class='ocrx_word' id='word_1_131' title='bbox 2068 1948 2235 2015; x_wconf 85' lang='lat' dir='ltr'>ferre</span> <span class='ocrx_word' id='word_1_132' title='bbox 2260 1948 2489 2017; x_wconf 79' lang='lat' dir='ltr'>suffra·</span> 
     </span>
     <span class='ocr_line' id='line_1_17' title="bbox 198 2051 2491 2145; baseline -0 -23"><span class='ocrx_word' id='word_1_133' title='bbox 198 2055 393 2142; x_wconf 86' lang='lat' dir='ltr'>gium,</span> <span class='ocrx_word' id='word_1_134' title='bbox 422 2054 755 2145; x_wconf 79' lang='lat' dir='ltr'>coadjutor</span> <span class='ocrx_word' id='word_1_135' title='bbox 774 2055 962 2123; x_wconf 90' lang='lat' dir='ltr'>silere</span> <span class='ocrx_word' id='word_1_136' title='bbox 992 2052 1204 2123; x_wconf 88' lang='lat' dir='ltr'>debet.</span> <span class='ocrx_word' id='word_1_137' title='bbox 1231 2051 1346 2143; x_wconf 91' lang='lat' dir='ltr'>(lta</span> <span class='ocrx_word' id='word_1_138' title='bbox 1372 2051 1820 2141; x_wconf 77' lang='lat' dir='ltr'>CeccoperiuS,</span> <span class='ocrx_word' id='word_1_139' title='bbox 1842 2053 1986 2121; x_wconf 93' lang='lat' dir='ltr'>loco</span> <span class='ocrx_word' id='word_1_140' title='bbox 2006 2054 2222 2138; x_wconf 88' lang='lat' dir='ltr'>citato,</span> <span class='ocrx_word' id='word_1_141' title='bbox 2256 2076 2321 2121; x_wconf 91' lang='lat' dir='ltr'>n.</span> <span class='ocrx_word' id='word_1_142' title='bbox 2355 2054 2491 2141; x_wconf 83' lang='lat'>15.)</span> 
     </span>
    </p>
   </div>
   <div class='ocr_carea' id='block_1_3' title="bbox 194 2157 2497 2354">
    <p class='ocr_par' dir='ltr' id='par_1_5' title="bbox 194 2157 2497 2354">
     <span class='ocr_line' id='line_1_18' title="bbox 196 2157 2489 2244; baseline 0 -17"><span class='ocrx_word' id='word_1_143' title='bbox 196 2163 271 2227; x_wconf 89' lang='lat' dir='ltr'>At</span> <span class='ocrx_word' id='word_1_144' title='bbox 302 2185 437 2229; x_wconf 90' lang='lat' dir='ltr'>non</span> <span class='ocrx_word' id='word_1_145' title='bbox 462 2168 719 2229; x_wconf 87' lang='lat' dir='ltr'>tantum</span> <span class='ocrx_word' id='word_1_146' title='bbox 756 2162 942 2228; x_wconf 90' lang='lat' dir='ltr'>silere</span> <span class='ocrx_word' id='word_1_147' title='bbox 969 2160 1183 2242; x_wconf 78' lang='lat' dir='ltr'>debet,</span> <span class='ocrx_word' id='word_1_148' title='bbox 1217 2160 1326 2226; x_wconf 91' lang='lat' dir='ltr'>sed</span> <span class='ocrx_word' id='word_1_149' title='bbox 1355 2180 1432 2225; x_wconf 80' lang='lat' dir='ltr'>ex</span> <span class='ocrx_word' id='word_1_150' title='bbox 1456 2157 1813 2228; x_wconf 90' lang='lat' dir='ltr'>Monacello</span> <span class='ocrx_word' id='word_1_151' title='bbox 1836 2158 1960 2244; x_wconf 84' lang='lat' dir='ltr'>(tit.</span> <span class='ocrx_word' id='word_1_152' title='bbox 1993 2157 2080 2239; x_wconf 86' lang='grc' dir='ltr'>Π,</span> <span class='ocrx_word' id='word_1_153' title='bbox 2108 2161 2394 2228; x_wconf 72' lang='lat' dir='ltr'>formula</span> <span class='ocrx_word' id='word_1_154' title='bbox 2421 2162 2489 2242; x_wconf 77' lang='lat'>4,</span> 
     </span>
     <span class='ocr_line' id='line_1_19' title="bbox 194 2263 2497 2354; baseline -0 -21"><span class='ocrx_word' id='word_1_155' title='bbox 194 2269 411 2333; x_wconf 82' lang='lat' dir='ltr'>adnot.</span> <span class='ocrx_word' id='word_1_156' title='bbox 464 2265 578 2354; x_wconf 75' lang='lat'>29)</span> <span class='ocrx_word' id='word_1_157' title='bbox 627 2289 663 2328; x_wconf 70' lang='grc' dir='ltr'>(ι</span> <span class='ocrx_word' id='word_1_158' title='bbox 710 2286 831 2331; x_wconf 90' lang='lat' dir='ltr'>nec</span> <span class='ocrx_word' id='word_1_159' title='bbox 882 2271 1091 2352; x_wconf 87' lang='lat' dir='ltr'>potest</span> <span class='ocrx_word' id='word_1_160' title='bbox 1138 2263 1423 2352; x_wconf 90' lang='lat' dir='ltr'>capitulo</span> <span class='ocrx_word' id='word_1_161' title='bbox 1473 2263 1781 2329; x_wconf 89' lang='lat' dir='ltr'>interesse</span> <span class='ocrx_word' id='word_1_162' title='bbox 1838 2263 2102 2350; x_wconf 88' lang='lat' dir='ltr'>quando</span> <span class='ocrx_word' id='word_1_163' title='bbox 2152 2264 2497 2332; x_wconf 89' lang='lat' dir='ltr'>intervenit</span> 
     </span>
    </p>
   </div>
   <div class='ocr_carea' id='block_1_4' title="bbox 196 2365 2500 4462">
    <p class='ocr_par' dir='ltr' id='par_1_6' title="bbox 196 2365 2494 2670">
     <span class='ocr_line' id='line_1_20' title="bbox 198 2365 2494 2458; baseline 0.002 -25"><span class='ocrx_word' id='word_1_164' title='bbox 198 2399 232 2433; x_wconf 88' lang='lat'>«</span> <span class='ocrx_word' id='word_1_165' title='bbox 264 2370 629 2458; x_wconf 79' lang='lat' dir='ltr'>coadjutus,</span> <span class='ocrx_word' id='word_1_166' title='bbox 678 2393 711 2432; x_wconf 91' lang='lat'>»</span> <span class='ocrx_word' id='word_1_167' title='bbox 770 2373 838 2434; x_wconf 87' lang='lat' dir='ltr'>ut</span> <span class='ocrx_word' id='word_1_168' title='bbox 877 2368 1173 2436; x_wconf 89' lang='lat' dir='ltr'>decisum</span> <span class='ocrx_word' id='word_1_169' title='bbox 1201 2389 1238 2435; x_wconf 92' lang='lat' dir='ltr'>a</span> <span class='ocrx_word' id='word_1_170' title='bbox 1278 2365 1474 2435; x_wconf 90' lang='lat' dir='ltr'>Sacra</span> <span class='ocrx_word' id='word_1_171' title='bbox 1518 2365 2030 2455; x_wconf 80' lang='lat' dir='ltr'>Congregatione</span> <span class='ocrx_word' id='word_1_172' title='bbox 2079 2368 2366 2449; x_wconf 86' lang='lat' dir='ltr'>concilii,</span> <span class='ocrx_word' id='word_1_173' title='bbox 2428 2371 2494 2438; x_wconf 90' lang='lat' dir='ltr'>in</span> 
     </span>
     <span class='ocr_line' id='line_1_21' title="bbox 196 2471 2490 2569; baseline -0.001 -22"><span class='ocrx_word' id='word_1_174' title='bbox 196 2475 560 2548; x_wconf 79' lang='lat' dir='ltr'>Narniensi</span> <span class='ocrx_word' id='word_1_175' title='bbox 590 2473 632 2543; x_wconf 82' lang='lat'>5</span> <span class='ocrx_word' id='word_1_176' title='bbox 666 2473 823 2543; x_wconf 89' lang='lat' dir='ltr'>maii</span> <span class='ocrx_word' id='word_1_177' title='bbox 866 2479 929 2542; x_wconf 92' lang='lat' dir='ltr'>ct</span> <span class='ocrx_word' id='word_1_178' title='bbox 967 2472 1056 2541; x_wconf 76' lang='lat'>22</span> <span class='ocrx_word' id='word_1_179' title='bbox 1079 2471 1463 2565; x_wconf 88' lang='lat' dir='ltr'>septembris</span> <span class='ocrx_word' id='word_1_180' title='bbox 1498 2471 1696 2561; x_wconf 87' lang='grc'>1636,</span> <span class='ocrx_word' id='word_1_181' title='bbox 1728 2474 1922 2543; x_wconf 77' lang='lat' dir='ltr'>refert</span> <span class='ocrx_word' id='word_1_182' title='bbox 1950 2473 2290 2566; x_wconf 82' lang='lat' dir='ltr'>Pignatelli</span> <span class='ocrx_word' id='word_1_183' title='bbox 2336 2477 2404 2569; x_wconf 94' lang='lat' dir='ltr'>(t.</span> <span class='ocrx_word' id='word_1_184' title='bbox 2437 2475 2490 2565; x_wconf 88' lang='lat'>1,</span> 
     </span>
     <span class='ocr_line' id='line_1_22' title="bbox 202 2578 683 2670; baseline -0.006 -21"><span class='ocrx_word' id='word_1_185' title='bbox 202 2581 471 2649; x_wconf 88' lang='lat' dir='ltr'>consult.</span> <span class='ocrx_word' id='word_1_186' title='bbox 505 2578 683 2670; x_wconf 77' lang='lat'>260).</span> 
     </span>
    </p>

    <p class='ocr_par' dir='ltr' id='par_1_7' title="bbox 207 2684 2500 3301">
     <span class='ocr_line' id='line_1_23' title="bbox 282 2684 2488 2778; baseline 0 -21"><span class='ocrx_word' id='word_1_187' title='bbox 282 2689 345 2757; x_wconf 81' lang='lat'>5.</span> <span class='ocrx_word' id='word_1_188' title='bbox 377 2686 742 2756; x_wconf 87' lang='lat' dir='ltr'>Canonicus</span> <span class='ocrx_word' id='word_1_189' title='bbox 777 2684 1410 2777; x_wconf 77' lang='lat' dir='ltr'>supranumerariuS,</span> <span class='ocrx_word' id='word_1_190' title='bbox 1454 2707 1608 2753; x_wconf 90' lang='lat' dir='ltr'>cum</span> <span class='ocrx_word' id='word_1_191' title='bbox 1651 2687 2060 2778; x_wconf 89' lang='lat' dir='ltr'>plenitudine</span> <span class='ocrx_word' id='word_1_192' title='bbox 2090 2690 2267 2778; x_wconf 84' lang='lat' dir='ltr'>juris</span> <span class='ocrx_word' id='word_1_193' title='bbox 2295 2711 2488 2759; x_wconf 92' lang='lat' dir='ltr'>cano·</span> 
     </span>
     <span class='ocr_line' id='line_1_24' title="bbox 207 2791 2496 2881; baseline 0 -21"><span class='ocrx_word' id='word_1_194' title='bbox 207 2793 420 2861; x_wconf 90' lang='lat' dir='ltr'>nicalis</span> <span class='ocrx_word' id='word_1_195' title='bbox 461 2798 780 2881; x_wconf 82' lang='lat' dir='ltr'>receptuS,</span> <span class='ocrx_word' id='word_1_196' title='bbox 818 2791 1005 2859; x_wconf 87' lang='lat' dir='ltr'>debet</span> <span class='ocrx_word' id='word_1_197' title='bbox 1041 2793 1382 2859; x_wconf 91' lang='lat' dir='ltr'>convocari</span> <span class='ocrx_word' id='word_1_198' title='bbox 1434 2791 1516 2859; x_wconf 90' lang='lat' dir='ltr'>ad</span> <span class='ocrx_word' id='word_1_199' title='bbox 1563 2791 1929 2881; x_wconf 90' lang='lat' dir='ltr'>capitulum</span> <span class='ocrx_word' id='word_1_200' title='bbox 1958 2798 2023 2857; x_wconf 90' lang='lat' dir='ltr'>et</span> <span class='ocrx_word' id='word_1_201' title='bbox 2046 2793 2136 2858; x_wconf 91' lang='lat' dir='ltr'>ibi</span> <span class='ocrx_word' id='word_1_202' title='bbox 2166 2793 2363 2859; x_wconf 90' lang='lat' dir='ltr'>habet</span> <span class='ocrx_word' id='word_1_203' title='bbox 2387 2815 2496 2861; x_wconf 84' lang='lat' dir='ltr'>vo·</span> 
     </span>
     <span class='ocr_line' id='line_1_25' title="bbox 210 2889 2499 2989; baseline 0 -25"><span class='ocrx_word' id='word_1_204' title='bbox 210 2919 337 2965; x_wconf 85' lang='lat' dir='ltr'>cem</span> <span class='ocrx_word' id='word_1_205' title='bbox 393 2896 655 2989; x_wconf 89' lang='lat' dir='ltr'>quando</span> <span class='ocrx_word' id='word_1_206' title='bbox 702 2901 1013 2962; x_wconf 86' lang='lat' dir='ltr'>tractatur</span> <span class='ocrx_word' id='word_1_207' title='bbox 1056 2896 1133 2960; x_wconf 92' lang='lat' dir='ltr'>de</span> <span class='ocrx_word' id='word_1_208' title='bbox 1176 2896 1534 2962; x_wconf 89' lang='lat' dir='ltr'>condendis</span> <span class='ocrx_word' id='word_1_209' title='bbox 1572 2898 1825 2962; x_wconf 89' lang='lat' dir='ltr'>statutis</span> <span class='ocrx_word' id='word_1_210' title='bbox 1869 2889 1932 2961; x_wconf 78' lang='lat' dir='ltr'>et</span> <span class='ocrx_word' id='word_1_211' title='bbox 1963 2895 2235 2962; x_wconf 88' lang='lat' dir='ltr'>decretis</span> <span class='ocrx_word' id='word_1_212' title='bbox 2273 2917 2499 2966; x_wconf 89' lang='lat' dir='ltr'>omnes</span> 
     </span>
     <span class='ocr_line' id='line_1_26' title="bbox 210 2997 2497 3093; baseline 0 -23"><span class='ocrx_word' id='word_1_213' title='bbox 210 3003 662 3093; x_wconf 81' lang='lat' dir='ltr'>obligantibuS‚</span> <span class='ocrx_word' id='word_1_214' title='bbox 692 3006 755 3067; x_wconf 86' lang='lat' dir='ltr'>et</span> <span class='ocrx_word' id='word_1_215' title='bbox 783 3001 858 3066; x_wconf 92' lang='lat' dir='ltr'>in</span> <span class='ocrx_word' id='word_1_216' title='bbox 887 2999 1031 3065; x_wconf 90' lang='lat' dir='ltr'>aliis</span> <span class='ocrx_word' id='word_1_217' title='bbox 1067 3000 1343 3084; x_wconf 89' lang='lat' dir='ltr'>casibus,</span> <span class='ocrx_word' id='word_1_218' title='bbox 1381 3004 1577 3087; x_wconf 85' lang='lat' dir='ltr'>prout</span> <span class='ocrx_word' id='word_1_219' title='bbox 1604 3000 1804 3066; x_wconf 89' lang='lat' dir='ltr'>inseri</span> <span class='ocrx_word' id='word_1_220' title='bbox 1834 2999 1992 3066; x_wconf 90' lang='lat' dir='ltr'>solet</span> <span class='ocrx_word' id='word_1_221' title='bbox 2016 2997 2085 3065; x_wconf 90' lang='lat' dir='ltr'>in</span> <span class='ocrx_word' id='word_1_222' title='bbox 2118 2999 2497 3088; x_wconf 91' lang='lat' dir='ltr'>hujusmodi</span> 
     </span>
     <span class='ocr_line' id='line_1_27' title="bbox 214 3103 2500 3198; baseline 0 -22"><span class='ocrx_word' id='word_1_223' title='bbox 214 3112 657 3179; x_wconf 88' lang='lat' dir='ltr'>canonicorum</span> <span class='ocrx_word' id='word_1_224' title='bbox 705 3107 1079 3197; x_wconf 88' lang='lat' dir='ltr'>diplomate.</span> <span class='ocrx_word' id='word_1_225' title='bbox 1117 3103 1197 3171; x_wconf 89' lang='lat' dir='ltr'>Et</span> <span class='ocrx_word' id='word_1_226' title='bbox 1233 3110 1572 3193; x_wconf 86' lang='lat' dir='ltr'>nequeunt</span> <span class='ocrx_word' id='word_1_227' title='bbox 1615 3105 1727 3172; x_wconf 92' lang='lat' dir='ltr'>alii</span> <span class='ocrx_word' id='word_1_228' title='bbox 1772 3107 2068 3174; x_wconf 92' lang='lat' dir='ltr'>canonici</span> <span class='ocrx_word' id='word_1_229' title='bbox 2111 3129 2339 3176; x_wconf 90' lang='lat' dir='ltr'>eorum</span> <span class='ocrx_word' id='word_1_230' title='bbox 2386 3129 2500 3198; x_wconf 90' lang='lat' dir='ltr'>po-</span> 
     </span>
     <span class='ocr_line' id='line_1_28' title="bbox 215 3208 2045 3301; baseline -0.001 -21"><span class='ocrx_word' id='word_1_231' title='bbox 215 3221 482 3282; x_wconf 83' lang='lat' dir='ltr'>testatem</span> <span class='ocrx_word' id='word_1_232' title='bbox 505 3214 814 3280; x_wconf 87' lang='lat' dir='ltr'>limitare.</span> <span class='ocrx_word' id='word_1_233' title='bbox 855 3209 1327 3301; x_wconf 88' lang='lat' dir='ltr'>(Ceccoperius,</span> <span class='ocrx_word' id='word_1_234' title='bbox 1349 3208 1511 3277; x_wconf 61' lang='lat' dir='ltr'>‘loco</span> <span class='ocrx_word' id='word_1_235' title='bbox 1536 3209 1756 3298; x_wconf 83' lang='lat' dir='ltr'>citato,</span> <span class='ocrx_word' id='word_1_236' title='bbox 1791 3232 1860 3278; x_wconf 93' lang='lat' dir='ltr'>n.</span> <span class='ocrx_word' id='word_1_237' title='bbox 1908 3209 2045 3301; x_wconf 84' lang='lat'>17.)</span> 
     </span>
    </p>

    <p class='ocr_par' dir='ltr' id='par_1_8' title="bbox 219 3315 2494 3626">
     <span class='ocr_line' id='line_1_29' title="bbox 294 3315 2494 3411; baseline 0.001 -25"><span class='ocrx_word' id='word_1_238' title='bbox 294 3320 355 3387; x_wconf 94' lang='grc'>6.</span> <span class='ocrx_word' id='word_1_239' title='bbox 389 3319 598 3409; x_wconf 87' lang='lat' dir='ltr'>Caput</span> <span class='ocrx_word' id='word_1_240' title='bbox 626 3319 1001 3407; x_wconf 83' lang='lat' dir='ltr'>collegiatae,</span> <span class='ocrx_word' id='word_1_241' title='bbox 1049 3315 1308 3405; x_wconf 89' lang='lat' dir='ltr'>quando</span> <span class='ocrx_word' id='word_1_242' title='bbox 1345 3321 1439 3384; x_wconf 91' lang='lat' dir='ltr'>est</span> <span class='ocrx_word' id='word_1_243' title='bbox 1480 3317 1779 3407; x_wconf 84' lang='lat' dir='ltr'>praelatus</span> <span class='ocrx_word' id='word_1_244' title='bbox 1818 3323 2152 3409; x_wconf 86' lang='lat' dir='ltr'>exemptus</span> <span class='ocrx_word' id='word_1_245' title='bbox 2185 3319 2494 3411; x_wconf 87' lang='lat' dir='ltr'>jurisdic-</span> 
     </span>
     <span class='ocr_line' id='line_1_30' title="bbox 219 3421 2487 3514; baseline 0.003 -27"><span class='ocrx_word' id='word_1_246' title='bbox 219 3421 443 3491; x_wconf 88' lang='lat' dir='ltr'>tionem</span> <span class='ocrx_word' id='word_1_247' title='bbox 494 3424 764 3509; x_wconf 79' lang='lat' dir='ltr'>habenS‚</span> <span class='ocrx_word' id='word_1_248' title='bbox 800 3422 995 3489; x_wconf 91' lang='lat' dir='ltr'>habet</span> <span class='ocrx_word' id='word_1_249' title='bbox 1039 3444 1261 3490; x_wconf 85' lang='lat' dir='ltr'>vocem</span> <span class='ocrx_word' id='word_1_250' title='bbox 1304 3423 1373 3489; x_wconf 91' lang='lat' dir='ltr'>in</span> <span class='ocrx_word' id='word_1_251' title='bbox 1419 3423 1725 3513; x_wconf 88' lang='lat' dir='ltr'>capitulo.</span> <span class='ocrx_word' id='word_1_252' title='bbox 1779 3422 2255 3514; x_wconf 88' lang='lat' dir='ltr'>(Ceccoperius,</span> <span class='ocrx_word' id='word_1_253' title='bbox 2291 3426 2487 3502; x_wconf 86' lang='lat' dir='ltr'>ibid..</span> 
     </span>
     <span class='ocr_line' id='line_1_31' title="bbox 222 3535 1671 3626; baseline -0.003 -27"><span class='ocrx_word' id='word_1_254' title='bbox 222 3555 281 3600; x_wconf 87' lang='lat' dir='ltr'>n.</span> <span class='ocrx_word' id='word_1_255' title='bbox 318 3535 448 3626; x_wconf 84' lang='lat'>18.)</span> <span class='ocrx_word' id='word_1_256' title='bbox 1665 3590 1671 3595; x_wconf 89' lang='lat'>.</span> 
     </span>
    </p>

    <p class='ocr_par' dir='ltr' id='par_1_9' title="bbox 233 3638 2496 3837">
     <span class='ocr_line' id='line_1_32' title="bbox 302 3638 2493 3727; baseline 0.001 -21"><span class='ocrx_word' id='word_1_257' title='bbox 302 3642 362 3708; x_wconf 89' lang='grc'>7.</span> <span class='ocrx_word' id='word_1_258' title='bbox 416 3670 448 3706; x_wconf 89' lang='lat'>«</span> <span class='ocrx_word' id='word_1_259' title='bbox 476 3643 641 3711; x_wconf 84' lang='lat' dir='ltr'>Aliae</span> <span class='ocrx_word' id='word_1_260' title='bbox 685 3661 866 3725; x_wconf 81' lang='lat' dir='ltr'>vem,</span> <span class='ocrx_word' id='word_1_261' title='bbox 912 3645 1045 3705; x_wconf 90' lang='lat' dir='ltr'>tam</span> <span class='ocrx_word' id='word_1_262' title='bbox 1103 3638 1574 3706; x_wconf 86' lang='lat' dir='ltr'>cathedralium</span> <span class='ocrx_word' id='word_1_263' title='bbox 1620 3662 1822 3727; x_wconf 88' lang='lat' dir='ltr'>quam</span> <span class='ocrx_word' id='word_1_264' title='bbox 1864 3641 2355 3727; x_wconf 86' lang='lat' dir='ltr'>collegiatarum</span> <span class='ocrx_word' id='word_1_265' title='bbox 2398 3642 2493 3708; x_wconf 92' lang='lat' dir='ltr'>di-</span> 
     </span>
     <span class='ocr_line' id='line_1_33' title="bbox 233 3743 2496 3837; baseline 0 -23"><span class='ocrx_word' id='word_1_266' title='bbox 233 3773 259 3809; x_wconf 89' lang='lat'>«</span> <span class='ocrx_word' id='word_1_267' title='bbox 288 3752 574 3836; x_wconf 80' lang='lat' dir='ltr'>gnitateS,</span> <span class='ocrx_word' id='word_1_268' title='bbox 606 3744 1030 3837; x_wconf 89' lang='lat' dir='ltr'>quantumvis</span> <span class='ocrx_word' id='word_1_269' title='bbox 1065 3743 1136 3809; x_wconf 91' lang='lat' dir='ltr'>in</span> <span class='ocrx_word' id='word_1_270' title='bbox 1169 3744 1366 3809; x_wconf 89' lang='lat' dir='ltr'>sacris</span> <span class='ocrx_word' id='word_1_271' title='bbox 1393 3743 1666 3807; x_wconf 84' lang='lat' dir='ltr'>existant</span> <span class='ocrx_word' id='word_1_272' title='bbox 1703 3765 1779 3809; x_wconf 89' lang='lat' dir='ltr'>ac</span> <span class='ocrx_word' id='word_1_273' title='bbox 1804 3744 2029 3810; x_wconf 89' lang='lat' dir='ltr'>locum</span> <span class='ocrx_word' id='word_1_274' title='bbox 2062 3746 2130 3810; x_wconf 92' lang='lat' dir='ltr'>in</span> <span class='ocrx_word' id='word_1_275' title='bbox 2161 3744 2359 3813; x_wconf 91' lang='lat' dir='ltr'>choro</span> <span class='ocrx_word' id='word_1_276' title='bbox 2398 3769 2496 3816; x_wconf 88' lang='lat' dir='ltr'>re-</span> 
     </span>
    </p>

    <p class='ocr_par' dir='ltr' id='par_1_10' title="bbox 235 3846 2498 4462">
     <span class='ocr_line' id='line_1_34' title="bbox 238 3846 2492 3940; baseline 0.005 -28"><span class='ocrx_word' id='word_1_277' title='bbox 238 3853 549 3935; x_wconf 72' lang='lat' dir='ltr'>«tineam,</span> <span class='ocrx_word' id='word_1_278' title='bbox 629 3852 881 3920; x_wconf 91' lang='lat' dir='ltr'>nullam</span> <span class='ocrx_word' id='word_1_279' title='bbox 964 3847 1210 3915; x_wconf 89' lang='lat' dir='ltr'>habent</span> <span class='ocrx_word' id='word_1_280' title='bbox 1288 3866 1515 3915; x_wconf 86' lang='lat' dir='ltr'>vocem</span> <span class='ocrx_word' id='word_1_281' title='bbox 1582 3846 1651 3912; x_wconf 93' lang='lat' dir='ltr'>in</span> <span class='ocrx_word' id='word_1_282' title='bbox 1721 3847 2024 3937; x_wconf 84' lang='lat' dir='ltr'>capitulo.</span> <span class='ocrx_word' id='word_1_283' title='bbox 2107 3847 2129 3940; x_wconf 97' lang='lat'>(</span> <span class='ocrx_word' id='word_1_284' title='bbox 2151 3848 2492 3936; x_wconf 75' lang='lat' dir='ltr'>Rebuffu3‚</span> 
     </span>
     <span class='ocr_line' id='line_1_35' title="bbox 237 3952 2492 4047; baseline 0.003 -23"><span class='ocrx_word' id='word_1_285' title='bbox 237 3982 267 4018; x_wconf 83' lang='lat'>«</span> <span class='ocrx_word' id='word_1_286' title='bbox 295 3955 470 4028; x_wconf 88' lang='lat' dir='ltr'>Cons.</span> <span class='ocrx_word' id='word_1_287' title='bbox 505 3960 619 4043; x_wconf 77' lang='lat'>24,</span> <span class='ocrx_word' id='word_1_288' title='bbox 659 3981 727 4025; x_wconf 92' lang='lat' dir='ltr'>n.</span> <span class='ocrx_word' id='word_1_289' title='bbox 765 3956 858 4047; x_wconf 87' lang='lat'>5.)</span> <span class='ocrx_word' id='word_1_290' title='bbox 898 3955 1079 4024; x_wconf 86' lang='lat' dir='ltr'>Ratio</span> <span class='ocrx_word' id='word_1_291' title='bbox 1108 3961 1204 4023; x_wconf 90' lang='lat' dir='ltr'>est</span> <span class='ocrx_word' id='word_1_292' title='bbox 1237 3956 1393 4044; x_wconf 91' lang='lat' dir='ltr'>quia</span> <span class='ocrx_word' id='word_1_293' title='bbox 1423 3975 1544 4021; x_wconf 84' lang='lat' dir='ltr'>vox</span> <span class='ocrx_word' id='word_1_294' title='bbox 1576 3952 1813 4043; x_wconf 85' lang='lat' dir='ltr'>pendet</span> <span class='ocrx_word' id='word_1_295' title='bbox 1839 3975 1876 4019; x_wconf 91' lang='lat' dir='ltr'>a</span> <span class='ocrx_word' id='word_1_296' title='bbox 1901 3955 2194 4023; x_wconf 89' lang='lat' dir='ltr'>canonia.</span> <span class='ocrx_word' id='word_1_297' title='bbox 2239 3955 2311 4025; x_wconf 90' lang='lat' dir='ltr'>ln</span> <span class='ocrx_word' id='word_1_298' title='bbox 2342 3959 2492 4030; x_wconf 89' lang='lat' dir='ltr'>duo·</span> 
     </span>
     <span class='ocr_line' id='line_1_36' title="bbox 235 4060 2495 4156; baseline 0.003 -28"><span class='ocrx_word' id='word_1_299' title='bbox 235 4087 264 4123; x_wconf 67' lang='lat' dir='ltr'>u</span> <span class='ocrx_word' id='word_1_300' title='bbox 296 4062 401 4133; x_wconf 88' lang='lat' dir='ltr'>bus</span> <span class='ocrx_word' id='word_1_301' title='bbox 462 4072 678 4133; x_wconf 89' lang='lat' dir='ltr'>tamen</span> <span class='ocrx_word' id='word_1_302' title='bbox 737 4062 992 4131; x_wconf 88' lang='lat' dir='ltr'>casibus</span> <span class='ocrx_word' id='word_1_303' title='bbox 1049 4066 1421 4129; x_wconf 84' lang='lat' dir='ltr'>memoratae</span> <span class='ocrx_word' id='word_1_304' title='bbox 1481 4060 1825 4147; x_wconf 85' lang='lat' dir='ltr'>dignitates</span> <span class='ocrx_word' id='word_1_305' title='bbox 1880 4081 2034 4128; x_wconf 85' lang='lat' dir='ltr'>voce</span> <span class='ocrx_word' id='word_1_306' title='bbox 2087 4061 2155 4130; x_wconf 90' lang='lat' dir='ltr'>in</span> <span class='ocrx_word' id='word_1_307' title='bbox 2215 4066 2495 4156; x_wconf 90' lang='lat' dir='ltr'>capitulo</span> 
     </span>
     <span class='ocr_line' id='line_1_37' title="bbox 237 4165 2495 4261; baseline 0.002 -30"><span class='ocrx_word' id='word_1_308' title='bbox 237 4193 267 4228; x_wconf 75' lang='grc' dir='ltr'>ι(</span> <span class='ocrx_word' id='word_1_309' title='bbox 298 4168 627 4239; x_wconf 80' lang='lat' dir='ltr'>fruuntur:</span> <span class='ocrx_word' id='word_1_310' title='bbox 662 4173 900 4261; x_wconf 87' lang='lat' dir='ltr'>primo,</span> <span class='ocrx_word' id='word_1_311' title='bbox 946 4168 1000 4235; x_wconf 88' lang='lat' dir='ltr'>si</span> <span class='ocrx_word' id='word_1_312' title='bbox 1040 4167 1143 4235; x_wconf 91' lang='lat' dir='ltr'>his</span> <span class='ocrx_word' id='word_1_313' title='bbox 1185 4168 1268 4235; x_wconf 91' lang='lat' dir='ltr'>sit</span> <span class='ocrx_word' id='word_1_314' title='bbox 1300 4186 1549 4233; x_wconf 84' lang='lat' dir='ltr'>annexa</span> <span class='ocrx_word' id='word_1_315' title='bbox 1573 4165 1914 4255; x_wconf 77' lang='lat' dir='ltr'>praebenda</span> <span class='ocrx_word' id='word_1_316' title='bbox 1941 4169 2364 4255; x_wconf 88' lang='lat' dir='ltr'>canonicalis;</span> <span class='ocrx_word' id='word_1_317' title='bbox 2397 4193 2495 4236; x_wconf 90' lang='lat' dir='ltr'>se-</span> 
     </span>
     <span class='ocr_line' id='line_1_38' title="bbox 242 4267 2498 4366; baseline -0.004 -28"><span class='ocrx_word' id='word_1_318' title='bbox 242 4298 270 4331; x_wconf 89' lang='lat'>«</span> <span class='ocrx_word' id='word_1_319' title='bbox 301 4278 520 4361; x_wconf 87' lang='lat' dir='ltr'>cundo,</span> <span class='ocrx_word' id='word_1_320' title='bbox 553 4300 627 4343; x_wconf 88' lang='lat' dir='ltr'>ex</span> <span class='ocrx_word' id='word_1_321' title='bbox 655 4273 1022 4366; x_wconf 85' lang='lat' dir='ltr'>praescripta</span> <span class='ocrx_word' id='word_1_322' title='bbox 1060 4271 1642 4358; x_wconf 87' lang='lat' dir='ltr'>consuetudine...‚</span> <span class='ocrx_word' id='word_1_323' title='bbox 1673 4267 1791 4339; x_wconf 80' lang='lat' dir='ltr'>aut</span> <span class='ocrx_word' id='word_1_324' title='bbox 1829 4274 2051 4341; x_wconf 88' lang='lat' dir='ltr'>saltem</span> <span class='ocrx_word' id='word_1_325' title='bbox 2103 4272 2498 4363; x_wconf 87' lang='lat' dir='ltr'>possessione</span> 
     </span>
     <span class='ocr_line' id='line_1_39' title="bbox 246 4371 2495 4462; baseline -0.009 -14"><span class='ocrx_word' id='word_1_326' title='bbox 246 4404 275 4438; x_wconf 62' lang='lat' dir='ltr'>s</span> <span class='ocrx_word' id='word_1_327' title='bbox 322 4378 645 4451; x_wconf 61' lang='lat' dir='ltr'>lecennali.</span> <span class='ocrx_word' id='word_1_328' title='bbox 694 4380 946 4461; x_wconf 85' lang='lat' dir='ltr'>Quibus</span> <span class='ocrx_word' id='word_1_329' title='bbox 998 4379 1247 4446; x_wconf 88' lang='lat' dir='ltr'>casibus</span> <span class='ocrx_word' id='word_1_330' title='bbox 1296 4382 1446 4445; x_wconf 91' lang='lat' dir='ltr'>sunt</span> <span class='ocrx_word' id='word_1_331' title='bbox 1497 4380 1920 4447; x_wconf 83' lang='lat' dir='ltr'>convocandae</span> <span class='ocrx_word' id='word_1_332' title='bbox 1970 4380 2050 4446; x_wconf 89' lang='lat' dir='ltr'>ad</span> <span class='ocrx_word' id='word_1_333' title='bbox 2107 4371 2495 4462; x_wconf 86' lang='lat' dir='ltr'>capitulum,</span> 
     </span>
    </p>
   </div>
  </div>
 </body>
</html>
