2930 4982
1067 349 1145 394 1)ss
1191 349 1523 397 tumulas.
2323 344 2441 401 339

196 471 252 539 id
279 469 501 538 mulcta
543 464 815 556 aliisque
852 466 1064 556 poenis
1100 467 1430 558 compelli,
1458 468 1606 536 vide
1655 469 1941 540 decisum
1985 491 2022 539 a
2051 467 2120 539 S.
2154 468 2449 562 Congre-

195 578 415 667 gatione
451 577 725 653 rituum,
759 575 932 663 apud
972 573 1357 660 Gardellini,
1397 579 1573 643 tomo
1596 573 1741 661 Vll,
1776 576 1843 644 in
1884 576 2286 668 Appendice‚
2324 600 2448 648 nu·

192 704 348 751 mero
366 682 443 751 32
474 682 553 749 ad
583 686 917 769 quartum,
957 686 1020 749 et
1045 703 1324 748 numero
1361 678 1519 748 142.

264 788 431 857 Certa
453 789 645 857 etiam
672 793 767 855 est
791 788 1096 878 obligatio
1121 786 1587 878 capitularium
1616 787 1992 878 acceptandi
2014 790 2190 857 varia
2216 792 2442 861 munia

187 894 251 961 ad
296 917 431 983 quae
492 894 831 984 eliguntur
859 947 877 978 ‚
941 899 1133 985 prout
1179 893 1412 983 probat
1460 890 1957 962 Scarfantonius
2010 896 2113 962 his
2170 896 2375 965 verbis
2425 922 2442 966 z

193 1000 464 1070 «Omnes
507 1003 810 1070 canonici
848 1007 1148 1069 tenentur
1197 1005 1260 1068 et
1302 999 1447 1090 cogi
1478 1006 1747 1091 possunt
1773 1002 1856 1069 ad
1885 1001 2226 1070 subeunda
2250 1003 2458 1072 officia

194 1133 218 1170 «
240 1113 296 1173 et
316 1109 541 1175 munia
566 1107 948 1198 capitularia
972 1106 1053 1175 ad
1076 1129 1220 1196 quae
1244 1106 1489 1175 suerint
1517 1108 1703 1176 electi
1724 1132 1741 1192 ;
1773 1131 1893 1176 nec
1926 1108 2009 1175 ab
2025 1107 2464 1200 acceptatione

188 1214 433 1284 «eximi
473 1219 747 1304 possunt
792 1215 984 1281 etiam
1027 1214 1464 1283 renuntiando
1507 1215 1647 1282 voci
1692 1217 1911 1283 activa}
1950 1221 2013 1283 et
2062 1216 2355 1307 passivae,
2391 1224 2465 1284 ut

186 1333 218 1385 (ί
234 1324 482 1391 censuit
524 1323 718 1392 Sacra
752 1323 1177 1414 Congregatio
1218 1326 1483 1393 concilii
1520 1325 1613 1416 (in
1644 1325 1906 1394 Nullius
1931 1349 2046 1394 seu
2075 1326 2459 1397 Terlibiensi

185 1428 318 1494 «14
352 1429 642 1518 januarii
689 1428 890 1509 1690,
940 1430 1108 1496 libro
1155 1427 1581 1504 Decretorum
1634 1431 1749 1518 40,
1797 1431 1906 1499 fol.
1949 1432 2082 1522 70).
2128 1431 2218 1498 lta
2245 1438 2317 1499 ut
2346 1454 2466 1501 nec

187 1536 414 1601 «eximi
460 1535 665 1625 possit
713 1534 796 1602 ab
848 1534 929 1601 iis
968 1535 1382 1625 acceptandis
1412 1538 1610 1604 etiam
1650 1537 1931 1604 vicarius
1962 1536 2360 1627 capitularis,
2398 1542 2471 1605 ut

188 1638 442 1705 «eadem
492 1639 690 1707 Sacra
742 1638 1174 1728 Congregatio
1222 1641 1557 1736 respondit
1607 1640 1701 1730 (in
1752 1639 2125 1708 Cozzulensi
2172 1641 2258 1708 29
2289 1663 2464 1709 mar·

188 1746 299 1812 «tii
326 1746 527 1831 1652,
561 1747 732 1814 libro
763 1747 843 1813 19
873 1746 1319 1830 Decretorum‚
1354 1746 1510 1813 folio
1538 1746 1696 1838 210)
1725 1771 1740 1814 :
1769 1750 1986 1814 Sacra
2017 1749 2462 1839 Conqreqacio

187 1854 479 1921 «censuit
502 1906 524 1937 ‚
582 1851 1164 1933 archidiaconum,
1227 1853 1347 1942 qui
1409 1854 1703 1943 officium
1758 1853 1995 1920 vicarii
2061 1854 2463 1943 capitularis

188 1958 505 2047 «exercet,
541 1959 746 2026 teneri
772 1958 1060 2049 officium
1080 1958 1544 2048 procuratoris
1582 1982 1693 2024 seu
1718 1959 2042 2025 oeconomi
2067 1960 2464 2048 capitularis

184 2078 568 2155 «acceptare
606 2077 670 2132 et
703 2087 1016 2143 exercere,
1054 2062 1317 2153 quando
1347 2075 1442 2130 est
1479 2063 1743 2149 electu8‚
1770 2077 1975 2152 prout
2006 2076 2313 2131 tenentur
2336 2066 2465 2133 alii

180 2170 533 2236 «canonici
569 2170 776 2237 electi.
811 2196 846 2235 »
886 2169 1422 2259 (Scarfantonius,
1465 2176 1514 2236 t.
1561 2166 1639 2253 ll,
1687 2191 1837 2258 pag.
1878 2170 2031 2254 110,
2066 2193 2133 2234 n.
2164 2172 2278 2252 44,
2305 2171 2455 2237 edit.

170 2270 389 2356 Luc-ae,
428 2274 654 2362 1723.)

1074 2441 1361 2506 CAPUT
1412 2442 1537 2504 VII

222 2608 525 2657 OBLIGATIO
554 2612 989 2658 {INTERESSENDI
1032 2611 1410 2658 CONGIONIB'US
1452 2611 1759 2658 ADvssn'rns
1798 2611 1877 2656 ΕΤ
1919 2610 2392 2664 QUADRAGESIMAE

245 2796 563 2864 Canonici
626 2800 773 2889 cogi
828 2806 1096 2888 possunt
1143 2799 1223 2867 ad
1285 2799 1803 2868 interessendum
1849 2797 2282 2865 concionibus
2334 2798 2458 2864 sub

167 2922 361 2991 poena
404 2905 742 2970 amittendi
787 2906 1292 2973 distributiones.
1342 2905 1437 2972 lta
1476 2904 1672 2973 Sacra
1713 2903 2141 2992 Congregatio
2177 2902 2449 2987 rituum,

169 3007 337 3098 apud
361 3006 747 3093 Gardellini,
777 3031 846 3076 n.
872 3009 1072 3078 2423.

249 3113 567 3189 Canonici
603 3116 719 3206 qui
745 3137 881 3183 non
908 3120 1060 3183 sunt
1084 3113 1403 3204 impediti,
1438 3112 1675 3182 debent
1698 3113 2119 3204 collegialiter
2154 3114 2453 3185 interesse

176 3222 587 3290 concionibus
641 3228 935 3313 tempore
1010 3222 1354 3291 Adventus
1393 3226 1455 3289 et
1504 3220 2052 3309 Quadragesimae.
2112 3220 2204 3290 lta
2256 3221 2448 3293 Sacra

177 3322 588 3419 Congregatio
610 3330 886 3412 rituum,
918 3330 1091 3436 apud
1114 3328 1498 3413 Gardellini,
1531 3351 1599 3399 n.
1636 3326 1885 3396 3812.-

250 3435 347 3502 Ad
383 3437 701 3524 dubium,
741 3463 777 3503 «
803 3459 885 3504 an
927 3435 1219 3505 canonici
1261 3435 1545 3505 ecclesiae
1588 3437 1970 3505 cathedralis
2001 3439 2444 3507 interessentes

182 3530 657 3610 «concionibus
684 3542 1039 3631 praesertim
1060 3543 1753 3664 quadragesimalibus,
1779 3543 2052 3612 debeant
2076 3567 2209 3612 esse
2231 3544 2444 3611 induti

184 3670 213 3707 «
235 3646 457 3717 habitu
485 3648 846 3717 canonicali
864 3649 1024 3716 dum
1046 3650 1305 3717 sedent
1289 3672 1358 3715 m
1388 3651 1672 3739 propriis
1700 3650 1936 3717 stallis?
1971 3650 2165 3719 Sacra
2194 3651 2442 3715 rituum

189 3751 659 3846 «Congregatio
706 3754 957 3822 censuit
984 3781 999 3822 ε
1030 3755 1457 3845 affirmative.
1486 3781 1518 3819 »
1551 3755 1646 3845 (ln
1672 3778 1862 3824 causa
1896 3757 2187 3847 Pompeii
2216 3752 2448 3821 Stabiae

184 3855 245 3924 31
283 3862 503 3930 martii
544 3861 753 3946 1703;
788 3862 963 3952 apud
987 3860 1371 3945 Gardellini,>
1404 3885 1471 3929 n.
1506 3862 1736 3953 3495.)
