2930 4982
406 330 476 386 51
493 331 528 385 8
1368 335 1710 383 TRAGTATUS

493 454 637 524 Vll.
670 455 736 524 Si
771 477 900 523 non
932 456 1099 523 adsit
1117 454 1247 522 nisi
1269 454 1511 522 unicus
1536 457 1790 520 tantum
1819 451 2042 518 doctor
2071 451 2142 518 in
2167 453 2314 539 jure
2340 452 2676 537 canonico,

403 561 509 630 sed
539 562 928 649 caeteroquin
959 560 1257 638 idoneus,
1301 581 1387 625 an
1432 559 1486 626 is
1515 557 1874 625 necessario
1903 578 1941 624 a
1967 557 2252 646 capitulo
2277 557 2679 647 deputandus

398 668 477 735 sit
508 668 575 734 in
603 666 917 734 vicarium
950 665 1370 757 capitularem
1391 668 1423 732 ‘2
1441 700 1533 715 —-
1561 664 1630 731 ld
1668 670 1858 751 negat
1880 661 2237 730 Cardinalis
2262 663 2340 730 de
2372 663 2581 747 Luca,
2611 687 2678 732 ex

396 792 471 840 eo
497 773 672 860 quod
706 771 1115 861 deputandus
1143 769 1223 836 sit
1250 770 1536 837 vicarius
1566 768 1937 858 capitularis
1966 789 2080 857 per
2123 768 2401 835 formam
2431 768 2677 836 electio·

398 879 526 962 niS,
560 883 623 945 et
650 877 876 944 electio
898 898 1029 944 non
1055 877 1137 942 sit
1163 876 1487 966 possibilis
1517 875 1645 943 nisi
1672 875 1840 941 inter
1873 875 2089 963 plures
2127 897 2143 940 ε
2189 899 2222 937 «
2259 873 2677 964 Deputandus

405 1010 438 1047 «
466 990 684 1051 autem
701 990 796 1052 est
814 984 1089 1051 vicarius
1110 983 1223 1071 qui
1247 983 1328 1051 ad
1350 983 1572 1051 minus
1590 983 1826 1070 injure
1850 982 2162 1050 canonico
2188 981 2409 1049 doctor
2441 982 2546 1067 sit,
2576 1005 2678 1052 seu

406 1115 439 1154 (ι
471 1090 836 1158 licentiatus
856 1118 873 1178 ;
903 1090 1004 1157 sin
1028 1091 1250 1157 minus
1277 1088 1552 1179 (quoties
1581 1089 1652 1155 in
1679 1088 1960 1179 capitulo
1986 1088 2074 1154 ita
2093 1087 2394 1175 graduati
2418 1088 2677 1158 existant

406 1222 441 1260 ιι
469 1197 536 1261 in
578 1196 798 1284 aliquo
836 1195 1225 1285 competenti
1265 1216 1568 1281 numero,
1624 1196 1794 1262 intra
1826 1217 2024 1283 quem
2052 1194 2381 1262 electionis
2427 1194 2677 1264 libertas

407 1328 442 1366 «
468 1324 752 1392 congrue
792 1302 1156 1371 exercibilis
1201 1302 1551 1391 remaneat)
1597 1301 1922 1391 deputatio
1967 1299 2251 1368 invalida
2292 1300 2541 1391 pluries
2574 1324 2679 1394 per

405 1436 438 1474 «
466 1408 731 1479 Sacram
757 1408 1343 1499 Congregationem
1372 1408 1691 1479 declarata
1714 1414 1830 1476 est.
1865 1407 2061 1475 Secus
2082 1412 2305 1474 'autem
2327 1407 2384 1475 si
2409 1408 2477 1474 in
2509 1410 2680 1498 capi·

405 1517 606 1583 «tulo
633 1516 930 1605 graduati
970 1537 1103 1585 non
1147 1515 1361 1583 adsint
1404 1516 1477 1582 in
1521 1515 1693 1583 dicto
1727 1536 2029 1598 numero,
2067 1516 2468 1603 intra-quem
2515 1516 2680 1584 dicta

404 1649 437 1687 α
464 1623 724 1690 libertas
765 1624 971 1708 cadat,
1001 1623 1302 1710 quamvis
1332 1622 1401 1688 in
1445 1622 1698 1688 civitate
1723 1622 1825 1689 vel
1854 1620 2116 1689 dioecesi
2142 1620 2428 1709 graduati
2461 1621 2680 1690 idonei

400 1750 436 1792 α
464 1727 776 1814 existant3
827 1729 1141 1817 quoniam
1187 1732 1386 1816 potest
1423 1726 1691 1814 quidem
1741 1725 2099 1814 capitulum
2144 1724 2428 1813 aliquem
2466 1747 2542 1791 ex
2583 1726 2678 1793 eis

402 1855 434 1894 «
463 1830 794 1921 deputare,
830 1831 939 1899 sed
967 1854 1101 1899 non
1128 1836 1408 1914 tenetur3
1444 1832 1717 1921 ideoque
1743 1853 1955 1898 unum
1980 1832 2060 1898 de
2080 1830 2364 1920 capitulo
2388 1834 2680 1919 quamvis

398 1960 434 2000 ι(
463 1959 598 2004 non
624 1938 953 2008 doctorem
974 1938 1087 2006 tali
1116 1960 1267 2006 casu
1297 1938 1473 2005 licite
1497 1937 1805 2028 deputare
1831 1943 2057 2028 potest.
2086 1937 2582 2027 (Annotationes
2606 1939 2678 2007 ad

402 2067 438 2107 «
468 2044 826 2112 concilium
850 2044 1063 2129 Trid.,
1089 2046 1387 2113 discursu
1413 2043 1525 2124 31,
1557 2045 1637 2111 ad
1664 2044 1863 2110 finem
1890 2044 2043 2111 libri
2066 2043 2229 2135 x1v.)
2254 2070 2289 2108 >³

486 2147 601 2216 llla
630 2171 780 2218 vero
804 2153 1117 2219 sententia
1144 2151 1508 2220 Cardinalis
1533 2150 1612 2218 de
1629 2149 1822 2217 Luca
1859 2171 1988 2217 non
2012 2150 2359 2217 concordat
2388 2171 2547 2217 cum
2575 2150 2678 2217 de-

398 2255 756 2326 cisionibus
786 2260 854 2325 in
888 2259 1223 2326 Thesauro
1262 2256 1743 2325 resolutionum
1781 2256 1981 2348 (tomo
2020 2255 2351 2340 XXXVII,
2407 2280 2480 2347 p.
2531 2257 2677 2344 238)

397 2362 698 2431 indicatis
718 2366 844 2433 hoc
878 2366 1066 2435 modo
1094 2391 1110 2434 ε
1146 2391 1181 2430 «
1210 2365 1398 2446 Quod
1425 2365 1820 2432 servandum
1848 2385 2108 2453 quoque
2135 2362 2474 2429 mandavit
2494 2361 2683 2430 Sacra

407 2491 441 2531 «
465 2465 892 2559 congregatio
919 2472 1176 2563 (nempe
1201 2471 1370 2562 eliqz'
1392 2469 1749 2560 doctorem)
1791 2470 1984 2538 etiam
2011 2470 2084 2537 in
2109 2490 2262 2537 casu
2290 2490 2422 2558 quo
2449 2468 2689 2537 unicus

404 2596 438 2636 «
461 2571 792 2640 dumtaxat
814 2577 892 2641 de
920 2580 1168 2662 gremio
1201 2578 1464 2667 capituli
1499 2577 1665 2645 adsit
1693 2578 1774 2643 ad
1810 2576 2089 2644 doctoris
2118 2576 2683 2664 dignitatempro-

403 2700 438 2741 «
467 2681 704 2764 motus,
731 2684 804 2744 ut
828 2681 896 2746 in
916 2680 1353 2760 Neritonensi,
1384 2683 1471 2748 24
1488 2683 1643 2771 julii
1668 2683 1837 2750 1645
1864 2683 2054 2771 (libro
2077 2705 2213 2758 xvu
2229 2681 2675 2761 Decretorum‚

402 2807 438 2847 ι(
464 2783 702 2873 pagina
718 2784 900 2878 209),
936 2794 997 2856 et
1027 2789 1096 2856 in
1133 2782 1547 2874 Ecclesiensi‚
1580 2786 1618 2855 3
1643 2787 1800 2877 julii
1832 2789 2002 2857 1679
2033 2787 2172 2879 (lib.
2208 2809 2353 2855 xxix
2374 2784 2683 2852 Decreto-

401 2913 437 2955 «
461 2912 637 2977 rum,
684 2892 919 2982 pagina
951 2894 1134 2981 457).
1172 2918 1206 2958 »
1243 2893 1386 2962 Non
1422 2892 1750 2960 adivimus
1777 2892 1979 2960 libros
2010 2892 2432 2960 Decretorum
2467 2889 2587 2980 (1),
2610 2896 2683 2954 ut

395 2998 904 3085 perspiceremus
932 3007 1158 3068 utrum
1200 3002 1406 3069 citatae
1447 3000 1592 3067 duae
1629 2999 1758 3066 illae
1799 2998 2151 3067 decisiones
2183 2998 2428 3067 faciant
2462 3017 2677 3063 revera

393 3099 473 3167 ad
492 3122 738 3170 casum.
757 3104 829 3174 Si
852 3129 1072 3174 revera
1095 3108 1181 3174 ita
1204 3107 1623 3174 declaraverit
1639 3105 1833 3174 Sacra
1853 3102 1985 3173 Con
1994 3106 2306 3193 gregatiO,
2328 3102 2677 3171 dicendum

389 3207 901 3278 estCardinalem
930 3214 1006 3281 de
1029 3214 1203 3282 Luca
1227 3212 1292 3279 id
1319 3234 1450 3279 non
1470 3213 1822 3280 rescivisse.
1857 3210 2261 3299 Caeteroquin
2285 3211 2455 3279 ratio
2482 3229 2673 3298 quam

383 3307 568 3374 affert
601 3316 1174 3399 praestantissimus
1203 3316 1569 3385 Cardinalis
1589 3339 1721 3384 non
1750 3316 2005 3384 videtur
2032 3338 2147 3406 per
2179 3338 2245 3383 se
2271 3315 2483 3383 solam
2513 3314 2675 3381 deci-

387 3411 544 3480 siva.
575 3414 818 3483 Electio
842 3420 1107 3507 quidem
1166 3423 1308 3488 fieri
1338 3423 1564 3511 nequit
1592 3424 1719 3489 nisi
1753 3446 1828 3490 ex
1856 3423 2159 3514 pluribus
2175 3451 2193 3510 3
2228 3422 2339 3490 sed
2365 3444 2503 3490 non
2532 3443 2672 3511 pro-

389 3519 577 3587 batur
604 3520 1057 3591 Tridentinam
1094 3527 1415 3614 synodum
1444 3528 1723 3597 voluisse
1753 3529 2126 3597 electionem
2149 3529 2412 3619 proprie
2438 3529 2667 3595 dictam

384 3649 640 3719 semper
664 3636 724 3696 et
769 3630 838 3697 in
869 3631 1049 3699 omni
1078 3654 1253 3700 casu.
1287 3630 1427 3701 lmo
1459 3657 1577 3702 nec
1599 3637 1801 3703 utitur
1838 3659 1989 3704 voce
2013 3635 2376 3720 electioni-3,
2415 3635 2526 3702 sed
2552 3634 2667 3701 de·-

378 3735 751 3822 putationis.
788 3736 1080 3826 Requirit
1097 3759 1249 3827 ergo
1277 3741 1636 3807 concilium
1659 3740 2122 3808 Tridentinum
2156 3745 2228 3806 ut
2253 3739 2601 3829 deputetur
2625 3759 2663 3804 a

447 3999 693 4056 (ir-Libri
704 4002 1020 4052 decretorum
1044 4007 1255 4054 vocatur
1271 4004 1499 4055 collectio
1521 4005 1688 4055 adhuc
1704 4007 2050 4069 manuscripta
2068 4007 2119 4054 et
2139 4006 2193 4054 in
2213 4003 2448 4054 archiviis
2468 4003 2519 4052 S.
2538 4002 2671 4052 Con·

370 4078 671 4139 gregatlonis
705 4083 899 4132 concilii
926 4088 1199 4143 asservata,
1241 4083 1641 4136 declarationum
1676 4087 1905 4148 ejusdem
1944 4086 2382 4148 congregationis,
2417 4084 2480 4133 ab
2516 4084 2677 4145 ipsius

371 4159 514 4207 initio
553 4168 714 4217 usque
755 4162 819 4209 ad
853 4162 1176 4214 Benedictum
1210 4165 1340 4220 XIV.
1378 4166 1510 4215 Dum
1543 4168 1679 4217 enim
1718 4166 2016 4217 Benedictus
2048 4166 2154 4214 XIV
2180 4165 2508 4214 secretarium
2535 4162 2675 4210 illius

366 4236 772 4300 congregationis
805 4246 994 4300 ageret,
1031 4248 1293 4305 eoeperunt
1324 4248 1457 4309 typis
1489 4246 1684 4309 vulgari
1718 4246 1992 4297 decisiones
2017 4247 2069 4293 in
2094 4242 2393 4292 collectione
2426 4246 2547 4291 nota
2578 4239 2675 4289 sub

366 4316 570 4365 nomine
609 4311 886 4362 Thesaurus
920 4319 1313 4383 resolutionem
1352 4324 1440 4373 sed
1471 4337 1585 4386 quae
1614 4327 1974 4388 praecesserant
2008 4323 2392 4381 declarationeS,
2430 4316 2671 4369 nondum

362 4389 506 4444 edItae
533 4396 674 4454 sunt,
694 4396 745 4444 et
766 4393 988 4443 citantur
1012 4409 1074 4445 ex
1098 4405 1444 4465 manuscripto
1470 4403 1661 4454 codice.
