2930 4982
1151 351 1233 397 nn
1276 349 1599 397 carnotus.
2396 345 2524 404 ³³5

278 498 305 534 a
340 471 618 539 locorum
649 468 957 555 obtinuit,
990 474 1067 536 ut
1095 468 1292 537 etiam
1319 468 1390 535 in
1425 467 1815 553 venditione,
1851 466 2221 556 donatione,
2256 493 2524 563 permu-

272 603 301 641 «
336 577 583 660 tatione,
617 573 1007 665 subscriptio
1036 575 1170 657 fiat,
1203 593 1337 641 non
1374 595 1579 641 manu
1611 574 1865 664 propria
1892 575 2300 665 singulorum
2337 579 2525 672 capi-

268 709 299 747 «
338 681 633 750 tularium
681 680 1054 749 alienationi
1112 679 1702 761 consentientium3
1764 680 1873 748 sed
1920 686 1997 749 ut
2046 683 2326 752 sufficiat
2373 707 2521 756 eam

268 815 297 854 «
335 789 464 856 fieri
502 809 707 855 manu
747 788 984 855 notarii
1027 787 1300 878 publici,
1344 787 1412 855 in
1442 787 1883 855 instrumento
1914 786 1994 854 de
2020 788 2308 858 adhibito
2352 797 2524 862 trao-

264 919 293 957 «
333 899 459 961 tatu
473 898 537 961 et
557 893 816 961 obtento
831 913 1151 961 consensu
1167 891 1624 983 capitularium
1637 892 2064 961 testificantis.
2080 891 2526 967 Necessarium

240 985 304 1063 ’«’
329 1004 546 1068 autem
585 1019 722 1067 non
762 1003 858 1066 est
893 1003 970 1065 ut
997 997 1070 1065 in
1116 1020 1190 1065 eo
1234 998 1671 1067 instrumento
1714 998 1953 1067 notarii
1998 1020 2204 1067 manu
2247 1002 2531 1072 consecto

258 1132 289 1171 «
325 1107 774 1196 exprimantur
808 1104 1218 1192 singulorum
1263 1104 1724 1193 capitularium
1767 1105 2072 1187 nomina3
2108 1105 2218 1173 sed
2266 1107 2420 1174 satis
2445 1115 2541 1176 est

254 1238 286 1278 «
322 1218 400 1279 ut
448 1212 626 1278 dicat
673 1211 959 1279 notarius
1010 1211 1239 1278 factam
1284 1210 1733 1278 alienationem
1780 1212 1858 1278 de
1901 1233 2219 1280 consensu
2268 1214 2539 1303 maJoris

250 1340 283 1381 «
326 1314 529 1404 partis
554 1313 837 1405 capituli.
866 1313 1050 1394 Quod
1077 1314 1132 1381 si
1150 1319 1366 1382 autem
1390 1315 1674 1384 notarius
1696 1315 2026 1384 adhibitus
2046 1317 2352 1397 nonfuit,
2378 1319 2539 1388 solet

252 1444 283 1482 «
323 1420 761 1486 instrumento
807 1417 1215 1486 alienationis
1262 1419 1498 1509 apponi
1543 1418 1836 1509 sigillum
1870 1420 2165 1510 capituli,
2209 1442 2344 1489 una
2381 1444 2536 1492 cum

249 1550 281 1589 «
324 1525 803 1616 subscriptione
849 1525 1171 1616 praesidis,
1222 1525 1498 1594 senioris
1542 1532 1606 1594 et
1652 1526 1931 1594 aliorum
1985 1527 2212 1594 saltem
2267 1528 2540 1598 nomine

250 1654 280 1694 α
317 1632 651 1701 collectivo
679 1633 1189 1720 designatorum.
1220 1655 1256 1695 2)
1303 1630 1715 1721 (LeureniuS,
1756 1632 1898 1699 loco
1924 1631 2164 1723 citat0.)

318 1736 542 1808 Posset
582 1745 801 1806 tamen
834 1739 999 1822 fieri,
1032 1743 1108 1805 ut
1141 1737 1381 1805 alicubi
1416 1759 1493 1804 ex
1529 1737 2000 1806 consuetudine
2036 1738 2324 1828 legitime
2361 1760 2538 1831 prae-

241 1846 462 1937 scripta
494 1845 682 1914 nulla
708 1847 1146 1934 requireretur
1176 1843 1443 1935 capituli
1473 1845 1883 1934 subscriptiO.

321 1953 388 2021 8.
434 1978 468 2014 cr
496 1952 595 2020 De
616 1956 843 2019 caetero
866 1950 1167 2018 alienatio
1191 1950 1358 2016 facta
1381 1970 1420 2016 a
1439 1949 1707 2017 Praelato
1730 1950 1871 2017 sine
1895 1971 2216 2019 consensu
2245 1953 2540 2043 capituli,

243 2082 275 2122 «
315 2059 661 2147 multoque
690 2058 901 2147 magis
930 2078 1004 2124 eo
1029 2055 1447 2141 reclamante,
1479 2060 1574 2121 est
1601 2056 1809 2139 irrita,
1845 2064 1906 2123 et
1945 2080 1982 2123 a
2011 2079 2375 2128 successore
2408 2079 2543 2127 non

243 2190 276 2227 «
324 2165 663 2231 servanda.
698 2189 731 2228 »

329 2266 399 2334 9.
447 2291 485 2331 «
514 2266 701 2346 Quod
742 2268 799 2333 si
826 2287 979 2332 vero
1005 2266 1091 2332 ob
1116 2266 1370 2333 bellum
1396 2266 1671 2333 aliamve
1706 2287 1967 2333 causam
1994 2273 2340 2354 urgentem
2381 2272 2552 2359 capi-

243 2400 278 2439 «
323 2372 552 2440 tulum
588 2373 780 2460 absit,
819 2371 1167 2439 Praelatum
1203 2371 1433 2438 debere
1473 2371 1610 2439 loco
1651 2372 1923 2462 capituli
1966 2373 2353 2441 substituere
2388 2374 2547 2443 alios

244 2485 275 2545 ι(
318 2478 618 2562 clericos,
662 2480 1058 2571 quibuscum
1100 2482 1324 2546 tractet
1371 2484 1432 2545 et
1479 2479 1796 2547 consultet
1841 2480 1918 2546 de
1959 2503 2028 2547 re
2069 2480 2436 2570 alienanda,
2482 2488 2545 2552 et

241 2613 274 2650 «
317 2608 553 2655 eorum
585 2611 904 2658 consensu
923 2588 1231 2677 requisito
1250 2592 1310 2653 et
1329 2586 1590 2655 obtento
1610 2593 1669 2654 et
1692 2610 1826 2656 non
1859 2588 2046 2655 aliter
2067 2612 2203 2657 rem
2226 2590 2536 2674 alienare,

236 2717 268 2755 α
316 2716 476 2761 cum
538 2696 783 2764 Abbate
828 2701 892 2763 et
936 2694 1176 2765 Molina
1221 2693 1414 2763 tradit
1467 2693 1777 2763 Delbene.
1840 2720 1875 2759 »
1931 2695 2346 2785 (LeureniuS,
2395 2698 2541 2764 loco

226 2799 453 2879 citato,
498 2805 724 2884 quaest.
763 2800 946 2890 109.)

328 2901 444 2967 10.
494 2899 575 2966 ln
613 2904 694 2969 iis
735 2925 881 2990 quae
920 2903 1315 2991 praecedunt,
1355 2904 1787 2970 abstraximus
1839 2926 1876 2970 a
1918 2905 2270 2991 quaestione
2317 2908 2544 2971 utrum

226 3028 347 3097 pro
373 3006 963 3096 alienandisbonis
989 3006 1431 3074 ecclesiasticis
1459 3008 1829 3095 requiratur
1858 3006 2108 3077 Sanctae
2132 3008 2312 3076 Sedis
2341 3009 2538 3076 bene·

230 3115 580 3204 placitum.
630 3111 755 3181 Sed
780 3111 973 3202 plane
1002 3118 1239 3179 erraret
1277 3112 1392 3200 qui
1427 3111 1742 3202 Episcopo
1784 3112 2094 3180 tribueret
2135 3119 2532 3204 potestatem,

230 3219 478 3308 absque
522 3218 787 3286 obtenta
824 3240 862 3284 a
901 3216 1175 3285 Summo
1215 3218 1524 3285 Pontifice
1571 3219 1894 3305 facultate,
1945 3225 2008 3285 et
2043 3241 2198 3287 cum
2245 3220 2380 3288 solo
2426 3244 2533 3290 ca-

229 3324 420 3414 pituli
466 3345 819 3407 consensu,
851 3323 1177 3392 alienandi
1214 3324 1386 3391 bona
1414 3324 1865 3393 ecclesiastica.
1914 3325 2100 3393 Extat
2143 3329 2322 3395 enim
2366 3329 2537 3396 inter

231 3432 785 3521 Extravaqantes
838 3451 1209 3497 communes
1255 3429 1588 3498 decretalis
1634 3431 2024 3499 Ambitiosa>
2078 3455 2279 3521 quam
2334 3433 2537 3501 edidit

232 3531 468 3603 Paulus
495 3535 681 3626 Papa
709 3534 788 3618 ll,
816 3540 993 3602 'anno
1030 3535 1226 3616 1468,
1258 3536 1329 3602 in
1363 3559 1492 3625 qua
1518 3539 1788 3605 omnino
1817 3540 2117 3607 statuitur
2146 3538 2533 3629 beneplaciti

232 3643 599 3735 Apostolici
622 3642 1001 3709 necessitas:
1038 3642 1350 3708 Omnium
1381 3665 1605 3709 rerum
1636 3656 1700 3710 et
1728 3645 2048 3711 bonorum
2077 3643 2540 3712 ecclesiastico·

227 3769 375 3817 rum
406 3749 933 3835 alienationem,
971 3769 1286 3835 omneque
1310 3759 1595 3837 pactum
1634 3757 1755 3838 per
1783 3749 1960 3838 quod
1996 3750 2292 3840 ipsorum
2330 3744 2537 3813 domi-

224 3875 410 3923 mum
455 3855 958 3945 transfertur...
1002 3853 1127 3919 hac
1158 3862 1479 3943 perpetuo
1514 3853 1809 3921 valitura
1851 3854 2316 3921 constitutione
2355 3873 2536 3942 prce-

223 3963 394 4029 senti
430 3962 608 4052 fieri
634 3960 1138 4052 prohibemuS...
1188 3959 1272 4026 Si
1315 3959 1459 4050 quis
1503 3972 1729 4028 autem
1772 3971 2010 4028 contra
2049 3958 2249 4046 hujus
2294 3972 2537 4030 nostrae

228 4067 717 4154 prohibitionis
740 4066 967 4134 seriem
986 4065 1066 4134 de
1092 4065 1276 4133 bonis
1300 4078 1363 4134 et
1386 4066 1578 4133 rebus
1601 4064 1838 4133 eisdem
1863 4062 2228 4152 quidquam
2246 4066 2540 4135 alienare

226 4174 771 4266 proesumpserit,
823 4173 1172 4259 alienatiO,
1226 4171 1626 4262 hypotheca,
1685 4166 2022 4246 concessio,
2070 4167 2335 4259 locatio,
2391 4192 2542 4239 con-

232 4276 460 4347 ductio
493 4292 565 4347 et
592 4280 964 4369 infeudatio
994 4276 1378 4369 hujusmodi
1412 4274 1664 4343 nullius
1697 4274 1968 4342 omnino
1998 4274 2135 4343 sint
2164 4276 2415 4344 roboris
2444 4268 2547 4335 vel

231 4387 593 4455 momenti.
649 4389 742 4453 Et
796 4398 937 4455 tam
983 4385 1101 4474 qui
1148 4384 1428 4465 alienat,
1477 4402 1676 4469 quam
1718 4380 1775 4447 is
1813 4381 1928 4470 qui
1970 4381 2302 4449 alienatas
2343 4395 2441 4440 res
2478 4380 2543 4436 et
