2930 4982
371 369 392 422 1
414 366 492 422 50
1351 371 1692 418 1111611105

1464 634 1570 712 §2

748 825 1164 866 DETERMINATUR
1198 825 1287 865 ms
1326 825 1589 864 COMMUNE
1628 824 1807 871 QUOAD
1847 825 2278 864 DISTRIBUTIONES

455 1018 684 1086 Totam
711 1016 893 1085 illam
938 1016 1273 1085 materiam
1313 1015 1392 1083 de
1435 1015 2010 1084 distributionibus
2037 1016 2130 1084 sic
2159 1015 2438 1084 breviter
2462 1041 2667 1108 expo-

365 1123 494 1193 suit
530 1124 870 1193 Monacelli
901 1124 1018 1212 (tit.
1059 1124 1128 1203 2,
1165 1123 1440 1191 formula
1470 1124 1538 1206 6,
1571 1123 1785 1190 adnot.
1831 1122 1872 1189 8
1902 1127 1964 1190 61
2005 1123 2162 1212 seq.)
2197 1146 2214 1190 ε
2257 1121 2411 1190 «De
2452 1124 2669 1191 distri-

374 1256 408 1294 «
440 1229 821 1298 butionibus
869 1229 1008 1296 haec
1047 1250 1256 1319 pauca
1308 1250 1454 1318 quae
1498 1233 1862 1316 sequuntur
1912 1232 2086 1294 nota.
2134 1228 2196 1294 10
2233 1226 2479 1308 «Quod
2526 1235 2669 1298 taxa

372 1358 554 1426 «pro
605 1334 1173 1403 distributionibus
1223 1332 1691 1402 constituendis
1738 1333 1929 1400 debet
1977 1356 2113 1402 esse
2147 1334 2217 1401 in
2258 1335 2446 1402 tertia
2489 1342 2669 1426 parte

373 1441 774 1509 «fructuum
820 1439 1344 1531 praebendarum,
1384 1439 1465 1507 ad
1509 1439 1785 1506 formam
1832 1439 2270 1530 praescriptam
2307 1461 2345 1506 a
2390 1440 2669 1509 concilio

373 1571 409 1612 «
440 1544 820 1614 Tridentino
855 1548 1033 1635 (sess.
1080 1544 1185 1631 12,
1215 1567 1272 1613 6.
1309 1544 1413 1636 3);
1449 1551 1513 1613 61
1536 1544 1821 1613 decisum
1850 1566 1888 1611 a
1916 1543 2113 1613 Sacra
2154 1544 2670 1634 Congregatione

374 1676 413 1718 α
443 1652 703 1721 concilii
740 1652 832 1741 (in
862 1652 1246 1738 Albanensi,
1282 1652 1325 1719 9
1362 1652 1721 1720 decembris
1753 1651 1977 1742 1690).
2005 1651 2164 1731 Quae
2201 1652 2382 1719 tertia
2407 1674 2577 1742 parS,
2612 1655 2671 1722 si

373 1782 409 1824 «
435 1780 569 1826 non
612 1760 787 1827 adest
825 1759 1004 1826 aliud
1042 1761 1621 1848 assignamentum,
1653 1779 1863 1848 neque
1894 1758 2021 1826 alia
2053 1759 2168 1826 dos
2210 1780 2328 1850 pro
2358 1757 2672 1827 distribu-

373 1888 409 1930 «
434 1863 746 1949 tionibuS,
780 1865 969 1933 debet
1004 1865 1292 1933 effective
1322 1865 1605 1955 separari
1632 1872 1695 1933 et
1723 1866 1985 1957 deponi,
2024 1870 2100 1932 ut
2132 1865 2357 1933 eadem
2387 1864 2670 1955 Congre-

371 1995 406 2034 «
437 1972 610 2059 gatio
638 1962 970 2061 respondit
1005 1969 1101 2061 (in
1124 1970 1557 2061 Aquipendii,
1587 1971 1674 2039 29
1703 1971 2077 2040 novembris
2103 1971 2304 2050 1692,
2331 1976 2392 2038 61
2420 1971 2490 2038 in
2515 1972 2673 2040 civi-

372 2100 407 2140 «
433 2078 581 2145 tatis
605 2077 917 2162 Castellae,
946 2079 988 2146 5
1019 2078 1175 2145 maii
1208 2077 1429 2169 1696).

453 2182 523 2250 20
569 2183 816 2265 «Quod
854 2185 1343 2254 distributiones
1386 2186 1625 2255 debent
1663 2185 1870 2254 dividi
1902 2192 1963 2255 et
1990 2187 2230 2254 lucrari
2265 2189 2345 2255 ad
2375 2189 2671 2278 praescri-

371 2314 407 2355 «
439 2294 625 2380 ptum
667 2291 959 2380 ejusdem
999 2292 1225 2382 capitis
1271 2292 1445 2360 tertii
1478 2290 1798 2381 (sessionis
1842 2292 1921 2360 12
1948 2292 2210 2362 concilii
2246 2291 2665 2384 Tridentini),

374 2418 409 2459 «
439 2415 569 2461 non
608 2384 900 2465 obstante
930 2404 1188 2481 statutO,
1223 2398 1693 2467 consuetudine
1721 2405 1834 2468 aut
1870 2401 2166 2490 pactione
2211 2404 2531 2469 contraria
2564 2424 2670 2494 ca·

375 2526 407 2566 «
437 2503 852 2591 nonicorum,
885 2504 1000 2592 qui
1027 2504 1172 2571 illas
1198 2504 1325 2571 sibi
1357 2504 1640 2572 invicem
1670 2507 2022 2593 remittere,
2059 2507 2303 2590 cedere,
2327 2512 2389 2573 et
2418 2509 2671 2577 condo-

374 2636 407 2675 «
435 2630 592 2677 nare
621 2630 753 2678 non
778 2615 1068 2700 possunt.
1102 2608 1194 2677 lta
1223 2608 1415 2677 Sacra
1453 2609 1886 2700 Congregatio
1914 2612 2178 2679 concilii
2210 2611 2299 2702 (in
2324 2611 2667 2701 Gienensi,

369 2741 405 2780 «
437 2716 524 2783 24
549 2717 795 2807 apriliS,
820 2720 884 2783 et
911 2716 982 2783 in
1010 2715 1478 2803 Avenionensi,
1511 2717 1598 2785 25
1628 2718 2009 2808 septembris
2043 2717 2272 2804 1700).
2299 2791 2302 2792 ⁷

459 2821 526 2891 30
585 2847 621 2888 ((
676 2822 862 2904 Quod
917 2811 1402 2891 distributiones
1465 2844 1503 2891 a
1561 2825 1895 2892 canonicis
1956 2824 2331 2892 absentibus
2387 2824 2667 2907 amissae,

375 2929 943 2998 «inservientibus
993 2934 1394 3016 accrescunt,
1436 2930 1596 2999 adeo
1638 2938 1711 2999 01
1756 2931 1838 2999 ab
1887 2932 2203 3022 Episcopo
2239 2952 2374 2999 non
2423 2934 2674 3023 possint

375 3059 407 3098 «
439 3035 751 3124 applicari
777 3037 1063 3119 fabricae,
1086 3035 1416 3121 sacristiae,
1445 3038 1669 3106 aliisve
1693 3037 1947 3125 usibuS,
1967 3027 2053 3104 ¹ut
2075 3038 2144 3104 in
2175 3038 2346 3106 dicto
2388 3041 2601 3130 capite
2630 3040 2668 3110 3

374 3166 407 3205 «
439 3140 760 3231 (sessionis
819 3142 900 3207 12
948 3141 1338 3232 Tridentini)
1387 3144 1709 3227 statuitur,
1761 3150 1823 3211 et
1867 3166 2031 3235 saepe
2080 3144 2426 3213 declaravit
2474 3145 2671 3215 Sacra

378 3246 872 3338 «Congregatio
902 3247 1186 3331 concilii,
1231 3270 1306 3316 ac
1337 3270 1546 3339 nuper
1582 3251 1677 3341 (in
1706 3249 1776 3319 S.
1806 3249 2123 3333 Severini,
2160 3251 2242 3318 16
2263 3252 2419 3342 julii
2462 3253 2663 3340 1695,

377 3374 412 3414 «
453 3355 516 3419 et
554 3352 623 3417 in
654 3352 1071 3438 Cathacensi,
1118 3353 1201 3420 18
1232 3354 1387 3443 julii
1419 3355 1617 3424 1699.
1652 3389 1733 3408 -ι-
1768 3355 1964 3447 Apud
1999 3354 2368 3486 Nicolium
2351 3380 2418 3425 1n
2442 3356 2660 3428 Flosc.

370 3481 407 3521 ε(
436 3455 615 3525 verb.
649 3457 1188 3544 DistributioneS,
1224 3482 1294 3527 n.
1331 3460 1423 3550 6).

454 3565 522 3633 40
562 3590 596 3629 ((
627 3563 813 3644 Quod
849 3564 1335 3633 distributiones
1383 3566 1634 3633 amissae
1663 3589 1699 3634 a
1729 3569 2154 3657 dignitatibus
2195 3576 2258 3638 61
2297 3570 2666 3661 personati-

371 3702 404 3737 «
433 3673 557 3756 bus
602 3670 687 3739 ob
725 3691 857 3736 non
900 3670 1411 3738 interessentiam
1456 3671 1693 3741 divinis
1734 3674 1984 3759 officiiS,
2015 3679 2254 3746 cedunt
2295 3678 2567 3745 arbitrio
2607 3682 2669 3745 et
2701 3757 2704 3758 ⁷

369 3803 405 3842 «
433 3776 841 3868 dispositioni
864 3774 1188 3867 Episcopi,
1215 3797 1334 3844 1166
1357 3799 1514 3845 cum
1534 3778 1676 3847 aliis
1699 3782 2165 3851 canonicorum
2191 3781 2668 3852 distributioni-

370 3905 402 3942 «
431 3881 558 3948 bus
594 3881 1006 3950 commisceri
1052 3881 1307 3949 valeant
1355 3882 1661 3971 (Barbosa
1712 3884 1780 3951 in
1811 3908 1893 3954 ¹c.
1943 3886 2008 3971 3,
2060 3910 2214 3957 5655.
2267 3889 2353 3955 22
2401 3889 2669 3958 concilii

368 4010 401 4047 «
431 3984 608 4051 Trid.
664 3993 868 4054 -et
936 3986 1133 4056 Sacra
1192 3983 1620 4075 Congregatio
1678 3990 1942 4058 concilii
1993 3992 2064 4059 in
2141 3994 2661 4085 Cephaludensi,

366 4113 403 4154 «
438 4089 479 4157 6
505 4090 723 4157 martii
754 4091 960 4183 1694)
968 4119 987 4179 3
1012 4091 1367 4161 dummodo
1397 4096 1613 4161 tamen
1641 4096 1826 4163 tertia
1853 4120 2002 4187 pars
2028 4098 2362 4169 fructuum
2387 4122 2668 4169 earum-

369 4196 576 4263 «dem
622 4196 1121 4284 praebendarum
1167 4198 1528 4289 reperiatur
1570 4223 1690 4291 pro
1734 4202 2300 4294 distributionibus
2342 4213 2662 4297 separata,

371 4303 585 4371 «alias
627 4322 846 4385 secus;
893 4307 967 4368 ut
1011 4303 1354 4391 distinguit
1389 4305 1681 4375 Nicolius
1720 4307 1812 4399 (in
1851 4309 2064 4379 Flosc.
2094 4314 2291 4381 verbo
2330 4313 2664 4381 Distribu-

371 4434 404 4472 «
441 4410 666 4494 tiones,
698 4430 766 4477 n.
798 4409 889 4500 6).
919 4406 1108 4476 Το116
1128 4408 1304 4476 enim
1329 4414 1655 4499 portiones
1685 4414 2075 4505 dignitatum
2103 4424 2165 4488 et
2188 4426 2663 4511 personatuum
