2930 4982
434 417 506 473 21
524 418 559 472 θ
1067 400 1072 407 ’
1404 418 1746 467 TRACTATUS

517 544 796 613 Effectus
836 549 1052 613 autem
1099 564 1176 612 ex
1220 540 1334 609 tali
1390 546 1580 634 pacto
1629 543 1965 629 sequentes
1997 539 2090 607 sic
2115 546 2454 608 enumerat
2482 538 2722 608 ibidem

452 652 727 721 audatus
755 649 1246 720 Scarfantonius
1276 669 1294 714 ε

521 783 557 823 «
586 757 853 826 Primus
898 755 1160 823 effectus
1209 752 1397 820 dictae
1446 748 1783 818 divisionis
1835 754 1965 839 est,
2011 750 2185 840 quod
2234 749 2539 819 translato
2572 749 2725 842 Epi·

433 889 470 930 «
498 884 691 954 scopo
734 862 813 930 de
854 881 990 927 uno
1035 858 1116 927 ad
1158 857 1364 925 aliurn
1419 856 1891 947 episcopatum,
1925 856 2142 924 statim
2187 855 2261 923 fit
2309 854 2724 926 consolidatio

435 994 471 1034 «
500 968 692 1036 totius
715 965 886 1056 juris
912 963 1287 1033 conferendi
1309 962 1379 1029 in
1399 960 1719 1053 capitu10,
1747 961 1942 1030 etiam
1968 965 2115 1030 ante
2139 962 2434 1030 notitiam
2457 963 2724 1031 transla-

435 1075 692 1142 «tionis
739 1073 920 1141 factae
963 1073 1033 1140 in
1063 1069 1477 1148 consistorio;
1513 1069 1601 1137 ita
1628 1075 1706 1136 ut
1732 1067 1987 1136 collatio
2012 1074 2154 1159 post
2181 1069 2422 1137 dictam
2452 1068 2724 1138 transla-

434 1181 741 1249 «tionem
780 1179 944 1247 facta
982 1179 1065 1246 ab
1105 1176 1448 1267 Episcopo,
1494 1175 1604 1243 sed
1647 1181 1863 1242 tamen
1919 1179 2066 1243 ante
2115 1175 2407 1266 ejusdem
2453 1177 2722 1245 transla-

432 1315 468 1356 «
494 1288 691 1356 tionis
714 1286 1015 1370 notitiam
1039 1283 1356 1362 habitam,
1377 1302 1511 1350 non
1532 1287 1874 1351 consumat
1890 1286 2192 1371 turnum,
2207 1305 2322 1350 nec
2344 1283 2723 1374 praejudicet

432 1419 465 1460 «
493 1394 811 1484 Episcopo
872 1390 1257 1469 successori;
1312 1389 1455 1478 qui,
1502 1410 1638 1456 non
1686 1389 1977 1457 obstante
2025 1389 2331 1480 praedicta
2382 1388 2718 1458 collatione

429 1525 465 1567 «
492 1499 659 1567 facta
685 1497 764 1565 de
791 1502 1080 1587 tempore
1101 1517 1232 1584 quo
1262 1494 1342 1562 ad
1363 1493 1730 1585 capitulum
1749 1517 1825 1563 ex
1844 1494 2017 1563 dicto
2029 1497 2181 1587 jure
2197 1494 2717 1564 consolidationis

428 1631 465 1673 «
491 1603 840 1696 spectabat,
871 1607 933 1670 et
961 1602 1145 1669 illam
1182 1599 1464 1689 neglexit
1507 1601 1845 1690 perficere,
1877 1599 2067 1667 debet
2093 1598 2421 1687 conferre3
2455 1605 2531 1666 ut
2567 1601 2716 1667 arti-

427 1737 463 1778 «
490 1710 641 1780 culo
666 1714 919 1777 mature
964 1707 1252 1774 discusso
1289 1706 1574 1774 firmavit
1605 1705 1767 1774 Rota
1819 1705 1914 1797 (in
1943 1705 2346 1796 Segobiensi,
2386 1705 2461 1773 11
2499 1706 2715 1797 aprilis

428 1843 462 1884 «
493 1816 717 1905 1704).
753 1813 831 1881 Et
867 1813 1032 1881 ratio
1061 1812 1553 1903 praemissorum
1591 1812 1662 1879 in
1706 1835 1780 1880 eo
1819 1813 2111 1881 consistit
2137 1814 2310 1902 quod
2339 1813 2560 1881 statim
2586 1817 2717 1904 post

426 1920 973 1989 «translationem
1026 1918 1355 2009 Episcopi,
1424 1918 1605 2008 prior
1652 1918 1925 1987 ecclesia
1979 1923 2276 1987 remanet
2323 1916 2612 2005 viduata,
2667 1918 2716 1984 et

429 2053 463 2093 «
492 2027 776 2095 resoluto
807 2025 1080 2096 vinculo
1110 2046 1242 2114 quo
1269 2023 1631 2116 Episcopus
1673 2025 1905 2116 primae
1952 2024 2255 2092 Ecclesiae
2307 2023 2711 2113 alligabatur,

427 2159 463 2200 «
486 2138 780 2202 remanet
795 2132 1110 2221 alligatus
1139 2132 1465 2218 secundae,
1496 2131 1647 2199 licet
1671 2131 1915 2199 dictam
1940 2131 2428 2199 translationem
2454 2131 2716 2220 ignora-

425 2266 463 2307 «
491 2241 658 2308 verit
675 2238 796 2330 (ibi
814 2237 1073 2306 multas
1093 2237 1535 2306 auctoritates
1559 2236 1732 2304 citat
1759 2236 2303 2328 Scarfantom'us,
2328 2236 2506 2305 inter
2531 2260 2712 2328 quas,

424 2370 462 2412 ε(
494 2346 885 2425 Barbosam,
919 2343 1011 2413 De
1041 2349 1347 2435 potestate
1373 2345 1572 2434 episc.
1604 2343 1816 2434 alleq.
1853 2344 1921 2432 5,
1961 2367 2032 2412 n.
2067 2344 2179 2428 92,
2208 2355 2399 2435 part.
2439 2344 2502 2434 3)
2522 2371 2541 2431 ;
2577 2344 2716 2434 quia

425 2476 464 2518 «
488 2451 615 2521 hoc
633 2456 935 2543 operatur
963 2451 1413 2542 praeconisatio
1436 2449 1603 2519 facta
1624 2450 1694 2519 in
1717 2451 2099 2521 consistorio
2120 2451 2339 2544 (decis.
2362 2449 2541 2520 Rotae
2565 2449 2713 2533 475,

421 2582 463 2624 «
495 2562 659 2648 part.
693 2558 718 2625 1
747 2556 1044 2647 recent.).
1083 2557 1287 2627 Sicuti
1307 2543 1505 2626 etiam
1530 2557 1584 2626 si
1607 2557 1970 2650 Episcopus
1997 2558 2070 2626 in
2100 2557 2320 2627 eodem
2343 2557 2717 2625 consistorio

421 2686 467 2728 1«
498 2662 827 2753 depositus
864 2661 1122 2749 fuisset3
1175 2683 1330 2730 cum
1371 2662 1573 2730 etiam
1618 2667 1766 2730 ante
1808 2664 2110 2732 notitiam
2162 2662 2578 2753 depositionis
2629 2683 2716 2730 re-

428 2788 467 2831 «
496 2773 755 2833 maneat
779 2765 1043 2833 irritum
1086 2766 1409 2856 quidquid
1458 2788 1576 2857 per
1602 2788 1756 2835 eum
1786 2772 2042 2856 gestum
2070 2767 2287 2835 fuerit.
2322 2766 2402 2834 Et
2427 2766 2714 2856 quamvis

433 2895 469 2937 α
497 2878 644 2940 ante
699 2871 998 2941 notitiam
1057 2872 1497 2941 translationis
1551 2895 1754 2963 quam
1817 2874 2026 2943 solent
2070 2873 2376 2964 Episcopi
2436 2870 2713 2941 translati

434 3003 467 3042 «
493 2978 732 3047 habere
757 3001 872 3070 per
896 2978 1136 3047 litteras
1158 2980 1480 3048 secretarii
1507 2980 1671 3048 sacri
1694 2979 1972 3070 collegii,
1996 2979 2099 3047 vel
2119 3002 2233 3070 per
2261 2979 2459 3048 aliam
2484 2985 2713 3048 certam

434 3109 470 3151 «
497 3084 863 3172 scientiam,
911 3087 1158 3176 possint
1179 3085 1381 3154 iidem
1406 3108 1700 3155 exercere
1726 3107 1800 3155 ea
1828 3108 1975 3175 quae
1997 3087 2322 3177 pertinent
2345 3087 2427 3155 ad
2457 3086 2711 3155 ordina-

434 3216 469 3255 «
490 3192 660 3259 riam
691 3190 1235 3280 jurisdictionem,
1270 3191 1706 3260 nihilominus
1750 3212 1906 3259 cum
1951 3190 2422 3284 beneficiorum
2467 3190 2706 3261 collatio

439 3318 474 3358 «
495 3316 628 3362 non
644 3294 725 3362 sit
742 3296 820 3364 de
835 3296 1471 3387 jurisdictionalibus
1491 3296 1590 3389 (1),
1605 3297 1714 3365 sed
1737 3303 2245 3366 connumeretur
2262 3298 2435 3366 inter
2445 3298 2702 3380 fructuS‚

441 3401 645 3468 «ideo
683 3423 816 3469 non
853 3407 1059 3493 potest
1091 3404 1415 3495 pertinere
1453 3405 1536 3472 ad
1573 3402 1971 3494 Episcopum
2025 3410 2167 3495 post
2207 3404 2701 3474 translationem.

530 3532 563 3571 «
590 3504 936 3577 Secundus
976 3508 1236 3577 effectus
1280 3508 1602 3577 resultans
1645 3530 1682 3576 a
1718 3508 2034 3577 divisione
2080 3511 2487 3580 simultaneae
2530 3510 2708 3579 colla-

440 3638 476 3681 «
503 3613 698 3683 tionis
723 3636 846 3705 per
866 3615 1143 3684 alternas
1161 3617 1357 3697 vices,
1393 3621 1488 3684 est
1525 3614 1699 3705 quod
1729 3613 1983 3683 collatio
2007 3615 2175 3685 facta
2211 3618 2294 3686 ab
2328 3619 2625 3688 existente
2641 3617 2709 3684 in

438 3729 717 3807 «turno,
745 3728 1079 3814 reputatur
1107 3744 1181 3790 ac
1209 3722 1372 3790 siah
1398 3726 1678 3812 utroque
1696 3721 1943 3812 expleta
1965 3722 2210 3791 fuisset.

532 3854 567 3895 «
600 3829 852 3898 Tertius
874 3829 1133 3898 effectus
1161 3834 1275 3910 est,
1305 3829 1480 3919 quod
1510 3829 1620 3896 ille
1643 3827 1761 3918 qui
1791 3829 1983 3895 estin
2012 3832 2237 3917 turno,
2278 3829 2519 3898 dicitur
2538 3828 2713 3896 abso-

440 3957 477 3998 «
505 3932 683 4002 lutus
705 3936 1009 4004 dominus
1038 3941 1100 4002 et
1129 3936 1304 4002 solus
1324 3936 1618 4021 collator,
1648 3955 1804 4002 cum
1840 3933 1909 4001 in
1942 3955 2017 4002 eo
2046 3936 2433 4005 translatum
2468 3936 2716 4004 dicatur

442 4061 478 4102 «
506 4045 715 4107 totum
738 4042 847 4130 jus
872 4040 1270 4111 conferendi.

536 4169 571 4208 «
604 4147 980 4227 Quartus...
1008 4148 1203 4217 altero
1226 4146 1587 4231 deficiente,
1610 4146 1863 4215 collatio
1885 4147 2162 4238 pertinet
2179 4147 2260 4216 ad
2282 4148 2709 4240 superstitem,

446 4276 483 4318 «
509 4273 583 4319 ac
605 4256 937 4342 propterea
961 4255 1211 4322 etiamsi
1234 4253 1480 4323 vacatio
1505 4251 1805 4323 succedat
1826 4252 1896 4321 in
1928 4258 2123 4323 turno
2150 4253 2477 4346 Episcopi,
2504 4252 2718 4322 adhuc

430 4488 462 4538 b
496 4413 560 4538 (ὲ)
597 4409 692 4460 Pro
719 4423 820 4473 quo
848 4413 971 4462 citat
995 4410 1369 4466 Scarfantonius
1399 4414 1574 4478 plures
1605 4416 1910 4477 ammistae,
1934 4417 2069 4466 inter
2098 4427 2228 4479 quos
2258 4416 2513 4468 Lotterum
2535 4415 2589 4462 et
2617 4411 2717 4463 Re·

465 4502 498 4538 U
542 4503 643 4538 um.
