2930 4982
1181 345 1263 390 ΒΕ
1311 345 1643 393 cunnus.
2485 339 2565 396 69

278 488 309 526 «
334 459 643 528 beneficii
674 459 850 549 quod
872 461 1023 547 quis
1041 460 1114 527 in
1140 462 1409 530 titulum
1432 471 1738 556 perpetuo
1752 464 2021 533 obtinet.
2054 463 2268 545 Quare
2290 465 2571 535 vicarius

279 567 671 658 «Episcopi,
704 569 818 655 qui
868 567 1061 635 habet
1097 569 1650 658 jurisdictionem.
1697 593 1830 639 non
1877 570 2071 639 habet
2104 578 2438 661 propterea
2466 572 2571 641 di-

279 701 309 740 «
334 675 673 762 gnitatem.
717 672 964 740 Verum
1015 676 1402 765 quandoque
1435 676 1730 745 officium
1769 677 2038 767 simplex
2076 698 2230 744 cum
2264 684 2570 767 perpetua

277 801 558 846 «rerum
604 778 1180 863 administratione,
1222 781 1507 871 dignitas
1558 782 1942 872 appellatur,
1997 781 2359 849 secundum
2409 804 2569 849 con-

276 910 306 950 «
331 884 748 953 suetudinem
793 885 1234 974 ecclesiarum,
1282 888 1582 976 quamvis
1619 888 1697 956 de
1738 889 1891 975 jure
1919 886 2252 954 communi
2287 886 2571 975 dignitas

275 1013 463 1059 «non
498 991 772 1073 dicatur,
812 997 886 1057 ut
914 999 1063 1059 sunt
1111 994 1524 1062 thesaurariae
1583 992 1804 1076 ltaliae,
1840 994 1918 1060 de
1965 992 2204 1081 quibus
2249 992 2438 1059 infra.
2491 992 2569 1060 Et

274 1119 304 1159 «
329 1095 635 1184 quamvis
654 1096 847 1164 hodie
872 1098 1100 1165 multis
1130 1100 1195 1165 in
1226 1100 1377 1167 locis
1407 1100 1747 1188 dignitates
1759 1098 2279 1187 jurisdictionem
2304 1120 2435 1165 non
2458 1098 2570 1166 ha-

271 1223 300 1262 «
325 1199 547 1285 beant,
606 1221 739 1267 non
771 1209 1101 1292 propterea
1150 1204 1422 1271 minime
1450 1211 1544 1272 est
1586 1203 1866 1293 dignitas
1898 1225 2043 1293 quoe
2076 1205 2155 1272 de
2196 1205 2347 1293 jure
2393 1224 2569 1271 com-

270 1329 304 1369 «
332 1308 525 1374 muni
573 1306 852 1396 dignitas
903 1311 1305 1379 nominatur.

355 1440 387 1476 «
414 1417 827 1482 Personatus
854 1423 1072 1483 autem
1110 1424 1204 1484 est
1231 1418 1535 1505 quaedam
1568 1416 1998 1508 praerogativa
2040 1415 2109 1481 in
2136 1415 2397 1483 ecclesia
2428 1424 2567 1505 post

269 1544 301 1583 «
325 1520 669 1587 existentes
708 1523 773 1587 in
806 1522 1142 1610 dignitate,
1191 1525 1362 1591 sicut
1390 1522 1629 1590 habere
1662 1525 1878 1591 locum
1919 1521 2465 1589 honorabiliorem
2497 1521 2568 1589 in

266 1649 299 1688 «
324 1626 554 1706 choro,
603 1632 664 1692 et
705 1627 995 1717 primum
1025 1628 1241 1695 locum
1275 1630 1341 1694 in
1378 1627 1902 1718 processionibus
1930 1634 1992 1694 et
2021 1625 2319 1717 capitulis
2363 1632 2426 1693 et
2450 1626 2571 1693 bu-

267 1754 298 1792 «
321 1731 643 1819 Jusmodi,
671 1754 865 1822 supra
893 1738 1151 1800 caeteros
1185 1733 1476 1823 ejusdem
1513 1731 1795 1821 collegii,
1851 1732 1960 1800 sed
1993 1733 2211 1799 minus
2238 1753 2437 1821 quam
2469 1732 2564 1800 illi

268 1861 302 1898 «
331 1839 447 1924 qui
480 1845 633 1905 sunt
667 1840 731 1905 in
766 1840 1078 1927 dignitate
1121 1838 1479 1906 constituti.
1516 1838 1629 1905 Est
1666 1845 1881 1906 tamen
1919 1837 2057 1925 sine
2091 1838 2304 1905 officio
2335 1839 2430 1905 vel
2459 1839 2567 1928 ju-

265 1966 298 2004 «
326 1943 724 2013 risdictione.
763 1945 911 2023 Etsi
935 1945 1325 2034 quandoque
1355 1945 1436 2011 sit
1459 1966 1698 2011 nomen
1736 1945 1929 2011 etiam
1956 1952 2325 2034 competens
2352 1946 2568 2032 digni-

261 2071 292 2111 «
322 2051 466 2132 tati,
498 2057 562 2117 et
590 2072 1070 2138 nonnunquam
1122 2051 1337 2117 officio
1373 2050 1741 2139 simplici...
1775 2048 1908 2117 Nec
1938 2072 2052 2139 per
2087 2050 2279 2117 istam
2309 2050 2565 2142 simpli·

260 2180 292 2218 «
323 2176 478 2221 cem
537 2160 1027 2246 praerogativam
1075 2178 1270 2245 quam
1321 2178 1519 2247 super
1567 2156 1723 2224 alios
1776 2157 1877 2223 sui
1920 2156 2165 2223 ordinis
2220 2159 2565 2225 canonicos

265 2286 299 2323 «
328 2262 569 2337 habet,
599 2263 838 2328 dicitur
868 2263 1107 2327 habere
1137 2263 1546 2349 dignitatem,
1574 2265 1724 2349 quia
1767 2263 1898 2330 sola
1917 2262 2407 2353 praeeminentia
2434 2282 2565 2327 non

266 2389 306 2425 «
349 2363 549 2452 ponit
571 2386 768 2451 quem
807 2366 877 2431 in
903 2366 1238 2451 dignitate.

349 2496 389 2533 «
433 2468 757 2559 Officium
782 2491 934 2538 vero
953 2470 1224 2561 simplex
1247 2471 1315 2538 in
1340 2471 1610 2539 ecclesia
1638 2476 1733 2538 est
1758 2470 1916 2559 quid
1938 2471 2260 2541 diversum
2282 2496 2319 2542 a
2343 2474 2563 2563 digni-

260 2582 454 2643 «tate
488 2583 552 2641 et
582 2583 948 2665 personatu,
990 2584 1063 2644 ut
1107 2580 1437 2667 colligitur
1463 2602 1537 2647 ex
1569 2579 1774 2670 capite
1826 2578 2005 2660 Quia
2045 2601 2216 2668 soepe
2255 2588 2315 2647 et
2357 2581 2563 2671 capite

263 2708 293 2744 «
325 2682 516 2749 finali
537 2686 634 2750 De
660 2684 1034 2774 praebendis
1069 2687 1132 2752 in
1166 2698 1430 2753 sexte...
1481 2684 1789 2773 Officium
1825 2707 1955 2751 non
1991 2707 2125 2753 esse
2148 2685 2557 2773 dignitatem,

267 2813 297 2851 «
327 2788 586 2855 etiamsi
610 2790 871 2858 haberet
889 2794 1035 2880 quis
1051 2792 1295 2859 ratione
1315 2792 1517 2860 officii
1540 2791 2168 2859 administrationem
2189 2792 2561 2878 aliquarum

265 2915 555 2961 «rerum
595 2896 736 2962 sine
776 2904 995 2963 tamen
1043 2898 1259 2985 aliqua
1299 2902 1725 2987 praerogativa
1762 2899 1832 2965 in
1863 2899 2147 2987 capitulo
2189 2897 2362 2963 ultra
2404 2895 2559 2962 alios

268 3022 299 3060 ι(
328 2999 432 3066 sui
470 3000 720 3067 ordinis
740 3027 757 3087 3
795 3008 869 3067 ut
895 3008 989 3067 est
1025 3004 1396 3082 sacrista...,
1431 3023 1891 3068 oeconomus..
1925 3030 1943 3088 3
1978 3004 2233 3072 etiamsi
2272 3002 2391 3069 tale
2416 3001 2558 3069 orfi-

269 3130 298 3166 «
327 3106 506 3172 cium
540 3112 704 3173 esset
730 3113 1141 3195 perpetuum.
1191 3104 1442 3173 Verum
1476 3106 1737 3193 quando
1762 3105 1975 3173 officio
2011 3114 2171 3175 esset
2197 3131 2443 3176 annexa
2468 3108 2561 3175 di-

271 3234 301 3272 «
327 3211 568 3298 gnitaS,
621 3217 780 3279 tunc
807 3211 1099 3278 officium
1146 3210 1474 3279 diceretur
1518 3210 1752 3277 habere
1798 3210 2201 3299 dignitatem.
2238 3212 2413 3279 Idem
2440 3213 2560 3281 erit

274 3340 304 3377 «
331 3318 596 3405 quando
637 3318 710 3384 in
741 3319 955 3385 officio
984 3323 1387 3386 concurrunt
1415 3338 1489 3384 ea
1529 3317 1715 3405 signa
1753 3339 1828 3385 ex
1863 3317 2103 3406 quibus
2129 3318 2558 3410 ‘ecclesiastica

273 3424 614 3512 «dignitas
637 3423 1047 3507 discernitur,
1074 3426 1227 3513 quia
1253 3429 1412 3491 tunc
1444 3424 1881 3491 certissimum
1906 3431 2001 3491 est
2028 3426 2245 3492 stricta
2274 3424 2559 3516 appella-

274 3527 503 3595 «tione
527 3529 860 3618 dignitatis
887 3530 1103 3619 ipsum
1133 3551 1393 3618 quoque
1432 3530 1732 3597 officium
1774 3531 2117 3610 contineri,
2147 3533 2316 3598 sicut
2337 3538 2401 3597 et
2423 3532 2560 3618 ipse

271 3659 303 3697 «
329 3645 708 3724 personatus
737 3637 1123 3703 continetur.
1158 3662 1192 3700 »
1913 3719 1916 3724 Ἴ

345 3739 410 3806 2.
477 3740 648 3808 Hinc
704 3741 775 3807 in
827 3740 1044 3828 rigore
1091 3740 1523 3805 terminorum
1566 3725 2104 3806 concludendum*
2135 3744 2298 3805 esset
2332 3740 2473 3829 jam
2519 3763 2559 3810 a

271 3846 468 3913 multo
490 3854 777 3937 tempore
799 3866 981 3913 veras
1004 3844 1348 3934 dignitates
1377 3864 1510 3912 non
1550 3865 1683 3911 esse
1714 3865 1819 3911 eas
1845 3865 2091 3926 omneS,
2126 3867 2270 3935 quae
2300 3847 2421 3915 hoc
2446 3872 2559 3918 no-

273 3952 442 4020 mine
487 3956 560 4020 in
607 3953 1077 4021 cathedralibus
1122 3951 1610 4041 insigniuntur3
1647 3951 1971 4042 siquidem
2007 3954 2553 4027 archidiaconatus

271 4061 326 4121 et
349 4059 1036 4150 archipresbyteratuS,
1064 4058 1303 4146 quibus
1331 4059 1488 4127 olim
1514 4058 1918 4149 competebat
1928 4058 2290 4146 jurisdictio
2316 4063 2383 4129 in
2416 4066 2553 4132 foro

281 4169 559 4247 externo,
573 4165 711 4253 jam
738 4163 984 4231 nullam
1007 4164 1381 4253 hujusmodi
1394 4164 1914 4252 jurisdictionem
1942 4186 2256 4236 annexam
2287 4168 2549 4253 habent,

278 4285 390 4337 nec
410 4270 547 4337 ulla
571 4270 694 4336 alia
725 4275 817 4338 est
856 4292 1002 4359 quae
1030 4270 1212 4339 titulo
1240 4293 1357 4339 suo
1395 4292 1708 4337 annexam
1735 4271 1964 4337 habeat
1987 4273 2225 4344 dictam
2249 4275 2555 4360 jurisdic-

284 4370 546 4460 tionem3
590 4378 698 4444 sed
742 4377 914 4445 solus
957 4376 1310 4469 Episcopus
1355 4398 1468 4445 seu
1512 4361 1809 4466 praelatus
1848 4377 1974 4443 loci
2025 4378 2391 4444 ordinarius
2433 4374 2555 4436 hac
