2930 4982
413 390 437 443 1
456 386 536 442 80
1384 389 1726 436 TRACTATUS

415 540 447 578 «
481 514 670 581 modo
692 534 822 602 quo
843 513 1091 580 dictum
1115 515 1208 578 est
1226 509 1305 575 de
1326 506 1677 575 canonicis,
1696 531 1729 571 >2
1759 503 2225 595 (Ceccoperius,
2242 502 2404 570 ibid.
2420 553 2437 589 ,
2453 525 2518 568 n.
2551 501 2687 594 22.)

495 619 559 687 8.
593 647 626 684 «
655 618 723 687 Si
753 618 1113 709 Episcopus
1138 638 1268 683 non
1291 615 1373 682 sit
1393 614 1683 703 ejusdem
1712 611 1993 681 ecclesiae
2022 610 2396 692 canonicus,
2431 609 2615 674 nulla
2633 609 2687 675 ei

413 751 445 790 «
477 726 913 815 competitvox
938 724 1007 789 in
1025 721 1273 789 actibus
1304 720 1838 810 capitularibus.»
1873 717 2096 808 (idem,
2120 717 2316 802 ibid„
2339 738 2406 782 n.
2436 713 2579 806 35.)
2600 714 2685 807 (1)

489 831 554 899 9.
598 858 630 895 «
665 828 976 898 Canonici
1024 826 1319 917 suspensi
1368 831 1520 891 sunt
1552 824 1781 914 privati
1815 845 1970 891 voce
2004 823 2068 889 in
2096 821 2349 890 actibus
2376 821 2686 911 capitula-

409 962 444 1002 «
477 936 657 1003 ribus
664 984 798 1002 .....
838 933 1012 1000 Idem
1040 932 1332 1020 sequitur
1360 930 1438 996 de
1464 930 1796 997 canonicis
1839 928 2197 996 interdictis
2226 933 2337 994 aut
2365 927 2684 1015 irregula-

407 1063 441 1103 «
472 1039 678 1107 ribus,
710 1063 745 1103 >³

488 1144 593 1212 10.
639 1170 673 1208 «
699 1144 1006 1212 Canonici
1038 1141 1299 1230 majoris
1334 1139 2021 1208 excommunicationis
2052 1138 2315 1205 vinculo
2345 1137 2602 1224 irretiti,
2630 1138 2682 1205 si

397 1276 432 1317 «
461 1250 699 1318 fuerint
748 1249 1133 1325 denuntiati,
1172 1251 1285 1313 aut
1336 1244 1586 1336 publici
1640 1245 2029 1313 clericorum
2082 1265 2510 1335 percussoreS,
2569 1243 2682 1332 qui

398 1380 431 1418 «
463 1354 642 1421 nulla
670 1359 909 1443 queant
950 1352 1478 1440 tergiversatione
1520 1348 1740 1432 celari,
1773 1358 1927 1416 sunt
1956 1351 2138 1416 omni
2182 1370 2336 1416 voce
2369 1349 2674 1431 destituti,

394 1467 523 1527 «et
569 1482 699 1526 non
754 1464 1191 1526 convocantur
1227 1458 1307 1525 ad
1358 1456 1743 1547 capitulum.
1790 1442 1984 1536 ‘Quod
2013 1457 2066 1522 si
2128 1455 2282 1521 tales
2311 1453 2554 1520 fuerint
2602 1455 2678 1522 ad

395 1591 429 1630 «
457 1566 746 1632 dandum
774 1565 1160 1654 suffragium
1184 1562 1479 1645 admissi,
1514 1563 1827 1629 vitiantur
1854 1567 2033 1629 actus
2062 1560 2468 1652 capitulares.
2504 1584 2538 1623 »

479 1672 583 1739 11.
628 1699 660 1736 «
693 1672 903 1739 Immo
929 1670 1222 1739 canonici
1254 1691 1416 1758 quos
1446 1674 1693 1736 constat
1718 1669 1788 1734 in
1820 1671 2135 1755 maj0rem
2157 1667 2678 1734 excommunica-

385 1766 424 1841 «
457 1779 704 1845 tionem
746 1778 1073 1855 incidisse,
1105 1776 1407 1866 quamvis
1448 1796 1580 1842 nou
1631 1775 1760 1841 sint
1795 1774 2139 1864 publicati,
2197 1780 2307 1841 aut
2355 1771 2677 1839 manifesti

391 1909 424 1948 «
448 1883 836 1950 clericorum
881 1903 1309 1973 percussoreS,
1343 1880 1630 1971 capitulo
1658 1879 2132 1964 destituuntur;
2160 1900 2280 1945 nec
2310 1883 2483 1946 tenet
2511 1877 2677 1944 elec-

389 1990 540 2056 «tio
585 1989 661 2055 de
686 1990 791 2056 his
815 1989 1017 2070 facta3
1048 1993 1109 2056 et
1138 1993 1409 2078 possunt
1434 2010 1473 2054 a
1518 1988 1762 2054 caeteris
1798 1986 2265 2077 capitularibus
2317 1986 2565 2076 repelli,
2601 2007 2680 2053 ne

389 2093 697 2159 «intrent
735 2093 804 2159 in
855 2093 1215 2184 capitulum
1251 2116 1266 2160 t
1299 2096 1751 2159 verumtamen
1793 2112 1899 2158 eos
1930 2090 2336 2158 admittentes
2367 2111 2500 2156 non
2531 2110 2679 2178 pec-

387 2222 421 2262 «
448 2204 617 2281 cant,
651 2220 860 2287 neque
884 2205 1219 2290 eapropter
1253 2199 1335 2266 ab
1362 2198 1505 2266 aliis
1535 2205 1674 2265 acta
1701 2196 1881 2264 irrita
1919 2203 2257 2264 remanent
2288 2221 2302 2263 :
2335 2196 2472 2263 imo
2515 2196 2681 2263 valet

387 2329 422 2369 «
451 2307 592 2393 ejus
615 2327 744 2372 vox
772 2307 826 2372 si
872 2306 1061 2374 saciat
1090 2312 1162 2373 ut
1190 2328 1464 2396 persona
1495 2305 1776 2396 publica.
1819 2329 1853 2369 ³)
1982 2322 1983 2325 ’

471 2409 576 2474 12.
620 2434 652 2472 «
681 2409 1014 2489 Canonici,
1078 2412 1323 2478 minori
1375 2409 2042 2477 excommunicatione
2087 2408 2304 2499 palam
2356 2407 2675 2493 innodati,

389 2536 579 2581 «non
629 2522 935 2582 arcentur
964 2539 999 2583 a
1026 2518 1336 2607 capitulo,
1380 2539 1501 2583 nec
1525 2538 1560 2583 a
1593 2514 1896 2582 facultate
1930 2517 2306 2605 porrigendi
2336 2514 2671 2601 suffragia.

387 2646 421 2685 «
453 2619 791 2709 Siquidem
819 2622 1039 2687 minor
1064 2622 1653 2690 excommunicatio
1697 2621 1981 2688 excludit
2008 2645 2044 2689 a
2068 2621 2556 2712 participatione
2579 2642 2686 2687 sa-

390 2754 423 2793 «
458 2732 970 2806 oramentorum‚
995 2749 1187 2796 nona
1207 2729 1677 2797 communione
1702 2727 2019 2795 fidelium.
2047 2728 2188 2820 Ipse
2218 2735 2430 2795 tamen
2463 2729 2555 2794 sic
2577 2750 2684 2795 ex-

391 2862 426 2902 «
458 2834 976 2903 communicatus
1002 2856 1134 2902 non
1159 2841 1361 2926 potest
1384 2834 1562 2924 eligi.
1592 2858 1624 2897 »
1667 2833 2141 2925 (Ceccoperius‚
2176 2836 2317 2903 loco
2346 2832 2592 2923 citato.)

1319 3109 1608 3172 CAPUT
1661 3113 1748 3172 VI

468 3283 548 3325 AN
586 3282 860 3326 VlGARIUS
898 3280 1227 3326 GENERALIS
1269 3279 1558 3338 EPISCOH,
1613 3280 1748 3325 SIVE
1794 3277 2116 3324 CANONlcUS
2153 3277 2244 3322 SIT
2281 3277 2410 3322 SIVE
2454 3278 2596 3336 NON,

769 3387 1087 3431 INTERESSE
1125 3386 1319 3431 Possm·
1363 3386 1670 3445 CAPITULO,
1707 3387 1783 3429 ΕΤ
1814 3385 2007 3431 vocEM
2039 3384 2302 3429 HABEAT.

476 3552 774 3622 Vicarius
797 3552 1112 3641 generalis
1140 3551 1460 3641 Episcopi,
1493 3551 1754 3639 quando
1784 3558 1879 3619 est
1904 3552 2104 3619 simul
2121 3553 2502 3634 canonicuS,
2546 3577 2581 3616 «
2610 3553 2679 3620 in

396 3690 431 3728 «
454 3660 708 3731 casibus
759 3660 827 3725 in
861 3657 1103 3747 quibus
1135 3657 1461 3745 agendum
1493 3662 1585 3724 est
1612 3658 1684 3724 in
1724 3657 2006 3748 capitulo
2032 3659 2110 3725 de
2135 3680 2205 3725 re
2230 3662 2554 3747 spectante
2601 3656 2680 3724 ad

448 3822 467 3882 (
478 3824 513 3881 1)
546 3820 603 3868 ln
637 3820 823 3868 recenti
842 3818 1141 3867 concordato
1166 3816 1238 3867 Pii
1265 3818 1328 3867 lx
1357 3833 1476 3869 cum
1498 3819 1753 3883 Hispania,
1785 3821 1856 3869 ita
1883 3820 2181 3883 dispositum
2213 3818 2307 3868 fuit
2329 3820 2545 3868 articulo
2577 3822 2631 3868 14
2667 3837 2678 3865 :

391 3919 410 3944 α
449 3901 873 3962 Quotiescumque
899 3898 1118 3960 capitulo
1142 3900 1347 3960 praesint
1371 3899 1751 3961 (Archiepiscopi
1778 3903 1830 3947 et
1850 3900 2116 3962 Episcopi),
2138 3912 2312 3949 vocem
2341 3903 2393 3947 et
2422 3903 2608 3947 votum
2629 3900 2681 3947 in

388 3996 409 4023 α
446 3980 507 4026 iis
532 3976 765 4024 omnibus
798 3980 1008 4039 negotiis
1045 3976 1304 4025 habebunt
1338 3990 1450 4037 quae
1485 3990 1660 4026 eorum
1688 3990 1957 4039 personam
1981 3979 2170 4028 directe
2203 3992 2306 4027 non
2338 3977 2561 4026 afficiant
2573 3998 2587 4037 ς
2625 3990 2683 4026 ac

389 4072 410 4101 α
447 4056 689 4116 praeterea
714 4054 800 4103 ubi
820 4057 1153 4118 capitulorum
1186 4054 1422 4115 suffragia
1454 4058 1558 4104 sint
1588 4058 1744 4118 paria,
1773 4055 2000 4120 Episcopi
2029 4061 2203 4106 votum
2234 4069 2341 4105 rem
2365 4054 2593 4104 definiet.
2628 4055 2683 4103 ln

389 4153 411 4175 κ
450 4130 674 4195 qualibet
700 4144 1030 4193 personarum
1057 4134 1299 4184 electione
1323 4147 1414 4184 seu
1446 4137 1792 4184 nominatione
1821 4134 1886 4184 ad
1919 4135 2194 4198 capitulum
2221 4136 2501 4196 spectante,
2525 4135 2684 4195 prout

387 4231 410 4258 α
450 4210 751 4275 capitulares
773 4211 962 4262 fuerint
990 4215 1259 4278 sexdecim,
1289 4218 1462 4277 viginti
1488 4218 1580 4264 aut
1602 4209 1773 4279 supra,
1800 4217 1914 4274 tria,
1942 4217 2160 4277 quatuor
2190 4213 2272 4263 vel
2304 4214 2533 4274 quinque
2562 4216 2684 4261 vota

389 4313 411 4339 α
447 4291 651 4343 habebit
689 4290 977 4352 Episcopus.
1011 4292 1153 4352 Quod
1184 4298 1223 4342 si
1254 4295 1333 4343 hic
1371 4296 1592 4359 capitulo
1627 4298 1837 4345 minime
1873 4295 2038 4356 adsit,
2079 4295 2234 4356 aliqui
2275 4293 2336 4343 de
2362 4305 2455 4342 suo
2486 4293 2682 4353 gremio

386 4388 411 4416 ς
448 4372 676 4435 deputati
699 4368 841 4418 illum
867 4368 931 4417 ad
954 4374 1069 4419 vota
1089 4372 1373 4431 recipienda
1394 4376 1711 4423 convenient.
1748 4371 1988 4436 Episcopo
2009 4386 2112 4423 non
2131 4371 2448 4435 praesidente,
2475 4372 2683 4433 praeerit

386 4469 409 4498 ι
445 4454 681 4501 decanuS.
713 4469 738 4494 n
1930 4449 1935 4460 “
