2930 4982
1168 333 1247 378 nn
1296 331 1618 378 CAPITULIS.
2414 321 2541 378 495

252 457 512 541 tulares,
546 456 717 545 quod
758 453 931 522 idem
968 451 1090 519 erit
1118 473 1192 518 ac
1232 450 1493 517 nullum
1520 450 1867 518 constitui?
1901 450 2083 519 Unde
2107 472 2296 518 mens
2319 451 2454 542 ipsa
2482 459 2544 520 et

250 587 486 654 scopus
514 561 909 629 Tridentinae
933 559 1092 648 legis
1123 577 1269 646 quae
1308 556 1540 623 unitati
1574 554 1908 643 regiminis
1943 557 2282 624 consulere
2312 558 2538 645 voluit,

250 693 328 740 ac
356 670 567 738 solitas
607 668 967 734 multorum
1003 664 1503 732 deliberantium
1534 663 1872 730 scissiones
1910 685 2288 751 praecavere,
2324 662 2543 730 innuit

251 798 463 846 unum
491 779 743 841 tanturn
768 771 1173 861 eligendum,
1208 793 1324 838 nec
1352 791 1591 861 parum
1610 769 1831 835 firmat
1859 767 2076 836 allatas
2104 770 2532 859 probationes.

1332 1033 1447 1113 §3

248 1203 484 1250 QUAENAM
542 1202 744 1243 DEBEAT
787 1200 911 1240 ESSE
958 1200 1305 1240 CONSUETUDO
1362 1200 1431 1238 UT
1474 1198 1662 1237 LICEAT
1705 1196 1963 1236 CAPITULO
2014 1194 2213 1235 PLURES
2269 1197 2543 1241 DEPUTARE

1260 1297 1503 1336 VICARIOS

335 1468 684 1536 Affirmant
719 1467 1068 1557 Fagnanus
1091 1473 1154 1533 et
1194 1464 1561 1545 Cardinalis
1605 1464 1683 1530 de
1714 1461 1917 1545 Luca,
1961 1485 2114 1531 cum
2157 1487 2289 1534 non
2324 1468 2546 1556 paucis

245 1574 414 1659 aliis,
457 1576 989 1643 consuetudinem
1027 1572 1209 1639 illam
1240 1571 1470 1638 debere
1502 1592 1635 1637 esse
1670 1574 1734 1636 et
1760 1569 2019 1658 probari
2054 1572 2543 1642 immemorabi-

247 1681 397 1748 lem.
430 1681 500 1750 ld
522 1689 738 1748 tamen
765 1703 897 1747 non
911 1680 1167 1745 videtur
1194 1677 1379 1744 nobis
1405 1682 1683 1756 certum,
1720 1697 1876 1742 cum
1904 1676 1973 1742 in
1999 1677 2318 1748 decisione
2346 1701 2543 1770 supra

246 1785 439 1852 citata
485 1787 638 1853 anni
685 1786 855 1856 1639
896 1786 1231 1871 habeatur,
1274 1805 1406 1851 non
1450 1805 1585 1850 esse
1633 1782 1957 1850 sublatam
2001 1788 2539 1856 consuetudinem

228 1892 617 1981 praesertim
661 1892 1278 1960 immemorabilem.
1334 1890 1683 1959 Videretur
1731 1910 1884 1977 ergo
1927 1893 2141 1980 potius
2188 1895 2540 1985 dicendum

242 1997 540 2065 sufficere
584 1999 1121 2066 consuetudinem
1167 1995 1514 2063 ordinariis
1546 1995 1676 2062 illis
1707 1996 2191 2064 conditionibus
2212 1987 2532 2083 vestitam,

240 2123 393 2190 quae
421 2103 752 2170 sufficiunt
783 2105 862 2171 ad
894 2102 1420 2194 praecribendum
1460 2105 1687 2169 contra
1717 2100 1929 2191 legem
1964 2102 2096 2193 aliq
2122 2125 2262 2172 iam
2282 2105 2540 2173 univer-

242 2207 448 2273 salem
471 2206 801 2276 Ecclesiae.

242 2519 465 2566 QUANDO
505 2521 680 2561 EXTRA
712 2522 892 2561 CASUM
936 2520 1221 2561 LEGITIuAE-
1246 2513 1693 2573 CONSUETUDINIS,
1749 2521 2055 2562 CAPITULUM
2106 2524 2308 2563 PLURES
2358 2524 2536 2565 ELIGIT

313 2618 555 2658 VICARIOS
600 2611 987 2671 CAPITULARES,
1034 2619 1259 2658 ELECTIO
1303 2620 1414 2659 NON
1458 2620 1554 2657 EST
1605 2619 1825 2659 TANTUM
1877 2620 2127 2673 ILLICITA,
2171 2622 2273 2660 NEC
2317 2622 2537 2663 TANTUM

291 2706 567 2771 “INVALIDA
609 2710 786 2763 QUOAD
830 2695 1073 2779 CAETERQS
1110 2717 1327 2755 PRAETER
1371 2711 1582 2756 PRIMUM
1630 2718 1980 2769 NOMINATUM,
2031 2719 2126 2756 SED
2183 2719 2275 2757 EST
2323 2719 2534 2761 OMNINO

231 2851 234 2852 γ
309 2812 511 2865 IRRITA,
538 2814 626 2852 ITA
651 2798 725 2853 'U‘r
760 2814 901 2868 Tunc.
936 2814 1155 2852 ELECTIO
1176 2815 1249 2853 An
1269 2804 1763 2853 ‘METROPOLITANUM
1793 2814 2145 2855 DEVOLVATUR

325 2974 377 3043 l.
408 2976 689 3060 lddocet
710 2977 996 3064 Fer-raris
1020 2980 1327 3069 expressis
1353 2980 1679 3057 terminis,
1703 2985 1832 3047 tres
1854 2981 2142 3071 allegans
2179 2983 2535 3052 decisiones

234 3101 432 3151 sacrae
452 3082 987 3173 Congregationis
1011 3083 1481 3175 Episcoporum
1521 3091 1583 3151 et
1600 3085 2006 3174 regularium
2037 3109 2054 3153 z
2231 3175 2237 3180 ¹

254 3211 259 3214 ·
334 3188 803 3281 «Capitulum,
833 3190 1071 3280 inquit,
1117 3213 1248 3258 non
1280 3196 1486 3282 potest
1514 3191 1749 3281 eligere
1778 3192 1848 3259 in
1877 3193 2196 3261 vicarium
2223 3194 2535 3284 capitula-

245 3319 279 3362 α
305 3317 448 3362 rem
475 3296 602 3363 nisi
622 3317 834 3363 unum
863 3302 1151 3380 tantum;
1181 3301 1243 3363 et
1260 3297 1314 3363 si
1343 3296 1538 3385 eligat
1562 3298 1805 3386 plureS,
1835 3298 2061 3366 electio
2079 3299 2440 3367 devolvitur
2453 3300 2535 3368 ad

244 3427 281 3468 «
306 3401 899 3493 Metropolitanum.
929 3401 1126 3471 Sacra
1159 3403 1597 3492 congregatio
1634 3404 2138 3494 Episcoporum,
2195 3406 2265 3473 in
2295 3408 2532 3475 Cassa·

245 3508 519 3588 «nemi,
569 3509 611 3576 6
664 3508 948 3598 Augusti
979 3509 1183 3596 15693
1226 3512 1298 3576 in
1351 3508 1696 3592 Bobiensi,
1748 3510 1828 3577 12
1865 3510 2084 3579 martii
2116 3512 2330 3593 16073
2373 3514 2532 3581 etin

240 3636 279 3677 a<
315 3614 684 3681 Potentina
711 3667 730 3698 ,
780 3614 867 3683 30
902 3618 1158 3703 augusti
1185 3615 1346 3682 1641
1382 3639 1417 3678 ))
1452 3614 1669 3704 (verbo
1704 3615 2132 3705 Capitulum,
2157 3616 2429 3690 articulo
2460 3616 2528 3703 3,

203 3753 206 3756 ·
230 3738 303 3785 n.
325 3718 856 3810 40.)lterumhac
873 3721 952 3788 de
977 3743 1045 3788 re
1066 3722 1383 3788 disserens
1406 3721 1530 3788 sub
1553 3721 1752 3788 verbo
1785 3721 2084 3789 Vicarz'us
2107 3722 2525 3813 capitulariS,

231 3846 302 3892 n.
348 3825 457 3912 16,
504 3826 596 3893 sic
626 3826 819 3893 habet
857 3848 874 3889 t
923 3824 1362 3917 «Capitulum
1412 3847 1542 3893 non
1602 3830 1807 3916 potest
1841 3827 2079 3913 eligere
2111 3828 2181 3894 in
2208 3819 2528 3897 vicarium

239 3958 275 3999 α
303 3934 720 4024 capitularem
746 3932 873 3999 nisi
901 3954 1113 3999 unum
1138 3939 1387 4000 tantum
1414 3956 1430 4017 ;
1467 3938 1551 4018 et,
1578 3934 1632 4000 si
1657 3934 1854 4023 eligat
1878 3933 2120 4023 plures,
2174 3934 2397 4002 electio
2421 3935 2530 4003 de·

239 4062 275 4104 «
307 4039 591 4107 volvitur
626 4039 702 4105 ad
733 4037 1319 4130 Metropolitanum.
1358 4038 1424 4109 Si
1446 4045 1662 4108 tamen
1696 4041 1912 4130 plures
1939 4041 2294 4109 successive
2318 4042 2522 4130 eligit,

237 4172 271 4212 «
310 4148 526 4238 primo
549 4146 787 4214 electus
810 4148 996 4215 debet
1019 4147 1422 4230 continuare,
1457 4147 1814 4215 dummodo
1862 4147 2092 4214 habeat
2116 4149 2449 4237 requisita.
2479 4170 2514 4208 >³

316 4253 397 4322 ll.
434 4254 614 4321 Idem
660 4254 1184 4321 concludendum
1212 4255 1393 4322 venit
1431 4276 1505 4320 ex
1527 4256 1667 4344 ipso
1693 4257 1864 4320 textu
1894 4251 2301 4336 Tridentino,
2328 4269 2523 4340 quem

229 4358 374 4429 vide
404 4359 673 4429 citatum
695 4382 916 4454 supra,
945 4362 1151 4452 capite
1173 4360 1240 4429 6.
1261 4360 1360 4427 lbi
1383 4361 1564 4428 enim
1580 4359 1821 4428 dicitur
1839 4360 2360 4430 constituendum
2391 4373 2523 4419 esse
