2930 4982
411 342 433 394 1
453 344 486 394 9
499 342 533 394 4
1380 341 1722 390 TRAGTATUS

411 492 444 532 «
474 472 536 535 et
608 464 752 534 ideo
830 463 954 531 fuit
1017 463 1410 553 rescriptum
1468 461 1779 550 firmetur
1842 470 2062 527 status
2130 458 2565 546 hcereditatis,
2622 468 2693 529 ut

410 600 446 638 ι(
481 572 777 661 dignosci
833 575 1043 661 posset
1100 591 1183 636 an
1243 566 1610 657 capitulum
1676 566 2147 637 rationabiliter
2194 588 2260 635 se
2311 574 2682 657 opponeret,

411 705 444 745 α
472 700 699 747 necne.
733 704 767 742 »
808 675 1196 768 (Monacelli,
1237 695 1383 765 pars
1415 675 1481 753 1,
1506 674 1603 740 tit.
1637 696 1704 756 11,
1742 673 1937 741 form.
1966 672 2035 753 4,
2071 672 2290 741 adnot.
2326 670 2464 762 14.)

487 784 561 852 In
619 783 950 851 Thesauro
1011 780 1483 849 resolutionum
1549 778 1790 847 Sacrae'
1826 778 2358 869 Congregationis
2422 780 2688 848 concilii

397 891 594 980 (tomo
637 910 839 970 ΗΠ,
896 909 1046 978 pag.
1092 886 1225 977 12),
1273 887 1365 954 sic
1408 885 1634 953 eadem
1690 884 1959 974 quaestio
2011 884 2396 975 expenditur
2438 908 2455 946 ε
2506 909 2541 949 κ
2596 884 2689 953 De

400 992 789 1082 «erigendis
837 998 1051 1060 autem
1082 990 1267 1059 novis
1296 989 1728 1080 dignitatibus
1751 989 1851 1056 vel
1890 989 2404 1075 canonicatibuS,
2435 996 2689 1059 certum

394 1122 431 1162 (t
460 1103 553 1165 est
568 1118 959 1165 consensum
977 1096 1242 1186 capituli
1272 1096 1521 1185 requiri
1541 1095 1850 1187 (Felinus,
1868 1094 1940 1161 in
1960 1116 2096 1185 cap.
2111 1096 2277 1162 Cum
2293 1097 2682 1182 accessisset,

392 1228 427 1267 «
458 1225 526 1271 n.
554 1204 662 1285 15,
684 1200 776 1271 De
801 1201 1244 1270 constit.—In
1265 1222 1407 1292 cap.
1433 1201 1721 1287 Dilect0,
1740 1223 1807 1267 n.
1847 1201 1955 1281 18,
1985 1200 2077 1269 De
2097 1202 2488 1292 praebend.).
2506 1204 2685 1273 Alias

392 1335 426 1376 «
451 1310 590 1379 sine
650 1310 771 1377 hoc
811 1329 1128 1377 consensu
1158 1306 1341 1375 irrita
1370 1309 1607 1375 erectio
1645 1313 1804 1375 esset
1834 1308 1997 1398 (cap.
2038 1307 2249 1392 Sicut,
2301 1330 2371 1376 n.
2424 1309 2542 1396 28,
2588 1309 2685 1380 De

389 1443 422 1482 «
455 1415 710 1506 elect.);
762 1414 959 1484 Sacra
986 1413 1416 1503 Congregatio
1464 1412 1560 1504 (in
1602 1413 1960 1495 Clodiensi,
1998 1415 2037 1483 5
2063 1415 2217 1505 julii
2261 1415 2458 1501 1608,
2491 1455 2583 1468 -
2622 1424 2687 1489 et

388 1524 522 1591 «in
555 1544 689 1591 una
721 1521 1180 1612 Aquinatensi,
1223 1519 1312 1588 20
1362 1519 1675 1588 februarii
1730 1520 1966 1611 1677);
2012 1521 2085 1587 in
2129 1543 2260 1610 qua
2310 1522 2680 1612 disceptatis

386 1655 419 1693 «
448 1629 671 1696 dubiis
700 1652 716 1696 :
754 1627 818 1693 1⁰
851 1627 960 1694 An
984 1627 1204 1717 possit
1233 1627 1609 1717 Episcopus
1642 1626 1888 1716 eriqere
1899 1628 2425 1718 praeposituram
2452 1651 2681 1699 secun·

386 1760 419 1797 «
448 1732 605 1799 dam
647 1731 1045 1821 diqnitatem
1072 1731 1145 1797 in
1174 1728 1356 1797 dicta
1384 1731 1749 1820 colleqiata
1770 1751 1801 1816 ,·
1842 1731 1909 1797 2ο
1933 1732 2041 1799 An
2071 1732 2143 1800 in
2172 1731 2400 1800 eadem
2430 1735 2505 1803 in
2547 1759 2677 1827 qua

383 1866 414 1903 «
445 1861 580 1906 non
605 1850 701 1905 est
713 1837 1099 1929 praefinitus
1123 1837 1598 1913 canonicorum
1629 1860 1947 1906 numerus
1971 1837 2184 1929 possit
2207 1839 2456 1929 eriqere
2484 1864 2676 1911 cano-

378 1969 413 2009 «
439 1944 772 2029 nicatum,
820 1940 1147 2032 rescripsit
1177 1942 1259 2009 ad
1290 1947 1644 2031 utrumque
1693 1964 1710 2008 z
1765 1941 2198 2031 Affirmative
2241 1942 2320 2011 de
2363 1968 2675 2016 consensu

378 2078 412 2119 «
438 2051 738 2143 capituli
778 2050 1212 2141 (decretorum
1241 2048 1408 2116 libro
1436 2071 1613 2131 xxix,
1652 2049 1804 2116 folio
1837 2047 2017 2137 371).
2051 2046 2124 2114 ln
2151 2070 2281 2117 una
2305 2050 2671 2136 Sabinensi,

375 2184 409 2224 α
439 2158 769 2249 proposito
818 2182 832 2223 :
894 2157 1001 2222 An
1048 2154 1284 2222 erectio
1337 2153 1919 2221 archidiaconatus
1957 2155 2150 2243 facta
2184 2155 2323 2222 sine
2365 2179 2675 2227 consensu

380 2290 415 2329 «
443 2263 735 2355 capituli
752 2261 1186 2344 sustineatur,
1220 2259 1551 2350 rescripsit
1576 2260 1682 2326 die
1710 2259 1793 2325 14
1815 2258 2039 2350 aprilis
2073 2260 2246 2328 1696
2272 2285 2288 2329 :
2314 2265 2667 2352 Neqative,

381 2396 416 2434 «
449 2382 515 2437 et
544 2368 933 2437 erectionem
961 2367 1103 2433 sine
1138 2388 1454 2433 consensu
1483 2366 1777 2456 capituli
1804 2389 1940 2433 non
1962 2366 2274 2436 sustineri
2307 2369 2500 2460 (libro
2527 2393 2678 2440 xtvr

381 2502 416 2540 «
446 2476 883 2556 decretorum,
906 2495 1056 2564 pag.
1083 2471 1259 2563 162).
1285 2471 1534 2540 Pariter
1553 2474 1624 2540 in
1648 2471 2091 2558 Maceratensi,
2106 2473 2196 2545 30
2220 2478 2470 2565 augusti
2495 2478 2677 2549 1704

382 2609 417 2646 α
448 2582 518 2670 (l.
554 2603 657 2648 mv
679 2582 950 2667 decret.,
984 2602 1050 2669 p.
1089 2578 1272 2669 348),
1305 2580 1463 2645 etin
1499 2578 1816 2666 Firmina,
1862 2580 1942 2649 13
1972 2583 2352 2671 septembris
2377 2584 2575 2653 1734.

469 2712 504 2750 «
539 2686 748 2755 Unice
792 2685 1040 2774 inquiri
1082 2690 1240 2752 tunc
1267 2689 1474 2775 potest
1520 2707 1687 2752 num
1736 2687 1975 2775 injuste
2017 2687 2120 2754 vel
2141 2690 2314 2777 juste
2342 2690 2678 2763 dissentiat

377 2818 412 2858 «
442 2793 831 2884 capitulum.
866 2789 1033 2859 Nam
1066 2790 1120 2857 si
1144 2791 1316 2880 juste
1346 2792 1755 2877 contradicit,
1784 2813 1918 2859 non
1945 2792 2273 2882 obligatur
2294 2801 2367 2862 ut
2388 2796 2676 2869 invitum

263 2893 268 2898 ’
383 2921 417 2961 «
447 2900 699 2968 socium
725 2897 1020 2988 accipiat.
1046 2920 1082 2960 >³
1113 2895 1184 2963 Id
1216 2896 1455 2964 ibidem
1481 2898 1906 2965 confirmatur
1933 2898 2233 2989 pluribus
2257 2898 2470 2969 Sacrae
2502 2903 2677 2973 Con-

373 3004 766 3091 gregationis
792 3000 1360 3069 declarationibus.
1391 3000 1615 3069 Postea
1636 3003 1729 3070 sic
1756 3003 1970 3091 pergit
1988 3004 2366 3072 secretarius
2393 3006 2444 3096 (1
2462 3006 2484 3096 )
2501 3007 2677 3077 Con·

374 3109 765 3199 gregationis
842 3133 857 3175 :
922 3133 958 3172 «
1019 3107 1111 3174 At
1156 3109 1612 3175 tantummodo
1661 3110 1716 3175 si
1769 3108 2006 3198 injuste
2058 3108 2415 3194 dissentiat,
2471 3114 2676 3183 etiam

388 3238 422 3276 α
449 3216 802 3284 reluctante
838 3214 1119 3304 capitulo
1154 3213 1391 3282 erectio
1434 3214 1812 3281 demandari
1843 3221 2085 3303 posset,
2137 3222 2213 3282 ut
2254 3218 2322 3283 in
2371 3218 2676 3289 Caesena-

384 3323 635 3398 «tensi,
691 3321 760 3386 in
789 3342 919 3408 qua
948 3319 1307 3409 capitulum
1355 3319 1668 3386 renuebat
1700 3341 1936 3387 novam
1994 3321 2495 3408 dignitatem...,
2564 3324 2675 3394 die

386 3428 490 3495 «6
534 3426 692 3494 maii
742 3424 914 3493 1723
955 3426 1286 3514 rescripsit
1324 3424 1518 3491 Sacra
1540 3424 1968 3520 Congregatio
1998 3450 2015 3493 t
2052 3430 2215 3494 Esse
2249 3428 2469 3495 locum
2494 3452 2673 3498 erec-

385 3559 420 3600 «
450 3532 641 3600 tioni.
666 3529 747 3598 Et
783 3530 854 3596 in
877 3528 1196 3614 Firmina,
1220 3529 1289 3594 in
1313 3550 1443 3616 qua
1472 3534 1816 3616 postquam
1851 3531 1953 3597 die
1975 3531 2056 3597 12
2087 3533 2673 3622 septembris1734

385 3639 852 3728 «rescripserat
891 3635 1276 3702 erectionem
1323 3632 1621 3724 capitulo
1653 3633 2027 3703 reluctante
2062 3638 2324 3726 factam
2352 3661 2491 3705 non
2529 3662 2678 3708 sus-

384 3775 418 3813 «
449 3745 672 3830 tineri,
721 3743 1048 3835 proposito
1093 3740 1325 3808 deinde
1369 3739 1475 3807 die
1527 3740 1569 3807 5
1615 3741 1835 3808 martii
1887 3741 2084 3827 1735,
2142 3767 2231 3813 an
2272 3758 2436 3812 esset
2480 3745 2677 3815 locus

385 3878 418 3916 «
446 3851 808 3937 sanationi,
837 3849 1226 3938 rescriptum
1252 3851 1367 3923 est,
1397 3846 1832 3936 affirmative.
1861 3872 1895 3912 »

470 3956 803 4036 «Quando
854 3960 1070 4021 autem
1108 3973 1457 4020 consensus
1501 3953 1712 4037 datur,
1771 3955 1882 4022 sed
1932 3976 2091 4023 cum
2144 3957 2669 4040 conditionibus,

439 4111 594 4178 (1),In
649 4108 1045 4171 Congregatione
1096 4107 1307 4170 concilii,
1347 4108 1591 4169 expositio
1629 4111 1681 4157 et
1726 4108 1970 4158 discussio
2005 4108 2242 4171 quoedam
2284 4120 2448 4158 causa}
2484 4109 2547 4159 sst
2578 4124 2679 4173 per

368 4190 715 4249 secretarium,
732 4190 820 4249 qui
839 4187 966 4237 solet
985 4202 1094 4239 esse
1113 4188 1413 4252 Episcopus;
1435 4199 1539 4250 qua
1560 4190 1870 4250 expositione
1886 4188 2060 4237 audita
2081 4190 2469 4239 eminentissimi
2485 4188 2681 4241 Patres

368 4276 432 4327 de
459 4282 611 4324 causa
643 4269 996 4334 pronuntiant.
1033 4268 1334 4329 Hujusmodi
1364 4270 1700 4331 expositiones
1739 4281 2028 4328 causarum,
2067 4282 2185 4318 cum
2227 4270 2482 4331 adJunctis
2526 4270 2679 4323 deci·

366 4354 651 4414 sionibus,a
670 4354 896 4413 tempore
917 4347 1172 4398 Benedicti
1193 4348 1302 4397 XIV
1323 4349 1470 4399 editae
1491 4353 1612 4399 sunt
1631 4351 1684 4398 in
1708 4349 1970 4400 Thesauro.
1985 4350 2270 4401 Anteriores
2297 4356 2676 4403 remanserunt

367 4435 735 4497 manuscriptis.
