2930 4982
426 361 553 420 242
1395 368 1742 416 macutus

419 492 873 578 Narniensem,
904 489 947 558 9
976 488 1357 581 septembris
1406 487 1629 578 1848).
1667 488 1766 558 Ob
1793 487 1938 557 illas
1976 487 2409 573 auctoritates,
2455 510 2587 557 non
2616 492 2711 558 vi-

415 603 604 672 detur
630 599 1017 691 capitulum,
1049 595 1433 688 opponendo
1470 617 1656 662 suam
1684 596 1937 686 praxim
1966 593 2557 663 immemorabilem
2598 617 2708 664 cu-

412 727 553 775 ram
579 704 908 774 exercendi
936 724 1050 795 per
1076 701 1399 769 vicarium
1429 722 1467 768 a
1494 722 1560 769 se
1583 701 2035 785 revocabilem,
2064 721 2246 791 posse
2273 701 2591 792 impedire
2627 724 2706 772 ne

409 812 766 905 Episcopus
793 812 997 899 erigat
1021 808 1332 876 vicariam
1361 813 1738 898 perpetuam
1769 815 1830 876 et
1866 808 2105 877 dictam
2139 808 2391 897 praxim
2432 809 2702 898 auferat,

407 918 830 1009 quantumvis
857 915 1475 984 immemorabilem.

495 1022 720 1104 Quoad
745 1020 1112 1113 privileqia
1151 1020 1391 1110 quibus
1420 1018 1789 1109 Apostolica
1823 1016 2018 1087 Sedes
2053 1015 2358 1109 capitulis
2387 1021 2704 1090 concessit

404 1134 478 1197 ut
499 1148 789 1196 exercere
819 1126 1072 1192 valeant
1108 1146 1335 1192 curam
1373 1146 1490 1214 per
1517 1123 1787 1191 vicarios
1809 1122 2223 1207 revocabileS,
2268 1123 2375 1190 vel
2406 1129 2562 1191 sunt
2589 1147 2699 1192 an-

400 1233 637 1302 teriora
682 1230 1080 1299 Tridentinae
1128 1230 1398 1318 synodo,
1452 1236 1518 1297 et
1561 1228 1664 1296 his
1722 1227 2053 1318 derogavit
2101 1229 2210 1297 illa
2266 1229 2579 1317 synoduS,
2626 1252 2695 1299 ac

398 1338 671 1430 proinde
697 1359 824 1406 non
844 1337 1058 1405 valent
1080 1364 1099 1424 3
1131 1336 1233 1403 vel
1258 1341 1412 1404 sunt
1433 1335 1811 1426 posteriora,
1840 1340 1902 1403 et
1920 1337 1976 1403 si
2004 1336 2082 1404 de
2100 1335 2231 1403 illis
2251 1358 2400 1405 vere
2423 1342 2689 1426 constet,

397 1466 529 1514 non
563 1445 794 1535 poterit
819 1443 1177 1535 Episcopus
1203 1442 1453 1532 erigere
1480 1443 1794 1511 vicariam
1841 1447 2241 1533 perpetuam.

485 1550 864 1618 Pnorosmo
894 1550 984 1617 4⁸.
1013 1586 1105 1600 —
1139 1548 1560 1617 Generaliter
1584 1547 1935 1637 loquendo,
1963 1545 2228 1638 eoepedit
2255 1558 2335 1614 ut
2363 1546 2431 1614 in
2461 1549 2691 1617 catlze-

392 1655 700 1724 dralibus
730 1679 892 1723 cura
936 1655 1321 1723 animarum
1361 1676 1494 1744 per
1524 1665 1953 1744 perpetuum,
2002 1664 2067 1721 et
2092 1676 2228 1721 non
2260 1676 2386 1745 per
2422 1675 2693 1723 revoca-

395 1764 597 1831 bilem
640 1762 735 1830 ad
774 1773 1017 1830 nutum
1061 1761 1352 1852 capituli
1400 1760 1727 1828 vicarium
1760 1772 2165 1829 exerceatur.
2203 1798 2293 1813 —
2334 1760 2422 1829 lta
2468 1767 2693 1830 tenent

390 1870 792 1938 unanimiter
820 1868 1135 1955 doctores,
1175 1866 1402 1934 eadem
1449 1865 1580 1933 fere
1616 1872 1924 1956 urgentes
1966 1869 2297 1936 rationum
2329 1876 2684 1953 momenta,

390 1998 535 2066 quae
574 1976 643 2043 in
682 1980 1037 2044 memorata
1079 1995 1270 2041 causa
1315 1972 1665 2041 Narniensi
1706 1973 1833 2042 hoc
1865 1974 2057 2042 modo
2090 1974 2435 2043 exhibebat
2471 1981 2691 2043 contra

387 2104 583 2151 suum
620 2081 980 2173 capitulum
1009 2080 1406 2171 Episcopus:
1454 2106 1490 2145 ι(
1518 2078 1688 2148 Cura
1725 2080 2012 2149 ecclesiae
2063 2081 2262 2171 hujus
2310 2081 2691 2150 cathedralis

397 2213 432 2253 α
458 2193 552 2256 est
592 2188 864 2256 maximi
897 2187 1239 2275 momenti,
1269 2193 1415 2255 tum
1469 2185 1553 2255 ob
1586 2187 1961 2256 animarum
1992 2189 2271 2280 copiam,
2318 2194 2466 2256 tum
2497 2189 2688 2256 etiam

396 2293 541 2363 «ob
578 2295 891 2386 primatus
932 2294 1272 2362 honorem.
1324 2291 1526 2360 Porro
1565 2293 1831 2383 parochi
1886 2293 2296 2362 confirmatio
2343 2293 2688 2383 quotannis

397 2423 431 2464 a
458 2398 903 2489 periclitatur3
953 2404 1145 2488 atque
1190 2399 1568 2487 contingere
1597 2403 1803 2490 potest
1853 2397 2051 2487 (hisce
2082 2399 2408 2489 praecipue
2445 2404 2687 2490 tempo·

395 2530 430 2570 ε(
455 2503 690 2590 ribus),
722 2510 797 2571 ut
824 2501 941 2593 qui
962 2502 1203 2571 electus
1229 2508 1346 2587 est,
1379 2508 1524 2593 post
1551 2524 1807 2571 annum
1850 2505 2180 2594 rejiciatur
2217 2506 2408 2573 etiam
2442 2506 2690 2595 absque

394 2635 429 2678 α
457 2630 672 2677 causa.
706 2608 892 2676 Tunc
937 2609 1342 2696 contingeret
1371 2615 1446 2676 ut
1474 2615 1690 2699 pastor
1731 2616 2140 2696 amoveretur
2177 2633 2327 2679 curn
2371 2611 2697 2701 inciperet

395 2741 431 2783 ι(
457 2737 604 2785 oves
649 2735 1070 2805 cognoscere:
1122 2714 1282 2803 quid
1322 2715 1747 2784 abnormius‘?
1797 2716 2002 2786 Multa
2046 2718 2316 2809 insuper
2365 2717 2693 2808 parochus

397 2823 675 2891 «odiosa
700 2843 891 2906 agere
916 2820 1141 2889 debet:
1175 2827 1239 2888 at
1279 2822 1432 2911 quis
1459 2822 1678 2890 odiosa
1713 2823 2045 2913 suscipiat,
2080 2824 2136 2891 si
2178 2822 2546 2913 periculum
2583 2843 2691 2891 re-

397 2954 432 2994 «
459 2929 763 2998 motionis
789 2928 872 2998 ab
895 2928 1108 2996 officio
1138 2929 1534 2997 immineat?
1558 2928 1640 2997 Et
1666 2929 2048 2998 remotionis
2067 2930 2439 3021 periculum
2471 2950 2691 2998 nonne

353 3101 360 3104 a
397 3060 431 3099 «
457 3057 533 3104 eo
563 3036 772 3126 magis
799 3039 1096 3124 augetur,
1138 3057 1271 3125 quo
1300 3035 1517 3104 odiosa
1562 3036 2056 3127 suscipiantur?
2083 3074 2175 3088 —
2200 3035 2432 3125 Atqui,
2472 3035 2692 3124 arguit

397 3167 431 3206 «
459 3141 908 3228 contradictor,
924 3141 1178 3209 nullam
1204 3143 1512 3210 anteactis
1529 3141 1935 3233 temporibus
1952 3142 2381 3211 remotionem
2404 3142 2690 3210 evenisse

396 3272 432 3313 α
460 3249 673 3337 quoad
710 3248 1047 3339 parochoS,
1087 3249 1203 3338 qui
1242 3250 1298 3317 si
1338 3249 1635 3317 officium
1675 3271 1873 3317 suum
1908 3249 2230 3341 expleant,
2282 3270 2427 3317 eam
2457 3268 2691 3339 pavere

399 3379 434 3445 ᾳ
464 3360 817 3443 nequeunt.
858 3392 950 3405 -—
984 3354 1253 3423 Nullam
1294 3355 1397 3424 vel
1429 3357 1560 3424 fere
1609 3356 1865 3424 nullam
1905 3358 2334 3425 remotionem
2381 3354 2690 3424 anteactis

401 3458 862 3548 «temporibus
909 3460 1253 3549 contigisse
1281 3462 1586 3529 concedo.
1640 3462 1747 3528 An
1775 3467 1991 3530 autem
2028 3463 2244 3531 odiosa
2285 3467 2479 3553 prout
2514 3462 2689 3552 juris

398 3591 434 3633 ι(
461 3571 618 3649 erat,
648 3566 912 3655 parochi
941 3566 1245 3650 obierint,
1280 3589 1362 3635 ne
1388 3573 1895 3658 perscrutemur.
1927 3568 2050 3638 Res
2069 3570 2207 3638 haec
2240 3567 2412 3660 (vere
2441 3566 2688 3658 odiosa)

399 3699 434 3739 «
461 3674 585 3743 sub
608 3674 830 3765 judice
853 3676 960 3742 slt.
992 3672 1153 3764 Ipsis
1181 3674 1447 3742 fortasse
1477 3675 1715 3764 agendi
1741 3676 2005 3745 animus
2033 3698 2166 3745 non
2190 3676 2399 3745 defuit
2424 3698 2441 3759 ;
2471 3675 2585 3744 sed
2605 3694 2692 3742 ne

398 3805 434 3846 t(
463 3782 533 3850 in
552 3780 779 3850 odium
798 3780 1181 3868 inciderent,
1212 3780 1474 3850 sortasse
1493 3782 1690 3849 etiam
1706 3781 1876 3871 juris
1900 3782 2184 3852 remedia
2208 3803 2345 3850 non
2368 3782 2690 3850 adhibue-

398 3909 432 3948 ι(
461 3891 641 3951 runt.
678 3886 831 3954 Haec
864 3886 1089 3954 saltem
1117 3886 1401 3975 suspicio
1443 3888 1512 3953 in
1544 3908 1614 3954 re
1643 3888 1803 3955 tanti
1842 3888 2157 3957 momenti
2206 3888 2287 3956 ad
2315 3886 2692 3978 parochum

397 4012 431 4052 «
457 3992 968 4079 perpetuandum
1012 4013 1246 4081 urgere
1292 3993 1502 4061 debet.
1556 4020 1590 4059 »
1656 3994 1752 4085 (ln
1796 3996 2123 4064 Thesauro
2168 3994 2689 4072 resolutiomem,

387 4098 565 4162 tomo
596 4096 751 4163 anni
799 4097 997 4188 1848,
1046 4121 1199 4189 pag.
1235 4097 1436 4191 399.)
2158 4129 2159 4132 ¹
