2930 4982
1229 347 1311 394 DE„
1353 347 1686 395 mmwus.
2476 340 2601 394 555

309 476 379 544 in
423 468 881 562 jurisdictione
921 465 1287 552 ordinaria,
1331 466 1478 546 sede
1522 471 1822 545 vacante,
1870 466 2194 557 Episcopo
2234 468 2599 536 succedere.

399 577 474 646 ln
505 578 712 667 capite
786 573 908 641 His
936 585 1087 663 'quoe
1110 571 1619 661 ejusdem-tituli,
1660 577 1999 662 postquam
2023 575 2432 642 enumeravit
2466 574 2597 642 Ho·
2663 564 2674 570 ⁸

310 686 537 756 norius
563 682 652 750 111
683 682 868 751 varia
898 679 1445 769 jurisdictionalia
1473 677 2106 768 quaerssardinalibus
2134 680 2203 747 in
2225 681 2365 750 suis
2389 681 2602 754 eccle-

310 793 424 861 siis
477 812 621 859 com
630 792 887 878 petunt‚·
932 786 1037 862 sic
1073 785 1291 852 addit:
1342 783 1628 867 Quando
1655 796 1884 878 autem
1911 786 2174 854 ‘ecclesia
2198 786 2348 877 ipsa
2380 784 2600 855 cardi-

309 898 490 965 nalis
535 894 821 977 vacabit,
883 890 1224 983 capellani
1254 902 1318 957 et
1381 890 1604 958 clerici
1641 891 2019 971 memorati,
2062 889 2268 958 eidem
2317 891 2600 960 ecclesiae

305 1014 675 1072 reverenter
709 998 1063 1067 eoehibeant
1098 996 1327 1065 omnia
1354 994 1745 1087 supradicta
1770 1018 1794 1063 .·
1821 1006 2087 1087 excepto
2112 994 2295 1086 quod
2330 995 2408 1063 de
2459 1020 2596 1064 cor-

307 1109 593 1182 rectione
643 1118 709 1175 et
758 1104 1436 1173 excommunicatione
1501 1115 1567 1170 et
1625 1103 2051 1194 suspensione
2097 1102 2423 1194 ipsorum,
2466 1126 2598 1195 pro

312 1216 477 1284 bono
491 1214 712 1308 pacis,
739 1223 986 1280 nostra>
995 1210 1444 1302 providentiae
1483 1232 1915 1278 reservamus.

394 1321 470 1390 In
499 1322 703 1412 capite
753 1317 866 1385 Ad
903 1316 1301 1386 abolendam
1337 1315 1455 1406 (De
1497 1316 1832 1404 haereticis)
1887 1315 1980 1383 sic
2036 1314 2357 1384 habetur:
2396 1317 2602 1399 Quos-

305 1451 581 1519 cumque
600 1430 910 1495 Romana
923 1423 1211 1506 ecclesia,
1240 1423 1348 1491 vel
1368 1423 1620 1512 sinquli
1643 1421 1964 1513 Episcopi
1970 1444 2102 1513 per
2125 1418 2428 1496 dioeceses·
2444 1446 2599 1493 suas

302 1556 456 1603 cum
483 1534 748 1603 consilio
773 1530 1183 1617 clericorum,
1209 1530 1316 1597 vel
1346 1529 1567 1602 clerici
1581 1528 1737 1620 ipsi,
1767 1528 1915 1596 sede
1942 1542 2245 1614 vacante,
2272 1553 2422 1598 cum
2452 1555 2600 1600 con-

301 1640 476 1724 silio,
501 1640 563 1709 si
576 1639 972 1732 oportuerit,
996 1638 1370 1705 vicinorum
1396 1636 1883 1727 Episcoporum
1912 1636 2600 1728 lzaereticosjudicave-

300 1748 466 1831 rint,
521 1747 785 1814 vinculo
830 1745 1140 1836 perpetui
1191 1743 1644 1812 anathematis
1697 1742 2119 1812 innodamus.
2173 1744 2301 1813 Ubi
2342 1747 2600 1817 videtur

296 1853 597 1938 eamdem
615 1852 1139 1943 jurisdictionem
1179 1851 1251 1918 in
1276 1850 1653 1941 judicandis
1684 1850 2003 1918 haereticis
2030 1874 2178 1941 quae
2208 1855 2597 1945 supponitur

298 1962 371 2028 in
399 1958 743 2028 ordinariis
783 1956 1417 2050 locorum‚2supponi
1447 1957 1646 2024 etiam
1673 1955 1743 2023 in
1783 1956 2096 2046 capitulo,
2125 1959 2272 2026 sede
2302 1965 2588 2028 vacante.

387 2064 463 2131 ln
494 2066 700 2155 capite
721 2065 919 2131 unico
973 2066 1070 2129 De
1104 2061 1493 2152 majoritate
1518 2072 1584 2128 et
1611 2059 2006 2143 obedientia,
2040 2062 2109 2133 in
2138 2069 2338 2151 sexte,
2386 2065 2476 2133 sic
2501 2066 2593 2133 le·

299 2171 520 2257 gitur:
566 2170 961 2259 Episcopali
1009 2168 1158 2237 sede
1183 2180 1490 2249 vacante,
1538 2179 1767 2257 potest
1813 2169 2185 2259 capitulum
2238 2192 2374 2237 seur
2408 2172 2464 2239 is
2506 2174 2599 2240 ad

300 2299 496 2366 quem
523 2276 916 2367 episcopalis
943 2274 1326 2366 jurisdictio
1364 2287 1523 2342 tunc
1555 2275 1868 2364 temporis
1897 2276 2212 2346 noscitur
2223 2277 2585 2370 pertinere,

297 2382 381 2449 iis
410 2383 668 2473 (quibus
700 2394 922 2472 posset
969 2382 1337 2473 Episcopus
1363 2381 1424 2448 si
1445 2381 1715 2471 viveret)
1755 2380 1855 2454 ,ab
1887 2382 2589 2451 excommunicationis

292 2489 705 2557 sententia...
741 2488 1192 2557 absolutionis
1230 2487 1614 2577 beneficium
1645 2486 2018 2578 impertiri:
2065 2488 2199 2556 nisi
2234 2489 2295 2557 ei
2316 2490 2590 2580 fuerita

295 2593 467 2661 Sede
506 2595 560 2661 A
563 2594 889 2684 postolica
926 2593 1304 2683 specialiter
1328 2591 1685 2661 interdicta
1714 2605 2033 2682 potestas.
2067 2594 2234 2662 Cum
2266 2596 2359 2663 ibi
2389 2595 2588 2665 Boni-

292 2700 499 2767 facius
528 2700 676 2769 Vlll
707 2701 879 2781 dicat
902 2700 1307 2791 capitulum,
1334 2708 1449 2767 seu
1483 2699 1543 2767 is
1582 2700 1663 2767 ad
1687 2712 1886 2789 'quem
1914 2701 2287 2791 jurisdictio
2335 2703 2585 2793 episco-

291 2805 456 2894 palis
476 2806 766 2873 noscitur
786 2807 1130 2897 pertinere,
1154 2806 1614 2894 aequivalenter
1635 2807 1860 2873 asserit
1867 2807 2390 2896 jurisdictionem
2415 2810 2587 2878 hanc

293 2910 374 2977 ad
402 2911 760 3000 capitulum
786 2911 1168 3000 regulariter
1191 2912 1511 3000 pertinere
1536 2933 1554 2992 ;
1587 2917 1650 2978 et
1668 2910 1844 2977 addit
1868 2933 1982 2978 seu
2005 2911 2177 2999 is...,
2201 2914 2355 3001 quia
2383 2915 2585 2999 potuit

291 3013 653 3102 capitulum
675 3015 871 3082 alicui
897 3015 1136 3082 vicario
1162 3014 1342 3083 illam
1372 3014 1799 3107 exercendam
1833 3018 2258 3086 committere.

377 3116 453 3185 In
497 3122 702 3210 capite
749 3122 1179 3190 Cumnullus
1228 3121 1347 3215 (De
1394 3133 1597 3212 temp.
1660 3119 2038 3211 ordinat.)÷:
2073 3123 2236 3191 Sede
2274 3137 2582 3204 vacante„

291 3225 832 3314 capitulum3²seu
863 3228 918 3294 is
937 3227 1041 3295 ad
1065 3251 1258 3319 quem
1292 3240 1447 3296 tunc
1481 3227 1802 3318 temporis
1830 3225 2342 3299 administratio
2378 3233 2581 3322 spiri-

293 3332 585 3399 tualium
604 3334 900 3413 noscitur
910 3336 1276 3426 pertinere,
1303 3334 1472 3404 dare·
1491 3336 2159 3426 possunt-{licentiam
2187 3338 2578 3407 ordinandi.

378 3435 451 3503 ln
491 3459 637 3528 cap.
660 3440 982 3508 Ecclesiae
1027 3440 1143 3527 (De
1170 3442 1384 3532 suppl.
1412 3443 1590 3531 negh
1621 3443 1685 3509 in
1719 3445 1929 3536 sexto)
1959 3468 1978 3511 ε
2007 3444 2322 3512 Ecclesia>
2348 3445 2580 3512 cathea

285 3541 468 3610 drali
495 3545 770 3619 vacanti
791 3547 1098 3615 visitator
1120 3548 1202 3615 ab
1225 3548 1364 3615 alio
1389 3572 1593 3637 quam
1607 3562 1657 3615 'a
1683 3550 2339 3636 RomanoPontifice
2366 3548 2584 3637 depu-

284 3651 420 3716 tari
440 3675 576 3719 non
599 3664 821 3743 potest
851 3674 873 3718 .·
916 3653 1054 3720 nisi
1087 3655 1264 3742 forte
1309 3654 1689 3742 capitulum
1716 3656 1789 3721 in
1818 3654 2294 3745 spiritualibus
2318 3661 2580 3720 et'tem-

274 3758 622 3844 poralibus
639 3764 1004 3849 perperam
1042 3759 1494 3828 administret.
2385 3816 2388 3819 .

369 3863 540 3931 Cum
578 3887 731 3954 ergo
751 3865 1028 3934 textibus
1046 3867 1217 3955 juris
1245 3864 1555 3933 fundetur
1586 3870 1649 3932 et
1673 3864 2108 3933 communiter
2131 3887 2172 3932 a
2199 3864 2576 3941 doctoribus

278 3967 662 4038 defendatur
701 3971 1016 4039 sententia
1054 3972 1135 4039 de
1177 3992 1306 4060 qua
1351 3971 1631 4059 agimuS‚
1662 3972 1752 4039 sic
1772 3993 1926 4039 cum
1957 3969 2275 4038 Leurenio
2304 3973 2572 4040 conclu·

277 4074 553 4144 demuS.
593 4104 628 4142 «
652 4077 887 4147 Unde
860 4101 1001 4168 jam
1022 4080 1300 4147 tenenda
1324 4079 1462 4146 haec
1495 4079 1739 4168 regula,
1768 4080 2082 4146 nimirum
2106 4079 2282 4168 quod
2305 4085 2428 4146 tota
2456 4079 2567 4146 illa

278 4183 703 4272 «jurisdictio
727 4187 1057 4255 ordinaria
1089 4191 1364 4253 transeat
1407 4186 1488 4253 ad
1533 4186 1922 4275 capitulum,
1956 4186 2232 4277 exceptis
2285 4188 2378 4255 iis
2409 4207 2560 4274 quae

277 4314 311 4352 α
336 4291 450 4378 jus
469 4310 820 4358 commune
845 4293 1081 4383 excipit
1101 4291 1268 4383 (loco
1290 4293 1588 4376 citato).»

362 4395 484 4463 Illa
516 4402 734 4464 autem
771 4398 1025 4486 regula
1048 4398 1362 4487 relinquit
1396 4398 1613 4466 adhuc
1651 4421 1724 4466 ex
1774 4404 1950 4490 parte
1982 4397 2553 4468 indeterminatum
