2930 4982
1226 356 1305 401 nn
1349 353 1675 401 caranus.
2472 344 2595 401 397

301 474 767 543 revocationem
801 471 1249 566 praecedentis,
1273 493 1511 563 nempe
1542 492 1709 539 anno
1742 471 1910 539 1817
1937 470 2169 540 habiti.
2200 470 2396 540 Varia
2421 473 2603 545 enim

300 578 623 647 obstacula
652 581 1125 670 prohibuerant
1175 599 1257 645 ne
1304 577 1650 646 conventio
1691 577 1844 645 anni
1879 576 2043 644 1817
2094 576 2174 645 ad
2204 577 2506 646 effectum
2541 587 2604 649 et

298 687 740 754 executionem
767 685 1199 753 adduceretur
1227 682 1441 772 quoad
1474 682 1866 750 erectionem
1892 704 2209 750 novarum
2239 683 2495 751 sedium
2530 685 2598 752 in

297 791 402 860 illa
425 792 762 861 sancitam.
796 792 1009 873 Quare
1054 791 1211 859 Pius
1238 788 1359 858 Vll
1400 789 1738 877 praedictas
1768 788 1949 856 sedes
1972 789 2290 857 addendas
2314 790 2438 858 alio
2469 792 2601 858 mi-

295 900 437 971 nori
462 921 743 967 numero
766 905 825 966 et
855 897 979 967 alia
1016 896 1621 985 circumscriptione
1648 895 1719 961 in
1756 894 1941 962 bulla
1988 897 2286 962 Paternoe
2312 896 2600 986 pietatis

291 1004 728 1088 determinat3
772 1011 834 1073 et
859 1006 985 1072 hoc
1034 1003 1350 1070 ultimum
1379 1001 1847 1069 concordatum
1882 1000 2185 1068 effectum
2240 1001 2489 1069 habuit.
2525 1003 2595 1072 ln

291 1111 546 1178 caeteris
602 1117 818 1178 autem
873 1130 1007 1176 non
1058 1107 1386 1196 derogavit
1423 1106 1720 1174 Pontifex
1765 1128 1897 1175 suae
1948 1107 2392 1175 constitutioni
2447 1110 2599 1177 anni

297 1215 504 1298 1817,
536 1219 611 1282 ut
640 1215 776 1305 ipse
815 1218 1077 1281 testatur
1103 1213 1210 1279 his
1237 1212 1448 1279 verbis
1478 1235 1495 1278 ε
1528 1214 1739 1279 Porro
1768 1225 2004 1280 coetera
2028 1214 2098 1280 in
2130 1210 2363 1279 iisdem
2392 1213 2605 1304 Apos-

292 1320 522 1387 tolicz's
567 1321 808 1388 litteris
837 1320 1007 1389 anni
1063 1319 1236 1388 1817
1284 1329 1547 1387 statuta
1582 1333 1645 1387 et
1673 1318 2015 1399 ordinata,
2042 1318 2429 1411 praesertim
2472 1342 2604 1411 pro

289 1425 758 1515 capitulorum
811 1437 875 1493 et
919 1424 1434 1493 seminariorum
1494 1425 1892 1493 erectione...
1953 1425 2159 1514 firma
2220 1436 2283 1491 ct
2338 1425 2603 1514 inteqra

285 1543 589 1620 perstare
607 1532 931 1599 volumus.
981 1534 1192 1622 thue
1210 1529 1589 1622 expeditius
1601 1531 2090 1622 prospiciatur,
2113 1531 2607 1623 Archz‘episcopi

288 1650 350 1704 et
393 1639 724 1730 Episcopi
754 1660 881 1729 pro
918 1638 1206 1728 sinqulis
1241 1637 1710 1705 canonicorum
1749 1637 2046 1728 colleqiis
2080 1649 2343 1705 statuta
2381 1637 2602 1704 decer-

288 1756 472 1828 nent,
495 1757 564 1812 et
583 1745 665 1812 ab
679 1744 842 1835 ipsis
856 1744 1191 1812 observari
1211 1741 1566 1811 curabunt.
1590 1745 1760 1811 Cum
1777 1744 2079 1833 primum
2096 1767 2244 1811 vero
2264 1744 2599 1835 capitulo-

288 1872 441 1916 rum
487 1851 793 1939 formam
821 1861 885 1916 et
917 1849 1302 1917 erectionem
1340 1849 1763 1938 perfecerint,
1794 1849 2098 1915 omnium
2141 1848 2314 1916 lianc
2355 1849 2425 1915 in
2456 1871 2595 1914 rem

287 1966 627 2045 qestorum
663 1954 1131 2022 documentum
1156 1951 1250 2020 ad
1276 1975 1395 2021 nos
1421 1952 1715 2020 mittent.

375 2060 680 2130 Puncrmu
703 2059 782 2128 ll.
802 2059 1408 2127 ——Determinatur
1412 2082 1449 2150 J
1461 2081 1537 2125 us
1544 2060 1959 2148 particulare
1975 2059 2403 2125 ecclesiarum
2434 2059 2598 2127 Gal-

302 2167 419 2232 liae
449 2166 675 2255 quoad
695 2165 1023 2257 capitula.

390 2271 766 2339 Pnorosmo
785 2273 967 2338 1⁸.—
983 2274 1062 2337 In
1078 2270 1355 2337 ecclesiis
1377 2270 1604 2337 erectis
1633 2291 1812 2336 anno
1848 2268 2045 2353 1802,
2072 2267 2403 2335 decretum
2432 2270 2599 2335 Car-

295 2385 554 2454 dinalis
599 2389 913 2476 Capraroe
959 2384 1254 2453 contulit
1293 2385 1645 2475 Episcopis
1667 2383 2162 2473 primofuturis
2196 2393 2598 2474 potestatem

293 2505 557 2562 statuta
600 2493 890 2584 capituli
915 2491 1161 2582 absque
1183 2491 1330 2560 ullo
1356 2490 1648 2582 ejusdem
1700 2491 1987 2581 capituli
2031 2490 2411 2560 interventu
2447 2515 2598 2561 con-

296 2598 532 2683 dendi:
563 2600 910 2691 Epis-copis
940 2621 1091 2666 vero
1118 2598 1588 2666 successoribus
1600 2610 2006 2689 potestatem
2038 2622 2114 2665 ea
2143 2611 2406 2667 statuta
2443 2623 2598 2668 mu-

302 2706 516 2787 tandi,
562 2708 869 2797 requisito
904 2706 1102 2797 prius
1150 2706 1440 2797 capituli
1488 2705 1786 2773 consilio,
1832 2743 1921 2756 —
1965 2705 2228 2773 Confert
2274 2707 2454 2772 enim
2501 2708 2596 2774 eis

307 2810 667 2876 facultatem
713 2811 1184 2878 determinandi
1227 2812 1451 2879 omnia
1498 2833 1644 2899 quae
1710 2817 1999 2900 spectant
2038 2811 2117 2875 ad
2160 2811 2596 2899 capitulorum

296 2914 562 3003 felicem
585 2928 836 2982 statum
855 2969 873 2999 ,
897 2917 1227 3005 reqimen,
1253 2917 1651 3006 qubernium
1671 2971 1688 2999 ,
1723 2916 2145 2982 directionem
2162 2969 2178 2998 ,
2216 2916 2596 2985 divinorum

301 3022 680 3113 officiorum
721 3022 1246 3103 celebrationem,
1292 3022 1717 3089 coeremonias
1746 3022 1820 3088 in
1854 3023 2046 3088 choro
2085 3024 2469 3109 servandas,
2518 3049 2599 3095 ac

301 3128 441 3195 alia
461 3128 700 3195 munia
709 3150 842 3218 per
868 3126 1213 3194 canonicos
1236 3126 1561 3195 obeunda.
1584 3126 1786 3194 Porro
1813 3128 1956 3194 talis
1984 3129 2302 3195 statuendi
2329 3131 2593 3200 facultas

304 3233 577 3301 omnino
598 3233 848 3300 invadit
869 3237 934 3300 et
956 3233 1610 3323 complectiturillam
1628 3239 1997 3322 potestatem
2021 3234 2337 3301 condendi
2361 3242 2592 3306 statuta

299 3362 500 3429 quam
543 3340 653 3428 jus
703 3361 1058 3407 commune
1110 3337 1412 3429 capitulis
1461 3339 1719 3422 tribuit;
1771 3361 1926 3427 ergo
1965 3361 2185 3408 revera
2231 3340 2591 3411 Cardinalis

300 3444 581 3537 Caprara
603 3446 744 3534 juri
786 3444 1125 3513 communi
1157 3446 1513 3535 derogavit,
1556 3452 1616 3513 et
1663 3448 1730 3512 in
1787 3447 2066 3515 favorem
2119 3446 2591 3540 Episcoporum

301 3551 635 3618 constituit
656 3552 766 3639 jus
811 3551 1226 3641 particulare,
1257 3552 1325 3618 vi
1356 3553 1548 3640 cujus
1577 3553 1883 3643 capitula,
1918 3553 2131 3620 statim
2180 3575 2253 3620 ac
2303 3556 2589 3640 extitere,

301 3656 675 3726 debuerunt
719 3661 949 3722 statuta
978 3678 1095 3723 sua
1146 3654 1433 3744 recipere
1468 3678 1506 3723 a
1534 3657 1902 3746 respectivis
1941 3661 2075 3725 suis
2106 3657 2480 3747 Episcopis3
2532 3662 2593 3724 et

303 3758 605 3852 Episcopi
639 3764 1009 3850 potuerunt,
1041 3780 1162 3851 pro
1192 3781 1311 3827 suo
1355 3760 1609 3850 judicio
1660 3766 1722 3828 et
1765 3764 2134 3852 prudentia,
2184 3767 2413 3828 statuta
2450 3762 2591 3832 haec

302 3866 605 3952 condere,
637 3866 830 3933 etiam
864 3889 998 3934 non
1028 3866 1339 3955 requisito
1368 3868 1835 3937 canonicorum
1863 3870 2157 3936 consilio.

383 3969 708 4038 Notabilis
740 3972 862 4038 fuit
884 3976 945 4037 et
980 3973 1289 4040 omnibus
1319 3972 1476 4040 forte
1510 3979 1676 4041 retro
1702 3973 1954 4041 saeculis
1982 3973 2274 4040 inaudita
2297 3973 2435 4043 haec
2450 3976 2590 4067 juri

304 4077 643 4144 communi
704 4077 1049 4168 derogatio.
1113 4078 1235 4147 Sed
1282 4079 1362 4147 ad
1417 4080 1907 4147 restaurandam
1959 4083 2116 4146 tunc
2167 4084 2475 4173 temporis
2520 4084 2588 4148 in

304 4180 512 4250 Gallia
563 4183 940 4273 religionem
985 4185 1369 4253 catholicam
1399 4184 1676 4274 plurimi
1725 4184 2027 4252 intererat
2060 4192 2134 4254 ut
2175 4211 2374 4277 quam
2412 4189 2588 4254 citis-

307 4289 464 4355 sime
493 4291 872 4378 hujusmodi
901 4291 1318 4358 ecclesiarum
1351 4294 1412 4357 et
1432 4288 1869 4379 capitulorum
1910 4293 2161 4361 erectio
2188 4301 2249 4361 et
2271 4287 2588 4359 ordinatio

310 4394 807 4463 absolverentur.
858 4396 1055 4463 Porro
1096 4398 1148 4462 si
1197 4394 1633 4485 capitulorum
1679 4394 2248 4465 deliberationibus
2280 4388 2589 4481 permissa
