2930 4982
449 386 577 448 ⁴20
1420 386 1766 435 rnAcrArus

448 516 702 583 «licere
728 512 795 579 id
820 508 1134 593 inferiori,
1167 506 1363 575 etiam
1389 507 1461 575 in
1490 506 1783 596 public0,
1809 505 1919 572 sed
1947 502 2234 571 adhibita
2265 501 2512 570 cautela
2531 507 2590 570 et
2608 502 2713 572 ho-

451 646 487 687 «
508 641 666 688 nore
703 616 1020 707 superiori
1049 615 1293 693 debito,
1334 617 1582 680 constat
1601 633 1676 678 ex
1695 613 1845 701 jure
1874 616 2016 677 tum
2043 607 2346 689 naturali,
2386 614 2532 676 tum
2558 611 2715 699 posi-

447 751 483 792 «
507 728 676 804 tivo;
709 731 771 791 et
794 722 933 791 fuse
959 723 1356 790 demonstrat
1385 726 1642 786 sanctus
1667 717 2096 807 Augustinus.
2129 741 2163 780 »

530 831 802 915 Suarez,
835 833 930 896 De
962 826 1309 912 charitate,
1343 824 1691 916 disputatio
1721 825 1788 914 8,
1819 825 2013 917 sectio
2039 822 2079 891 5
2106 847 2122 890 ε
2159 847 2194 886 «
2223 820 2516 910 Adtquos
2544 821 2718 890 corri-

448 963 484 1002 «
508 937 754 1029 gendos
794 935 1034 1024 obliget
1067 935 1189 1001 hoc
1217 938 1617 1023 praeceptum
1647 931 2058 1002 correctionis
2095 930 2440 997 fraternae?
2466 967 2561 981 —
2586 929 2716 998 Tria

449 1068 486 1108 «
510 1065 750 1133 genera
795 1061 1219 1132 personarum
1274 1037 1683 1111 considerare
1737 1059 2119 1127 possumus:
2174 1036 2493 1122 subdstoe,
2548 1057 2713 1127 supe·

449 1175 485 1216 «
509 1150 708 1218 riores
749 1154 810 1215 et
852 1146 1150 1236 aequales.
1209 1144 1371 1213 Dico
1417 1144 1665 1235 primo:
1709 1143 1848 1211 Hoc
1883 1147 2279 1235 praeceptum
2325 1142 2612 1231 obligare
2648 1143 2713 1211 ad

448 1280 484 1321 α
503 1254 940 1345 corripiendas
956 1251 1276 1341 quaslibet
1298 1251 1623 1341 ejusmodi
1643 1272 1969 1341 personas,
1991 1249 2044 1316 si
2064 1253 2291 1341 egeant
2307 1248 2708 1337 correptione.

447 1386 483 1427 α
504 1357 861 1431 Probatur:
894 1358 1050 1446 quia
1081 1360 1483 1447 praeceptum
1512 1355 1637 1422 hoc
1665 1355 1931 1445 respicit
1965 1355 2298 1421 miseriam
2328 1353 2711 1443 spiritualem

450 1492 485 1533 α
508 1465 956 1557 proximorum
999 1465 1068 1530 in
1115 1466 1535 1529 universum:
1576 1484 1798 1529 omnes
1830 1466 2047 1528 autem
2087 1460 2416 1551 praedictae
2447 1481 2709 1550 personae

450 1569 790 1660 «proximi
817 1575 969 1635 sunt
1012 1568 1314 1658 proprie;
1348 1573 1410 1634 et
1455 1574 1759 1657 praeterea
1804 1571 1960 1633 sunt
1996 1588 2260 1656 capaces
2289 1565 2568 1633 miseriae
2601 1564 2711 1654 spi-

449 1698 484 1737 «
507 1673 783 1755 ritualiS‚
823 1674 955 1739 sive
993 1673 1267 1762 peccati:
1310 1694 1462 1759 ergo
1494 1678 1785 1760 respectu
1815 1670 2121 1739 omnium
2154 1671 2421 1738 illarum
2446 1691 2709 1760 praecep-

446 1804 481 1843 «
503 1784 642 1846 tum
662 1779 1036 1845 naturaliter
1047 1777 1312 1865 obligat.
1333 1776 1756 1844 Peculiariter
1771 1785 1991 1844 autem
2012 1783 2306 1868 respectu
2324 1778 2710 1867 superiorum

446 1909 480 1948 «
507 1882 704 1975 (quod
729 1883 1063 1950 difficilius
1087 1881 1292 1948 videri
1317 1883 1577 1972 posset),
1605 1881 1912 1949 suadetur
1935 1883 2293 1970 conclusio,
2321 1905 2516 1973 quam
2537 1882 2709 1948 etiam

446 1987 588 2058 «D.
631 1988 917 2056 Thomas
957 1987 1047 2079 (2.
1096 1988 1162 2071 2,
1198 2010 1263 2077 q.
1322 1987 1435 2071 33,
1489 1995 1608 2054 art.
1652 1988 1714 2077 4)
1757 1989 1976 2056 docet:
2028 1987 2374 2072 Suadetur,
2434 1991 2702 2078 inquam,

448 2082 484 2161 «
511 2097 723 2186 primo
754 2117 831 2162 ex
861 2117 980 2162 usu
1022 2093 1410 2185 Scripturae:
1448 2094 1628 2161 lsaiae
1653 2092 1678 2159 1
1706 2118 1721 2161 ε
1751 2092 2027 2181 Audite,
2048 2094 2394 2185 principes
2423 2092 2705 2162 Sodomo-

453 2225 488 2266 «
509 2224 691 2283 rum,
715 2201 1045 2294 percipite
1074 2200 1349 2267 auribus
1377 2200 1591 2291 leqem
1620 2199 1744 2266 Dei
1752 2219 1782 2284 ,·
1813 2207 1876 2266 et
1903 2222 1979 2267 ex
2006 2199 2149 2267 aliis
2178 2199 2566 2267 testimoniis
2591 2217 2705 2265 non

453 2333 487 2372 «
513 2331 684 2377 raro,
734 2309 909 2376 ldem
956 2310 1264 2395 sumitur,
1308 2314 1449 2376 tum
1495 2330 1570 2375 ex
1598 2307 1679 2374 D.
1717 2306 2086 2396 Augustino
2126 2306 2200 2374 in
2237 2309 2467 2397 regula
2506 2329 2613 2374 seu
2649 2306 2705 2370 in

450 2439 485 2477 «
513 2415 780 2505 epistola
822 2415 950 2483 109
996 2415 1075 2482 ad
1120 2417 1472 2482 monachas
1520 2414 1872 2504 quasdam:
1917 2417 2069 2485 Non
2093 2414 2312 2482 solum
2351 2413 2572 2495 vestri,
2614 2408 2709 2479 sed

452 2544 486 2583 «
512 2521 721 2585 etiam
746 2520 1041 2586 Proelati
1063 2520 1505 2598 miseremini,
1535 2520 1656 2610 qui
1675 2520 1852 2587 inter
1870 2520 1982 2587 ‘bos
2006 2532 2255 2610 quanto
2278 2520 2353 2586 in
2379 2519 2520 2606 loco
2539 2539 2707 2607 supe·

452 2648 485 2688 «
510 2623 708 2703 riori,
761 2635 949 2689 tanto
992 2624 1067 2690 in
1094 2625 1412 2714 periculo
1451 2625 1707 2716 majori
1738 2637 2063 2693 versatur.
2096 2625 2177 2691 Et
2212 2625 2277 2691 in
2307 2622 2557 2713 epistola
2603 2621 2695 2703 19,

453 2755 489 2796 «
511 2750 653 2821 cap.
695 2728 763 2813 2,
809 2730 889 2796 ad
919 2729 1147 2813 finem,
1186 2730 1402 2796 laudat
1431 2728 1727 2815 Petrum,
1756 2731 1931 2818 quod
1961 2753 2001 2798 a
2029 2729 2226 2798 Paulo
2262 2728 2379 2796 sibi
2416 2727 2704 2793 inferiore

453 2862 489 2902 «
511 2859 645 2905 non
674 2836 1056 2925 dedignatus
1081 2843 1175 2918 est
1201 2835 1482 2926 corripi:
1515 2836 1734 2925 Atque
1771 2835 1901 2917 ita,
1933 2836 2172 2926 inquit,
2201 2834 2416 2903 rarius
2439 2844 2498 2900 et
2533 2854 2706 2900 sanc-

456 2968 490 3008 «
516 2944 651 3011 tius
688 2943 1061 3034 exemplum
1077 2941 1372 3034 posteris
1375 2942 1702 3033 praebuit,
1732 2964 1863 3033 quo
1885 2966 2020 3009 non
2049 2941 2566 3032 dediqnarentur
2587 2938 2702 3025 (sic-

457 3072 491 3113 «
514 3048 635 3115 ubi
667 3051 848 3139 forte
889 3048 1055 3115 recti
1081 3047 1427 3115 tramitem
1462 3047 1906 3138 reliquissent)
1939 3049 2145 3115 etiam
2186 3072 2228 3115 a
2257 3043 2702 3137 posterioribus

457 3178 493 3219 «
518 3155 849 3245 corriqi...
897 3153 1073 3222 Tum
1116 3153 1311 3221 etiam
1339 3176 1414 3220 ex
1454 3152 1770 3242 Gregorio
1807 3154 2022 3222 statim
2045 3151 2324 3221 citando·
2376 3152 2555 3220 Ratio
2586 3159 2696 3218 est:

456 3284 491 3325 «
518 3259 686 3340 Quia
717 3261 793 3327 ad
826 3261 1007 3344 hunc
1045 3265 1267 3327 actum
1298 3259 1720 3350 correptionis
1764 3282 1898 3327 non
1946 3260 2306 3348 requiritur
2332 3253 2693 3348 jurisdict103

456 3360 625 3426 «sed
662 3361 973 3427 fundatur
1016 3361 1085 3427 in
1128 3360 1585 3449 conjunctione
1620 3360 1970 3440 charitatiS‚
2006 3383 2152 3449 quae
2190 3359 2437 3427 caeteris
2471 3354 2692 3449 paribus

455 3487 492 3556 «
517 3461 704 3529 dehet
734 3485 865 3530 esse
902 3466 1115 3555 major
1140 3466 1219 3532 ad
1256 3464 1619 3554 superiores
1657 3487 1856 3554 quam
1880 3466 1962 3533 ad
1991 3466 2170 3533 alios.
2203 3464 2367 3532 Item
2413 3483 2570 3554 saepe
2596 3455 2690 3549 ipsi

454 3593 491 3635 «
519 3570 729 3658 magis
769 3571 1107 3660 indigent3
1149 3570 1302 3659 quia
1332 3577 1395 3637 et
1430 3571 1503 3636 in
1544 3570 1898 3660 maioribus
1931 3571 2235 3661 periculis
2283 3576 2622 3649 versantur,
2647 3569 2694 3629 et

456 3701 490 3742 «
518 3678 852 3769 pauciores
890 3682 1041 3744 sunt
1084 3676 1200 3765 qui
1242 3676 1523 3744 audeant
1560 3677 1737 3766 loqui
1772 3701 1788 3745 z
1841 3699 1994 3767 ergo
2015 3681 2157 3746 'non
2198 3677 2417 3745 solum
2463 3682 2551 3744 est
2589 3673 2697 3740 haec

455 3808 489 3846 «
519 3781 854 3871 obligatio,
887 3781 993 3847 sed
1023 3783 1257 3869 major.
2386 3865 2391 3870 Δ

547 3914 581 3951 «
608 3886 927 3979 Oincies:
974 3885 1156 3977 Saepe
1180 3885 1398 3954 Patres
1434 3886 1741 3954 videntur
1771 3887 2240 3977 reprehendere
2268 3886 2702 3955 correctionem

456 4015 491 4054 «
522 3994 927 4063 subditorum
955 4013 1107 4082 erga
1135 3990 1437 4059 Praelatos
1457 3991 1481 4057 ἰ
1511 3997 1572 4057 et
1600 3994 1762 4060 ratio
1790 4000 1909 4080 est,
1936 3995 2091 4082 quia
2118 3993 2262 4060 talis
2287 3995 2450 4061 actio
2479 3991 2702 4058 videtur

456 4121 490 4161 «
516 4117 649 4163 esse
677 4105 899 4168 contra
924 4099 1347 4168 reverentiam
1376 4096 1833 4167 praelatorum·
1859 4140 1950 4151 —-
1973 4089 2449 4191 Respondetur,
2475 4100 2598 4167 duo
2622 4094 2705 4161 in·

452 4225 488 4265 «
516 4200 776 4267 tendere
798 4201 1050 4272 Patres:
1080 4205 1404 4286 Primum,
1438 4204 1510 4271 in
1534 4205 1914 4295 hujusmodi
1937 4207 2185 4274 actibus
2216 4205 2567 4273 cavendam
2593 4215 2708 4268 esse

449 4332 486 4374 «
514 4326 778 4376 omnem
819 4305 1310 4377 irreverentiam
1358 4318 1419 4378 et
1456 4310 1822 4394 audaciam,
1859 4318 2050 4401 atque
2094 4315 2250 4380 adeo
2286 4307 2709 4379 accedendum

449 4441 485 4480 «
511 4435 643 4482 esse
671 4406 958 4499 simplici
978 4414 1040 4476 et
1071 4410 1304 4479 humili
1329 4414 1575 4502 anim0,
1607 4415 2015 4485 admonendo
2046 4417 2259 4509 potius
2287 4438 2493 4507 quam
2514 4428 2710 4503 repre·
