2930 4982
1239 330 1319 377 DE
1364 328 1694 378 culmus.
2488 328 2613 386 299

1400 594 1517 673 §8

766 783 1045 823 OBLIGATIO
1078 782 1256 829 QUOAD
1285 782 1659 823 INTENTIONEH
1690 784 1756 824 ET
1783 784 2155 826 ATTENTIONEM

404 975 457 1043 1⁰
512 974 907 1043 Certum-est
951 994 1088 1046 non
1124 974 1372 1063 requiri
1394 973 1849 1043 intentionem
1908 974 2245 1043 actualem
2295 986 2610 1069 praecepto

320 1081 783 1168 satisfaciendi,
831 1079 942 1148 sed
988 1078 1284 1148 sufficere
1311 1079 1658 1149 virtualem
1697 1080 2110 1173 implicitam,
2166 1102 2315 1172 quae
2360 1103 2616 1174 semper

317 1195 619 1257 censetur
654 1187 892 1271 adesse,
920 1185 1181 1276 quando
1206 1186 1353 1276 quis
1378 1186 1599 1256 dicens
1627 1186 1919 1256 officium
1947 1209 2082 1257 non
2127 1208 2425 1280 expresse
2466 1210 2616 1281 pro·

319 1296 511 1383 ponit
540 1314 671 1362 non
693 1293 1066 1362 satisfacere.
1091 1291 1229 1362 Imo
1283 1294 1398 1383 qui
1423 1296 1654 1363 recitat
1676 1316 1833 1363 cum
1852 1294 2209 1364 intentione
2249 1316 2386 1365 non
2424 1295 2609 1366 satis-

315 1400 593 1469 faciendi
619 1406 978 1492 praeeepto,
996 1400 1399 1491 probabilius
1439 1402 1773 1487 satisfacit,
1805 1402 1962 1491 quia
1980 1401 2131 1470 tacit
2150 1423 2292 1471 rem
2329 1423 2613 1494 praecep-

316 1508 470 1573 tam.
527 1504 615 1595 (S.
681 1506 1053 1597 Liguor'iUS,
1096 1506 1147 1575 l.-
1173 1505 1293 1596 lv,
1338 1529 1397 1575 c.
1442 1507 1512 1594 2,
1564 1529 1633 1574 n.
1685 1507 1868 1600 176.)
1923 1507 2076 1579 Haec
2127 1508 2209 1578 de
2255 1509 2616 1578 intentione

317 1611 749 1681 satisfaciendi
777 1618 1122 1704 praecepto.

394 1717 574 1798 Quid
603 1739 756 1787 vero
773 1719 852 1787 de
869 1719 1227 1792 intentione
1258 1719 1745 1790 distributiones
1766 1718 2077 1788 lucrandi
2096 1740 2226 1809 qua
2236 1718 2386 1809 quis
2405 1716 2615 1789 deter-

316 1823 675 1894 minaretur
700 1826 782 1899 ad
817 1826 1336 1896 interessendum
1381 1825 1581 1895 choro
1597 1829 1629 1892 ‘I
1657 1825 1751 1894 Eo
1801 1824 2073 1915 quidem
2120 1825 2251 1894 fine
2298 1825 2611 1895 distribu-

320 1931 528 1999 tiones
552 1923 943 2021 quotidianae
960 1934 1272 2001 institutae
1295 1937 1472 2014 sunt,
1504 1937 1577 1998 ut
1604 1932 1899 2000 canonici
1928 1938 1991 1999 et
2008 1931 2379 2000 beneficiati
2406 1932 2491 2000 ad
2515 1932 2615 2000 di·

317 2037 732 2127 ligentiorem
742 2039 946 2107 divini
954 2037 1677 2130 officiipersolutionem
1696 2037 2145 2105 allicerentur:
2163 2058 2298 2106 non
2309 2041 2528 2105 autem
2539 2058 2614 2105 ea

315 2143 443 2211 fuit
463 2143 769 2213 Ecclesiae
791 2167 978 2215 mens
990 2151 1067 2213 ut
1092 2145 1321 2230 iidem,
1353 2142 1842 2213 distributiones
1869 2143 2280 2212 solummodo
2309 2143 2614 2211 lucrandi

311 2269 539 2328 causa,
569 2252 849 2320 chorum
864 2251 1368 2340 frequentarent.
1389 2248 1581 2317 Unde
1607 2254 1902 2318 auctores
1926 2247 2119 2315 multi
2150 2269 2283 2315 non
2311 2253 2616 2315 excusant

311 2377 348 2422 a
370 2356 664 2444 quadam
696 2355 973 2424 simonia
1001 2355 1272 2424 mentali
1299 2360 1362 2424 et
1384 2355 1688 2424 amortali
1713 2358 1969 2446 peccato
1990 2376 2097 2423 eos
2119 2355 2235 2444 qui
2250 2353 2616 2444 principa-

244 2552 248 2556 >
314 2461 473 2531 liter
505 2463 750 2532 intuitu
786 2462 957 2532 lucri
986 2462 1359 2556 temporalis
1396 2462 1593 2532 choro
1629 2463 1975 2532 intersunt.
2020 2460 2211 2554 (Vide
2245 2460 2613 2531 Scarfanto·

312 2570 529 2656 nium,
563 2577 607 2639 t:
641 2571 692 2656 1,
724 2595 790 2663 p.
825 2570 976 2656 133,
1010 2594 1078 2640 n.
1120 2573 1149 2640 1
1182 2576 1245 2640 et
1265 2593 1430 2661 seq.,
1454 2570 1651 2640 editio
1669 2570 2011 2659 Lucensis,
2041 2568 2268 2661 1723.)

402 2674 484 2742 11⁰
508 2674 733 2755 Quoad
759 2678 1200 2762 attentionem,
1257 2677 1718 2767 distinguenda
1764 2683 1860 2746 est
1885 2682 2145 2745 externa
2197 2676 2279 2743 ab
2323 2676 2608 2743 interna.

314 2784 624 2849 Externa
647 2785 925 2853 habetur
952 2808 1109 2854 curn
1132 2807 1268 2854 non
1314 2786 1583 2874 ponitur
1635 2785 1802 2851 actio
1849 2784 1929 2850 de
1971 2804 2038 2850 se
2095 2780 2616 2870 incompatibilia

322 2906 481 2952 cum
500 2889 845 2956 attentione
863 2890 1181 2972 interiori,
1211 2888 1774 2971 utessetfabulari,
1803 2887 2112 2969 scribere,
2131 2890 2367 2952 attente
2392 2883 2617 2952 audire

319 2989 483 3058 alios
511 2990 875 3080 loquenteS,
906 2997 968 3059 et
992 2993 1397 3082 hujusmodi.
1432 2992 1561 3072 Qui
1591 3003 1860 3059 eoeterne
1888 2990 2251 3059 voluntarie
2276 2996 2337 3058 et
2364 2989 2617 3059 notabi-

317 3096 464 3164 liter
492 3118 557 3164 se
581 3097 908 3186 distrahit,
963 3103 1135 3168 certo
1164 3102 1392 3190 peccat
1422 3097 1705 3188 graviter
1733 3119 1857 3166 nec
1880 3096 2211 3180 satisfacit,
2262 3103 2325 3166 et
2361 3102 2615 3166 tenetur

317 3203 397 3270 ad
420 3203 914 3273 restitutionem.
1945 3213 1953 3217 ’

405 3308 578 3405 lnter
592 3313 874 3380 actiones
893 3333 1029 3380 non
1051 3310 1570 3402 incompatibiles
1597 3332 1753 3380 cum
1810 3311 2159 3380 attentione
2208 3308 2489 3396 interna,
2536 3332 2612 3378 ac

323 3416 590 3504 proinde
612 3439 765 3487 cum
793 3420 1032 3509 quibus
1060 3425 1226 3488 stare
1254 3423 1458 3510 potest
1499 3420 1779 3488 attentio.
1823 3426 2083 3489 externa
2132 3424 2611 3487 enumerantur

322 3525 648 3607 sequentes
670 3523 1047 3599 :ambulare
1053 3568 1073 3605 ,
1096 3546 1162 3593 se
1189 3525 1428 3607 lavare,
1460 3531 1662 3593 vestes
1677 3526 1978 3611 induere,
2011 3524 2334 3592 instruere
2354 3523 2608 3602 focum,

326 3630 567 3712 pectere
594 3633 814 3717 caput,
833 3630 1206 3719 perquirere
1224 3630 1505 3720 psalmos
1526 3636 1588 3697 et
1603 3630 1941 3712 lectioneS,
1963 3635 2026 3696 et
2045 3629 2201 3695 alias
2224 3626 2614 3714 hujusmodi

327 3752 467 3818 quae
503 3755 815 3823 magnam
854 3734 1062 3802 animi
1094 3735 1514 3802 attentionem
1559 3756 1695 3801 non
1740 3734 2108 3823 requirunt.
2163 3732 2282 3821 (lta
2324 3735 2613 3802 auctores

330 3836 600 3925 plurimi
630 3841 805 3908 citati
828 3864 865 3909 a
889 3840 954 3911 S.
987 3838 1338 3931 Lignorio,
1372 3839 1490 3907 lib.
1527 3837 1640 3919 IV,
1670 3860 1729 3907 c.
1763 3838 1834 3927 2,
1870 3859 1939 3905 n.
1979 3835 2159 3929 176.)

408 3942 521 4012 111ο
549 3945 837 4017 Attentio
862 3947 1134 4017 interna
1168 3947 1483 4016 dividitur
1521 3945 1592 4014 in
1643 3947 2067 4016 attentionem
2116 3944 2195 4013 ad
2251 3946 2469 4030 verba,
2528 3949 2607 4019 ad

327 4066 613 4130 sensum,
643 4054 807 4121 etad
841 4052 1077 4125 Deum.
1112 4053 1395 4124 Celebris
1424 4058 1518 4122 est
1538 4054 1809 4143 quaestio
1846 4059 2074 4122 utrum
2107 4053 2184 4121 ad
2224 4053 2609 4124 satisfacien-

327 4151 480 4222 dum
506 4163 821 4248 praecepto
844 4160 1070 4250 officii,
1099 4160 1187 4230 ita
1207 4165 1284 4228 ut
1310 4181 1443 4229 non
1463 4159 1545 4226 sit
1572 4158 1876 4248 obligatio
1905 4160 2256 4252 repetendi,
2305 4160 2609 4248 requira-

332 4263 433 4326 tur
455 4261 718 4330 attentio
733 4263 1010 4335 interna.
1065 4296 1074 4303 ‘
2558 4288 2562 4297 ·

412 4369 666 4436 Primo.
718 4369 903 4440 Certo
950 4373 1193 4442 sufficit
1247 4372 1538 4459 attentio
1589 4370 1683 4440 ad
1723 4373 1915 4444 verba
1966 4378 2140 4443 recte
2194 4354 2605 4458 proferenda,
