2930 4982
1136 293 1211 337 DE
1259 290 1566 339 cfflwus
1577 321 1593 337 .
2399 288 2426 342 1
2445 287 2523 343 43

316 408 433 476 Ad
444 421 712 476 coeteras
722 418 948 476 autem
966 406 1329 501 diqnitates
1346 409 1453 476 vel
1467 422 1862 500 personatus
1883 411 2124 501 quibus
2138 412 2532 482 animarum

228 539 387 584 cura
431 515 631 583 nulla
674 515 921 603 subest,
975 515 1201 584 clerici
1226 516 1531 607 alioquin
1553 514 1816 605 idonei,
1866 529 1932 586 et
1980 519 2230 608 viqinti
2275 518 2533 589 duobus

228 624 419 691 annis
442 645 578 691 non
608 622 891 690 minores
921 620 1401 691 adsciscantur.

308 727 664 801 Neminem
693 727 896 796 etiam
923 725 1223 818 deinceps
1253 727 1347 797 ad
1378 726 1815 818 diqnitatem‚
1866 729 2362 809 canonicatum,
2404 745 2528 798 aut

219 836 597 925 portionem
625 833 979 924 recipiant,
1013 833 1147 901 nisi
1187 834 1303 923 qui
1333 856 1407 902 eo
1441 833 1678 902 ordine
1707 857 1896 902 sacro
1938 848 2058 902 aut
2100 836 2188 905 sit
2216 836 2529 906 initiatus

212 963 412 1031 *quem
441 941 583 1008 illa
610 939 930 1030 diqnitas,
954 939 1326 1030 praebenda
1364 952 1489 1008 aut
1513 940 1750 1031 portio
1793 940 2094 1030 requirit,
2130 954 2251 1008 aut
2297 942 2369 1010 in
2400 944 2533 1011 tali

221 1061 448 1135 oetate,
467 1059 546 1114 ut
566 1047 747 1137 infra
770 1059 1029 1138 tempus
1051 1071 1094 1114 a
1102 1047 1262 1137 jure
1281 1059 1345 1114 et
1370 1047 1454 1114 ab
1481 1047 1606 1116 Izac
1632 1046 1889 1138 synodo
1908 1059 2247 1115 statutum
2272 1048 2530 1118 initiari

224 1155 474 1223 valeat.
511 1157 595 1221 In
613 1154 921 1221 omnibus
951 1176 1103 1222 vero
1129 1153 1417 1221 ecclesiis
1438 1153 1957 1236 cathedralibus,
1993 1176 2218 1223 omnes
2246 1156 2532 1224 canoni-

221 1274 408 1329 catus
429 1282 511 1327 ac
524 1260 873 1351 portiones
901 1259 1195 1327 habeant
1223 1282 1564 1327 annexum
1595 1259 1894 1328 ordinem
1911 1259 2341 1350 presbyterii,
2372 1260 2526 1329 dz'a·

220 1378 526 1445 conatus,
559 1366 670 1434 vel
691 1365 1235 1434 subdiaconatus.
1264 1366 1659 1457 (Concilium
1684 1366 2177 1447 Tridentinum,
2220 1389 2371 1435 sess,
2406 1367 2523 1454 24,

219 1494 271 1540 c.
311 1473 429 1559 12,
453 1471 550 1540 De
573 1471 723 1562 ref.)

304 1580 368 1645 1⁰
403 1578 509 1645 Ad
534 1578 911 1666 dignitatem
932 1578 1041 1646 cui
1067 1576 1515 1669 principaliter
1539 1599 1787 1647 annexa
1817 1584 1912 1646 est
1935 1599 2093 1646 cura
2118 1578 2521 1664 animarum,

217 1691 478 1752 certum
529 1691 623 1753 est
651 1684 897 1774 requiri
932 1690 1187 1753 aetatem
1220 1684 1307 1753 25
1353 1706 1709 1754 annorum.
1759 1684 2013 1754 Sufficit
2045 1690 2264 1754 autem
2308 1707 2525 1755 annus

212 1791 576 1879 vigesimus
606 1791 879 1880 quintus
908 1791 1274 1860 inchoatus·

305 1898 383 1964 2ο
407 1924 439 1963 «
470 1897 770 1967 Provisos
787 1898 867 1966 de
888 1897 1339 1987 dignitatibus,
1369 1898 1614 1987 quibus
1633 1898 1985 1966 accessorie
2007 1918 2078 1966 ac
2095 1899 2318 1966 minus
2342 1898 2526 1989 prin·

224 2031 254 2070 «
284 2004 786 2096 cipaliterunita
801 2003 881 2071 sit
898 2004 1166 2072 ecclesia
1186 2008 1441 2087 curata,
1470 2004 1712 2072 sufficit
1740 2025 1929 2093 agere
1955 2025 2159 2071 annos
2190 2003 2303 2086 22,
2331 2010 2529 2093 prout

219 2138 250 2177 «
279 2113 333 2180 si
370 2118 542 2180 esset
567 2111 841 2202 simplex
870 2110 1149 2200 dignitas
1175 2136 1193 2195 ;
1228 2116 1293 2177 et
1315 2116 1673 2178 memorata
1704 2111 1974 2177 ecclesia
2009 2115 2254 2194 curata,
2285 2111 2527 2200 praevio

216 2245 247 2283 «
275 2219 595 2288 examine
610 2216 938 2307 Episcopi,
961 2217 1294 2284 confertur
1315 2217 1556 2283 vicario
1575 2222 1888 2304 perpetuo
1911 2216 1993 2281 ad
2014 2216 2528 2282 nominationem

210 2349 247 2387 «
277 2320 633 2408 dignitatis
656 2319 1002 2408 praedictae.
1030 2320 1164 2398 Qui
1183 2319 1465 2386 vicarius
1490 2325 1585 2387 est
1610 2340 1801 2385 verus
1835 2323 2120 2401 curatuS,
2150 2318 2315 2386 etde
2337 2340 2532 2409 grege

210 2452 247 2491 «
286 2424 661 2494 commisso
672 2423 1006 2516 primitivo
1022 2430 1246 2494 curato
1260 2426 1647 2517 respondere
1664 2431 1935 2494 tenetur.
1962 2423 2129 2506 Quia
2147 2424 2527 2517 hujusmodi

218 2533 641 2622 «dignitates
685 2533 1014 2620 habenteS‚
1074 2532 1387 2601 dicuntur
1436 2532 1713 2601 retinere
1759 2532 2071 2601 duntaxat
2117 2530 2524 2605 habitualem

218 2667 251 2704 «
288 2661 555 2718 euram,
584 2660 730 2728 quae
757 2660 891 2706 non
925 2640 1136 2707 veniat
1161 2638 1590 2730 appellatione
1618 2661 1795 2709 curae
1824 2640 2222 2709 animarum.
2259 2667 2293 2708 »
2334 2642 2521 2732 (Cec-

224 2772 253 2807 α
285 2745 618 2835 coperius‚
650 2745 696 2812 l.
735 2768 822 2828 nv,
851 2744 948 2812 tit.
983 2767 1123 2833 vm,
1151 2768 1220 2813 n.
1252 2745 1347 2836 8.)

297 2851 375 2920 3⁰
403 2851 476 2920 Si
500 2851 584 2918 ab
609 2850 928 2942 Episcopo
949 2851 1110 2919 facta
1139 2852 1330 2919 fuerit
1349 2853 1718 2920 distributio
1743 2852 2058 2919 ordinum
2079 2874 2116 2918 a
2136 2851 2526 2919 Tridentino

220 2957 777 3048 praescriptorum,
796 2957 1150 3046 requiritur
1176 2979 1296 3046 pro
1315 2978 1713 3046 unaquaque
1733 2955 2084 3046 praebenda
2104 2960 2219 3022 aut
2235 2957 2527 3046 portione

223 3066 362 3133 talis
385 3069 565 3150 aetaS,
599 3069 675 3130 ut
703 3063 1003 3153 provisus
1038 3063 1243 3152 possit
1270 3061 1499 3129 saltem
1532 3062 1706 3129 infra
1730 3082 1983 3128 annum
2031 3060 2311 3153 recipere
2343 3062 2529 3130 ordi-

225 3190 375 3239 nem
418 3171 582 3238 huic
624 3169 989 3260 praebendae
1029 3168 1133 3236 vel
1175 3167 1462 3258 portioni
1512 3189 1868 3235 annexum.
1920 3165 2102 3235 AEtas
2152 3173 2368 3234 autem
2408 3189 2526 3259 pro

227 3297 624 3366 unoquoque
645 3275 872 3344 ordine
901 3276 995 3344 sic
1021 3275 1276 3343 decreta
1303 3279 1396 3342 est
1423 3297 1462 3341 a
1480 3273 1906 3342 Tridentino:
1941 3273 2196 3345 Nullus
2216 3274 2286 3341 in
2296 3288 2524 3366 poste·

230 3404 375 3451 rum
431 3382 528 3450 ad
576 3382 1090 3451 subdiaconatus
1150 3380 1450 3448 ordinem
1502 3392 1662 3449 ante
1718 3380 2111 3472 viqesimum
2164 3382 2523 3450 secundum

231 3512 507 3574 annum,
541 3489 635 3557 ad
675 3488 1066 3557 diaconatus
1102 3500 1263 3556 ante
1293 3488 1688 3578 viqesimum
1726 3488 2026 3568 tertium,
2059 3487 2155 3556 ad
2170 3490 2524 3579 presbyte-

230 3609 415 3663 ratus
446 3605 603 3662 ante
623 3594 1014 3683 viqesimum
1036 3594 1345 3682 quintum
1368 3594 1592 3660 oetatis
1615 3616 1751 3661 suoe
1767 3616 2027 3661 annum
2036 3606 2524 3684 promoveatur

236 3701 404 3790 (sess.
446 3700 558 3785 23,
593 3723 651 3768 c.
687 3699 821 3790 12).
851 3698 1032 3765 Anni
1051 3705 1269 3766 autem
1296 3701 1366 3764 in
1392 3699 1519 3764 hoc
1548 3699 1795 3766 decreto
1818 3699 2260 3780 determinati,
2291 3696 2526 3764 intelli-

232 3815 481 3897 guntur
525 3807 825 3898 incoepti2
866 3827 1002 3873 non
1057 3808 1277 3871 autem
1324 3803 1651 3893 completi,
1702 3810 1897 3892 prout
1938 3805 2286 3873 declaravit
2333 3802 2525 3875 Sacra

236 3912 657 4004 Congregatio
676 3911 962 3995 concilii,
992 3915 1055 3978 et
1072 3908 1338 3978 tradunt
1367 3907 1735 3977 canonistae.
1763 3907 1954 3999 (Vide
1971 3909 2517 4001 Scarfantonium,

238 4023 279 4085 t.
313 4019 397 4100 11,
432 4044 498 4111 p.
539 4017 689 4102 163,
723 4041 790 4086 n.
833 4016 968 4107 13.)
997 4016 1185 4085 Unde
1218 4039 1334 4107 pro
1372 4017 1842 4085 subdiaconatu
1880 4016 2210 4085 sufficiunt
2236 4020 2314 4087 21
2365 4023 2522 4089 anni

232 4125 560 4218 -completi,
590 4146 709 4216 pro
722 4124 1065 4218 diaconatu
1093 4124 1180 4191 22
1206 4122 1533 4214 completi,
1560 4128 1622 4189 et
1640 4143 1757 4211 pro
1778 4121 2215 4212 presbyteratu
2237 4126 2323 4195 24
2348 4150 2522 4196 com-

243 4231 410 4320 pleti.
460 4230 739 4301 Proinde
774 4252 927 4299 cum
971 4230 1246 4298 sufficiat
1287 4234 1360 4295 ut
1403 4227 1587 4316 infra
1628 4249 1884 4296 annum
1923 4228 2057 4321 apti
2094 4230 2223 4298 sint
2254 4232 2335 4298 ad
2364 4231 2524 4297 reci·

244 4337 549 4426 piendum
587 4335 885 4405 ordinem
931 4357 1063 4405 suae
1112 4331 1476 4425 praebendae
1517 4334 1815 4424 affixum,
1864 4337 2396 4406 concludendum
2429 4335 2524 4394 est
