2930 4982
1134 349 1211 394 nn
1257 347 1581 394 εΑΡιτυιιε.
2388 339 2514 397 385

248 492 420 554 rum3
449 472 604 538 hoc
613 472 794 539 enim
821 476 1160 558 tamquam
1189 467 1619 583 simoniacum
1644 469 2066 560 reprobatur
2049 493 2119 538 111
2150 492 2400 540 canone
2431 473 2518 540 Si

246 577 375 666 quis
387 574 808 667 praebendas,
847 577 874 642 1
890 599 1003 665 ,.q
1036 574 1168 643 3.»

319 681 383 749 ln
411 684 511 750 his
541 705 689 772 quae
720 687 1001 772 tangunt
1047 682 1356 749 interesse
1403 678 1970 767 beneficiatorum,
2001 683 2224 772 nequit
2251 683 2514 771 capitu-

240 788 365 856 lum
389 796 661 858 statuere
690 791 830 857 sine
859 788 1241 856 eorumdem
1278 786 1822 857 beneficiatorum
1871 809 2151 857 assensu.
2184 788 2297 881 (Ex
2327 788 2512 877 Rota,

240 893 416 962 deciS.
452 895 568 982 57,
601 916 824 963 coram
853 892 1264 983 Cavallerio.)

325 1000 694 1082 «Quamvis
717 999 1112 1090 capitulum,
1142 1005 1217 1066 ut
1239 998 1549 1082 diximus,
1577 1000 1878 1089 quaedam
1903 998 2145 1067 leviora
2170 1003 2367 1091 possit
2395 1010 2520 1073 sta-

237 1112 401 1173 tuere
430 1107 574 1174 sine
608 1128 931 1175 consensu
963 1105 1290 1195 Episcopi,
1326 1111 1601 1195 quatuor
1630 1111 1845 1173 tamen
1875 1105 2280 1174 conditiones
2306 1108 2527 1198 requi-

232 1217 467 1278 runtur
507 1216 582 1279 ut
634 1210 842 1278 valeat
889 1211 1222 1278 conditum
1272 1233 1310 1277 a
1357 1211 1640 1301 capitulo
1689 1216 2039 1292 statutum;
2107 1212 2295 1280 sicuti
2348 1219 2528 1284 notat

231 1313 509 1385 Barbosa
548 1317 667 1406 (De
676 1316 836 1406 jure
860 1316 1108 1394 ecclesi„
1141 1316 1187 1383 l.
1222 1315 1276 1403 l,
1306 1337 1364 1383 c.
1400 1314 1492 1406 2).
1523 1315 1753 1384 Primo
1786 1316 2056 1400 scilicet,
2100 1325 2172 1385 ut
2197 1320 2523 1411 capitula-

230 1443 321 1489 res
338 1425 747 1491 consentiant
778 1424 847 1489 in
875 1423 999 1489 tale
1019 1428 1359 1508 statutum,
1386 1444 1519 1488 non
1543 1422 1772 1510 quovis
1794 1423 1864 1489 in
1891 1423 2061 1505 loco,
2090 1425 2197 1491 sed
2229 1424 2294 1491 in
2329 1426 2524 1495 domo

231 1549 333 1596 seu
357 1530 650 1598 conclavi
672 1530 752 1598 ad
780 1530 1061 1620 capitula
1085 1527 1475 1596 celebranda
1495 1527 1821 1616 deputam,
1837 1530 2181 1597 'canonIcis
2203 1552 2335 1597 non
2367 1553 2527 1620 quo·

232 1638 699 1726 modocumque
742 1637 844 1704 vel
886 1635 1325 1725 singulariter,
1386 1635 1494 1701 sed
1539 1657 1655 1725 per
1713 1635 1988 1703 modum
2035 1637 2525 1706 communitatis

232 1745 601 1811 astantibus.
647 1740 968 1825 Secunde,
1019 1741 1191 1830 quod
1235 1740 1378 1808 duae
1419 1740 1646 1808 saltem
1676 1748 1886 1831 partes
1913 1742 2375 1833 capitularium
2403 1745 2519 1813 ad-

231 1848 369 1919 sint.
403 1849 655 1926 Tertio‚
694 1856 766 1916 ut
790 1871 1013 1917 omnes
1044 1850 1289 1916 fuerint
1315 1847 1519 1915 vocati
1534 1876 1551 1935 3
1586 1849 1879 1938 alioquin
1905 1873 2078 1918 unus
2104 1859 2519 1943 contemptus

229 1975 329 2023 seu
348 1979 486 2026 non
510 1962 772 2025 vocatus
816 1979 973 2023 cum
1004 1956 1224 2022 vocari
1261 1953 1614 2036 debuisset,
1644 1961 1856 2044 posset
1894 1956 2245 2024 reclamare
2269 1964 2521 2027 actum·

225 2081 343 2148 que
381 2063 666 2149 irritare,
718 2063 848 2129 nisi
896 2063 981 2130 ob
1029 2062 1288 2129 bonum
1330 2060 1509 2149 pacis
1556 2066 1772 2150 postea
1811 2064 2170 2131 consentire
2216 2064 2515 2132 voluerit.

228 2167 515 2254 Quarto,
541 2171 852 2256 utmajor
872 2173 935 2234 et
962 2167 1181 2234 sanior
1205 2187 1353 2255 pars
1399 2166 1669 2232 illorum
1699 2166 1817 2253 qui
1842 2165 2074 2233 adsunt
2101 2174 2333 2236 statuto
2360 2192 2521 2237 con-

222 2272 481 2339 sentiat.
530 2271 717 2352 Quod
752 2274 831 2339 de
866 2278 1103 2340 statuto
1138 2271 1446 2356 diximus,
1498 2271 1824 2358 intelligas
1865 2270 2056 2338 etiam
2083 2273 2163 2340 de
2191 2276 2521 2355 mandato,

222 2377 706 2464 commissione,
737 2383 861 2445 etc.
890 2402 926 2443 »

316 2512 353 2552 «
378 2483 528 2553 Dixi
559 2485 855 2575 superius
885 2486 1119 2552 statuta
1152 2505 1297 2573 quae
1333 2483 1557 2552 fecerit
1588 2483 1952 2574 capitulum
1982 2485 2060 2553 de
2094 2486 2288 2556 rebus
2322 2487 2518 2558 levio-

221 2589 402 2658 ribus
432 2613 564 2659 non
590 2612 722 2658 esse
748 2590 818 2657 in
849 2591 1063 2678 rigore
1088 2589 1285 2678 leges..
1316 2590 1425 2656 sed
1456 2611 1667 2657 meras
1695 2590 2140 2679 obligationeS,
2163 2594 2516 2663 ordinatio-

220 2717 360 2781 nes,
411 2704 563 2783 etc.,
615 2698 699 2765 ob
745 2696 1070 2765 defectum
1117 2719 1354 2787 nempe
1393 2696 1871 2786 jurisdictionis
1926 2700 1998 2764 in
2045 2701 2328 2789 capitulo
2369 2703 2515 2768 sede

219 2805 467 2893 plena:
499 2825 656 2869 nam
697 2804 993 2891 quamvis
1032 2825 1179 2870 eam
1219 2804 1320 2870 illi
1364 2806 1573 2870 inesse
1620 2827 1739 2892 pro
1772 2805 1875 2869 his
1909 2804 2263 2871 levioribus
2291 2805 2514 2872 decer-

219 2907 463 2974 nendis
488 2905 689 2971 velint
724 2905 1052 2986 nonnulli,
1086 2905 1218 2971 sive
1252 2928 1329 2973 ex
1368 2907 1710 2972 communi
1741 2908 2233 2983 consuetudine,
2281 2909 2412 2977 sive
2440 2933 2514 2978 ex

220 3015 417 3081 tacito
460 3033 784 3080 consensu
833 3009 1194 3093 pontificis,
1230 3012 1549 3077 contraria
1592 3017 1811 3078 tamen
1836 3013 2059 3100 opinio
2086 3013 2340 3082 videtur
2368 3039 2511 3105 pro-

221 3119 503 3188 babilior
537 3142 553 3186 ε
593 3117 769 3185 unde
806 3115 1127 3205 ejusmodi
1169 3117 1435 3206 capituli
1477 3122 1711 3184 statuta
1750 3139 1880 3183 non
1910 3102 2150 3185 habent
2177 3121 2314 3186 vim
2343 3124 2511 3191 obli-

224 3227 417 3313 gandi
450 3246 526 3292 ex
570 3225 837 3315 praecisa
882 3228 1187 3313 potestate
1237 3229 1301 3290 et
1343 3223 1668 3290 voluntate
1721 3246 1793 3296 ea
1843 3223 2128 3310 ferentiS,
2174 3228 2283 3295 sed
2329 3251 2403 3298 ex
2441 3234 2503 3302 vi

223 3334 417 3421 pacti,
452 3331 896 3422 promissionis
924 3336 988 3397 et
1000 3331 1388 3419 juramenti,
1425 3352 1556 3419 quo
1581 3330 1823 3418 singuli
1852 3332 2232 3421 capitulares
2259 3341 2501 3426 promi-

225 3442 426 3508 serint
465 3439 639 3528 quod
683 3437 797 3503 illa
827 3436 1254 3525 acceptabun‘t
1278 3443 1341 3504 et
1370 3436 1827 3518 observabunt,
1868 3444 1941 3504 ut
1974 3444 2149 3506 notat
2185 3438 2501 3529 Sylvester

227 3545 402 3635 (voce
430 3550 590 3632 Lex,
623 3567 687 3633 q.
724 3545 822 3633 4).
851 3568 885 3607 »

316 3679 352 3718 «
379 3652 556 3719 Hinc
584 3652 654 3717 fit
677 3651 860 3717 locus
905 3648 1315 3726 dubitationi,
1348 3671 1430 3716 an
1470 3619 1838 3740 capitularis
1867 3658 2157 3721 teneatur
2174 3655 2252 3721 ad
2274 3656 2503 3721 obser-

226 3760 513 3826 vantiam
541 3756 771 3823 talium
802 3758 1211 3835 statutorum,
1254 3753 1513 3843 quando
1544 3758 1751 3845 major
1796 3778 1940 3845 pars
1966 3758 2234 3849 capituli
2262 3779 2336 3825 ea
2370 3781 2502 3826 non

226 3862 538 3931 observat.
582 3860 960 3950 Respondeo
990 3882 1145 3927 cum
1172 3858 1458 3928 Sanchez
1484 3858 1602 3951 (De
1617 3861 1913 3951 juram„
1946 3884 2004 3930 c.
2044 3862 2148 3950 15)
2179 3864 2495 3952 negative,

227 3968 580 4036 dummodo
608 3969 687 4035 de
724 3967 1010 4057 opposita
1030 3968 1310 4057 jurantis
1336 3974 1445 4035 aut
1465 3968 1895 4059 promittentis
1934 3976 2151 4035 mente
2181 3991 2311 4038 non
2342 3994 2505 4042 con-

229 4079 364 4141 stet.
409 4073 591 4142 Ratio
619 4079 713 4141 est
730 4075 884 4163 quia
912 4075 982 4141 in
1010 4074 1125 4141 tali
1168 4096 1323 4142 casu
1351 4074 1873 4154 inobservantiae,
1904 4093 2037 4138 non
2065 4081 2330 4162 putatur
2358 4081 2505 4168 quis

232 4199 293 4246 se
315 4180 657 4271 obligasse,
688 4181 797 4247 sed
835 4181 1138 4248 duntaxat
1165 4203 1232 4249 se
1263 4181 1578 4269 obligasse
1603 4200 1722 4267 pro
1752 4199 1904 4244 casu
1938 4201 2067 4268 quo
2096 4187 2407 4253 statutum
2436 4185 2505 4249 iu

234 4307 303 4353 ea
320 4287 729 4356 universitate
758 4287 1201 4357 observaretur
1235 4311 1251 4354 ε
1282 4290 1528 4355 constat
1551 4289 1766 4351 autem
1789 4286 1962 4374 quod
1993 4288 2062 4354 in
2091 4310 2164 4356 ea
2189 4285 2511 4356 universi·-

236 4395 355 4459 tate
374 4416 503 4462 non
528 4395 920 4478 observetur,
944 4395 1207 4482 quando
1235 4393 1315 4459 de
1342 4392 1508 4459 facto
1532 4413 1568 4458 a
1596 4393 1823 4479 maJori
1856 4394 1995 4484 ejus
2023 4401 2200 4483 parte
2227 4411 2355 4457 non
2392 4385 2506 4449 obr

2114 4512 2187 4556 25
