2930 4982
392 343 522 401 ⁴00
1364 350 1705 398 mACTA‘ms

295 464 306 473 ’
384 494 533 563 quae
555 490 727 540 anno
775 467 944 536 1822
975 472 1202 536 erectae
1237 474 1412 553 sunt,
1441 470 1553 558 jus
1611 473 1840 536 statuta
1872 489 1990 558 pro
2036 465 2337 558 capitulis
2362 468 2658 538 condendi

301 566 313 581 ⁴
389 581 465 648 ad
488 579 731 669 primos
755 574 1110 666 Episcopos
1143 575 1470 643 exclusive
1497 575 1834 665 pertinuit.

477 684 856 753 Pnoposmo
881 682 974 749 4⁸.
1002 720 1092 732 —
1116 683 1198 749 In
1227 681 1512 749 ecclesiis
1558 704 1738 748 anno
1786 680 1958 750 1822
1996 680 2223 748 erectis
2266 691 2523 749 statuta
2559 707 2658 751 ca·-

372 790 759 884 pitulorum
792 786 1154 879 supprimi,
1189 788 1421 879 auqeri
1458 800 1523 856 et
1553 788 1814 862 mutari
1842 798 2179 877 nequeunt
2209 787 2340 854 nisi
2345 787 2545 876 juxta
2553 791 2657 879 jus

386 917 758 964 commune.
799 931 892 946 —
909 893 1073 961 Nam
1094 892 1247 961 Pius
1276 892 1395 960 Vll
1418 893 1489 960 in
1515 914 1632 961 sua
1656 892 1836 961 bulla
1860 895 2170 959 Paternae
2201 891 2504 958 caritatis
2523 895 2657 960 anni

390 1003 586 1082 1822,
613 1002 751 1091 juri
778 999 1112 1070 communi
1140 1004 1396 1067 tantum
1424 999 1756 1087 derogavit
1784 997 1996 1087 quoad
2025 1001 2410 1065 statutorum
2443 1001 2662 1069 confec-

389 1108 659 1188 tionem,
687 1127 886 1195 quam
915 1103 1236 1172 exclusive
1283 1104 1512 1171 tribuit
1545 1103 1778 1194 primis
1811 1124 2130 1170 novarum
2161 1102 2414 1170 sedium
2447 1103 2662 1174 Praesu-

388 1214 562 1281 libus
586 1240 603 1298 ;
632 1212 712 1278 de
736 1210 1210 1278 successoribus
1233 1231 1385 1277 vero
1415 1231 1643 1276 eorum
1666 1208 1835 1275 nihil
1861 1208 2161 1275 decrevit.
2189 1207 2378 1277 Unde
2400 1209 2522 1279 hoc
2548 1213 2662 1302 ipso

389 1317 601 1407 quoad
647 1336 1046 1384 successores
1088 1314 1233 1381 illos
1273 1317 1385 1405 jus
1446 1335 1804 1383 commune
1853 1315 2173 1382 intactum
2224 1315 2524 1384 relictum
2562 1325 2659 1386 est.

353 1464 356 1467 Α
387 1423 761 1493 Notandum
791 1427 1009 1489 autem
1055 1426 1151 1488 est
1174 1421 1531 1488 discrimen
1562 1421 1727 1488 illud
1772 1421 1941 1488 inter
1964 1421 2259 1490 ecclesias
2284 1444 2460 1491 anno
2488 1423 2665 1511 1802,

388 1531 452 1595 et
505 1528 804 1596 ecclesias
853 1548 1025 1595 anno
1070 1525 1243 1594 1822
1287 1533 1549 1595 erectas.
1606 1526 1773 1595 Nam
1814 1528 2024 1617 quoad
2071 1528 2312 1619 priores
2357 1530 2666 1598 decretum

388 1633 745 1703 Cardinalis
790 1633 1088 1722 Caprarae
1128 1635 1405 1722 providit
1454 1640 1528 1700 ut
1559 1639 1816 1701 -statuta
1875 1633 2312 1725 capitulorum
2363 1644 2601 1726 possent
2633 1660 2668 1706 a

387 1738 861 1806 successoribus
897 1739 1266 1828 primorum
1311 1737 1790 1827 Episcoporum
1839 1740 2203 1826 immutari,
2241 1741 2540 1830 requisito
2573 1764 2669 1810 ca-

384 1842 579 1932 pituli
618 1842 915 1928 consili03
950 1842 1120 1930 quod
1156 1841 1234 1908 de
1277 1841 1614 1930 proximiS,
1644 1865 1777 1910 non
1819 1864 1969 1910 vero
1991 1843 2069 1910 de
2096 1846 2408 1913 omnibus
2436 1847 2504 1913 in
2530 1870 2666 1938 per-

390 1955 663 2038 petuum
712 1946 1191 2016 successoribus
1238 1946 1804 2036 interpretandum
1858 1969 2054 2037 supra
2104 1948 2430 2018 diximus:
2477 1953 2664 2042 quoad

390 2061 772 2149 posteriores
816 2079 968 2126 vero
998 2056 1265 2124 nullum
1313 2059 1586 2125 omnino
1630 2059 2111 2127 successoribus
2134 2059 2468 2153 Episcopis
2495 2086 2661 2153 pecu-

390 2166 549 2233 liare
568 2168 677 2254 jus
706 2164 1105 2236 attribuitur.

481 2272 867 2341 Pnorosmo
897 2270 986 2338 5⁰.
1038 2307 1130 2320 —
1170 2272 1356 2360 Erqo
1384 2269 1505 2360 jus
1539 2270 1969 2360 particulare
2013 2271 2239 2362 quoad
2274 2273 2572 2363 capitula
2597 2274 2655 2341 in

397 2378 643 2446 Galliae
672 2377 950 2445 ecclesiis
977 2376 1119 2466 fuit
1151 2376 1617 2451 transitorium
1648 2399 1763 2443 seu
1809 2376 1902 2444 ad
1929 2388 2209 2468 tempus,
2259 2401 2407 2446 cum
2438 2379 2657 2470 primis

389 2505 626 2573 nempe
672 2506 1007 2550 novarum
1049 2482 1473 2550 ecclesiarum
1515 2484 1866 2575 Episcopis
1919 2480 2038 2555 aut
2081 2508 2308 2553 eorum
2341 2488 2659 2578 proximis

389 2589 855 2655 successoribus
883 2587 1414 2677 extinquendum
1455 2602 1522 2656 et
1558 2591 1929 2657 extinctum
1962 2630 2050 2644 -—
2088 2593 2375 2681 sequitur
2398 2616 2470 2659 ex
2501 2614 2662 2681 prae-

390 2691 790 2759 cedentibuS.
828 2691 1012 2759 Unde
1043 2694 1395 2779 generatim
1425 2696 1781 2763 tenendum
1812 2699 2069 2772 videtur
2105 2699 2286 2767 hodie
2319 2698 2656 2788 Episcopos

392 2804 454 2865 et
492 2797 772 2888 capitula
817 2795 1041 2864 Galliae
1086 2797 1439 2887 respective
1477 2799 1598 2866 sub
1639 2802 1793 2889 jure
1832 2806 2174 2871 communi
2220 2804 2536 2873 constitui.
2583 2803 2661 2872 ln

392 2906 810 2995 expendendo
838 2911 1053 2972 autem
1075 2906 1225 2993 jure
1260 2907 1624 2990 communi,
1661 2908 1955 2977 habenda
1985 2915 2079 2977 est
2099 2912 2262 2978 ratio
2291 2916 2657 2979 statutorum

390 3011 803 3079 existentium
833 3018 1150 3102 quatenus
1178 3012 1257 3079 ab
1285 3013 1631 3104 Episcop0,
1675 3017 2008 3107 autetiam
2039 3018 2335 3106 quaedam
2366 3040 2403 3086 a
2449 3018 2659 3088 Sancta

389 3115 574 3203 Sede,
609 3118 1139 3208 approbatorum,
1165 3125 1225 3186 et
1252 3119 1578 3207 legitimas
1602 3122 1887 3190 ecclesiae
1916 3125 2417 3192 consuetudines
2445 3126 2657 3193 consti·

387 3211 756 3293 tuentium}
803 3227 987 3294 aliter
1032 3227 1238 3314 enim,
1272 3236 1343 3294 ut
1385 3229 1694 3312 vidimuS‚
1729 3232 1841 3318 jus
1874 3252 2225 3298 commune
2258 3236 2483 3300 statuit
2507 3236 2657 3301 circa

390 3328 771 3418 hujusmodi
817 3338 1085 3415 statuta,
1139 3356 1212 3401 ac
1266 3334 1436 3401 circa
1468 3335 1579 3402 illa
1619 3357 1766 3423 quae
1805 3337 1938 3403 sola
1990 3338 2257 3428 capituli
2304 3341 2656 3408 auctoritate

390 3435 629 3524 absque
657 3437 959 3527 Episcopi
989 3463 1302 3508 consensu
1338 3442 1627 3508 confecta
1659 3431 1956 3513 fuissent.

1342 3717 1630 3777 CAPUT
1687 3718 1739 3775 V

570 3886 645 3929 DE
687 3886 831 3930 JURE
874 3886 1143 3931 GAPITULI
1186 3887 1379 3939 QUOAD
1422 3889 1692 3934 SYNODUM
1735 3890 1812 3934 ΕΤ
1850 3891 2177 3937 SYNODALIA
2217 3893 2483 3941 STATUTA

480 4062 540 4128 1.
599 4066 863 4136 Certum
915 4078 1009 4139 est
1058 4070 1453 4164 Episcopum
1505 4095 1639 4142 non
1695 4082 1950 4146 tantum
2002 4080 2138 4147 sine
2192 4101 2509 4149 consensu
2555 4073 2647 4146 sed

379 4166 571 4235 etiam
598 4170 739 4237 sine
762 4177 1029 4245 consilio
1058 4181 1321 4270 capituli
1356 4182 1642 4249 indicere
1678 4189 1739 4250 et
1760 4191 1990 4274 ‘cogere
2026 4208 2208 4277 posse
2236 4187 2648 4255 dicecesanam

379 4274 725 4363 synodum.
748 4275 914 4345 Vide
927 4285 1370 4369 probationem
1390 4290 1557 4379 apud
1577 4288 2102 4361 Scarfantonium
2128 4292 2198 4384 (t.
2229 4292 2311 4376 ll,
2329 4315 2482 4384 pag.
2509 4291 2647 4374 124,

382 4383 497 4452 ubi
526 4380 845 4474 plurimas
865 4394 1156 4476 congerit
1182 4396 1632 4489 auctoritates).
1668 4397 1976 4467 Decisum
2004 4401 2198 4469 etiam
2227 4407 2320 4470 est
2345 4401 2585 4490 pluries
2617 4417 2650 4462 a
