2930 4982
439 317 566 373 ⁴82
1416 321 1761 368 inamatus

437 447 556 515 bus
596 446 978 513 ministrare
1025 443 1283 510 debebit
1323 441 1403 531 (c.
1453 440 1523 510 Si
1563 441 1945 532 Episcopus,
1988 442 2085 507 De
2124 438 2501 530 supplenda
2535 443 2686 532 περί.

429 554 626 622 Proel.
683 553 751 619 in
786 551 879 642 6).
923 550 1038 617 llla
1066 550 1263 617 verba
1308 571 1387 615 ae
1427 548 1488 615 si
1533 547 1709 615 sedes
1735 569 1864 638 per
1899 559 2183 614 mortem
2226 558 2515 630 vacaret,
2538 549 2691 615 'clare

427 660 652 729 docent
688 658 767 725 ad
806 656 1169 747 capitulum
1195 657 1539 745 pertinere,
1568 661 1630 722 et
1653 654 1917 743 quidem
1949 676 2023 721 ex
2054 655 2206 743 jur‘e
2232 655 2564 722 communi
2582 658 2690 744 Jam

424 773 609 835 antea
638 768 920 854 vigente,
954 765 1030 832 ad
1042 762 2214 850 ministi-ationenQdioecesis,mortuo
2233 759 2570 850 Episcopo,

514 874 692 941 ldem
775 872 1087 961 supponit
1159 872 1298 937 haec
1372 871 1501 937 alia
1588 871 1878 959 ejusdem
1940 868 2266 936 Pontificis
2333 868 2686 938 decretalis:

423 979 736 1047 Ecclesia?
760 976 1126 1045 cathedrali
1156 988 1459 1057 vacante,
1491 976 1801 1044 visitator
1830 977 1916 1044 ab
1952 975 2088 1043 alio
2118 997 2322 1064 quam
2355 997 2397 1040 a
2427 977 2690 1042 Romano

419 1083 745 1172 Ponlzfice
781 1080 1093 1173 deputari
1121 1104 1257 1148 non
1279 1092 1508 1172 potest
1538 1106 1562 1147 .·
1599 1081 1738 1148 nisi
1757 1083 1936 1171 forte
1982 1079 2359 1170 capitulum
2397 1079 2469 1146 in
2520 1081 2689 1170 spiri-

424 1188 724 1257 tualibus
752 1200 814 1254 et
840 1187 1327 1277 temporalibus
1356 1187 1777 1277 neqliqenter
1795 1199 1913 1253 aut
1924 1208 2275 1277 perperam
2297 1183 2689 1254 administret
2756 1170 2761 1177 ’

419 1295 501 1385 (c.
535 1293 863 1375 Ecclesiae,
893 1296 988 1359 De
1002 1291 1380 1383 supplenda
1409 1293 1664 1383 neqlz'q.
1689 1292 1928 1382 prael„
1967 1293 2033 1358 in
2068 1290 2159 1381 6).

507 1400 686 1468 Idem
729 1404 804 1466 ut
854 1407 1106 1467 certum
1160 1398 1471 1488 supponit
1531 1397 1994 1466 Tridentinum
2046 1397 2403 1464 concilium
2451 1398 2684 1483 (sess‚7,

417 1527 478 1576 c.
518 1506 625 1594 10)
669 1529 685 1572 τ
719 1508 872 1575 Non
931 1505 1126 1571 liceat
1154 1504 1471 1594 capitulis
1501 1492 1945 1582 ecclesiarum,
1986 1500 2133 1570 sede
2189 1513 2486 1583 vacante,
2536 1503 2686 1591 infra

416 1633 672 1678 annum
704 1634 747 1677 a
793 1609 897 1677 die
919 1609 1317 1677 vacationis
1370 1607 1731 1676 ordinandi
1781 1607 2122 1685 licentiam
2169 1605 2519 1673 concedere.
2576 1605 2684 1673 Ubi

414 1721 585 1784 certe
628 1716 937 1805 supponit
963 1715 1241 1805 capitula
1292 1716 1819 1803 jurisdictionem
1870 1714 2137 1795 habere,
2190 1736 2348 1782 cum
2381 1713 2552 1781 illam
2580 1734 2683 1802 pro

413 1843 563 1892 casu
587 1820 961 1912 particulari
995 1821 1338 1909 restringat
1360 1844 1477 1911 per
1507 1822 1703 1910 primi
1734 1820 1891 1888 anni
1927 1819 2232 1910 spatium.

500 1927 663 1996 Item
692 1930 759 1994 in
786 1928 989 2018 capite
1008 1927 1117 2010 16,
1151 1929 1454 1995 sessionis
1496 1927 1614 2013 24,
1635 1927 1799 1994 dum
1816 1925 2334 2014 sanctasynodus
2353 1923 2680 2015 praescribit

412 2035 939 2103 constituendum
969 2032 1140 2099 infra
1188 2040 1333 2100 octo
1365 2032 1501 2100 dies
1531 2056 1567 2100 a
1593 2033 1874 2124 capitulo
1902 2033 2255 2118 vicarium,
2291 2031 2392 2098 vel
2433 2033 2678 2098 existen-

410 2144 542 2207 tem
566 2140 1115 2221 confirmandum,
1149 2162 1224 2206 eo
1248 2139 1387 2229 ipso
1410 2139 1868 2228 aequivalenter
1891 2137 2169 2205 declarat
2190 2137 2678 2226 jurisdictionem

410 2245 486 2314 in
517 2247 822 2335 capitulo,
855 2246 1001 2324 sede
1014 2252 1304 2333 vacante,
1334 2247 1640 2326 residere,
1666 2252 1728 2313 et
1756 2245 1838 2313 ab
1873 2246 2013 2336 ipso
2043 2265 2226 2336 posse
2248 2245 2530 2312 exerceri
2571 2243 2676 2333 pri·

408 2353 537 2419 mis
565 2360 708 2420 octo
729 2354 982 2421 diebus·
1369 2370 1372 2375 ⁴
2162 2431 2168 2435 ,

498 2456 614 2525 Jus
660 2480 815 2546 ergo
855 2458 1060 2529 illud„
1076 2459 1470 2527 succedendi
1516 2458 1851 2549 Episcopo·
1894 2458 1964 2526 in
2009 2456 2488 2547 jurisdictione,
2568 2459 2676 2524 toto

353 2624 370 2638 ,
406 2566 696 2651 tempore
716 2584 847 2650 quo
881 2570 1063 2630 vacat
1092 2567 1295 2648 sedes,
1332 2566 1866 2655 antiquissimum
1887 2570 1980 2632 est
2009 2587 2024 2631 ε
2073 2585 2194 2631 nec
2240 2564 2406 2631 -illud
2452 2561 2679 2628 invexit

405 2664 895 2758 Tridentinum,
921 2668 1031 2734 sed
1065 2674 1319 2736 tantum
1379 2692 1454 2737 ex
1504 2677 1683 2760 parte
1721 2671 2028 2758 restringi
2055 2669 2271 2762 voluit.
2299 2667 2466 2734 Dum
2501 2665 2673 2732 enim

349 2851 364 2862 ,
405 2779 589 2842 an'tea
616 2778 863 2864 poterat
912 2774 1270 2862 capitulum
1316 2797 1431 2866 per
1458 2796 1526 2843 se
1572 2776 1789 2865 ipsum
1833 2775 2165 2847 dioecesim
2217 2771 2671 2857 administrare,

403 2881 727 2969 sapienter
746 2880 834 2954 ad·
851 2880 1143 2949 vitandas
1169 2880 1625 2972 capitularium
1649 2881 1714 2947 in
1742 2880 2164 2949 deliberando
2194 2879 2674 2946 conflictationes

399 2982 711 3072 decrevit,
743 2992 816 3053 ut
837 2989 977 3075 jam
1029 2974 1169 3055 'non
1225 2988 1525 3055 ei⁵ultra
1553 2986 1595 3053 8
1627 2987 1764 3054 dies
1804 2985 2181 3055 exercitium
2221 2983 2671 3074 jurisdictionis

400 3090 907 3179 permitteretur,
947 3089 1055 3160 sed
1089 3095 1169 3161 ad
1215 3094 1392 3161 illam
1426 3117 1545 3185 per
1562 3081 1893 3161 ‘vicarium
1945 3091 2389 3183 capitulariter
2431 3092 2670 3183 deputa-

398 3198 541 3262 tum
574 3193 1026 3278 exercendam,
1055 3206 1196 3289 post
1243 3199 1488 3269 dictum
1528 3199 1569 3267 8
1626 3199 1884 3267 dierum
1913 3198 2300 3281 terminum,
2337 3203 2664 3266 teneretur.

484 3298 681 3367 Nulla
718 3309 934 3369 autem
963 3305 1173 3371 existit
1201 3306 1370 3372 inter
1415 3295 1706 3389 doctores
1734 3305 1901 3373 circa
1929 3303 2298 3394 generalem
2328 3303 2509 3371 illam
2547 3302 2668 3368 the-

395 3404 521 3474 sim
569 3399 1036 3475 controversia(
1078 3408 1304 3476 Unum
1347 3432 1502 3497 ergo
1538 3411 1710 3478 inter
1751 3411 1930 3492 alios,
1979 3415 2051 3477 ut
2099 3411 2434 3479 evolvatur
2476 3407 2665 3500 potius

394 3531 595 3601 quam
625 3516 699 3579 ut
725 3512 1038 3603 probetur
1070 3535 1349 3605 praesens
1379 3522 1597 3607 caput,
1631 3518 1829 3585 citare
1854 3518 2006 3586 satis
2033 3518 2178 3585 erit.

493 3644 529 3684 «
571 3619 674 3687 Ad
709 3620 1073 3709 capitulum
1096 3620 1488 3707 cathedrale,
1538 3624 1686 3691 sede
1731 3628 1999 3691 vacante
2040 3621 2174 3691 sive
2203 3644 2322 3712 per
2377 3626 2658 3701 mortem,

400 3750 437 3791 α
480 3726 614 3794 sive
669 3748 785 3817 per
844 3728 1432 3812 renunciationem,
1494 3729 1979 3796 translationem
2056 3732 2167 3795 aut
2215 3727 2665 3817 depositionem

395 3857 431 3900 «
470 3832 799 3927 Episcopi,
856 3836 1134 3926 pertinet
1180 3835 1290 3924 jus
1336 3835 1914 3903 administrationis
1961 3839 2023 3901 et
2060 3833 2456 3923 jurisdictio.
2504 3828 2665 3899 Gerit

397 3960 433 4000 «
478 3938 656 4027 enim
708 3942 1070 4030 capitulum
1101 3940 1223 4006 tale
1264 3942 1432 4007 vices
1462 3939 1792 4030 Episcopi,
1826 3946 1888 4007 et
1915 3935 2203 4008 succedit
2250 3941 2321 4006 in
2363 3937 2661 4029 jurisdic-

392 4067 429 4109 α
471 4042 645 4109 tione
677 4046 1066 4140 Episcopali,
1102 4068 1301 4134 eaque
1321 4046 1399 4112 ad
1428 4045 1591 4112 illud
1632 4048 2018 4126 devolvitur.
2051 4046 2237 4114 Unde
2263 4047 2504 4113 dicitur
2522 4061 2662 4111 suc-

388 4173 425 4215 «
471 4168 679 4216 cessor
731 4149 1053 4240 Episcopi,
1116 4152 1272 4240 quia
1310 4152 1832 4240 jurisdictionem
1880 4153 2329 4242 Episcopalem
2360 4165 2655 4239 tanquam

370 4281 422 4319 2«
468 4256 610 4345 ejus
658 4275 985 4321 successor
1032 4259 1246 4325 habet.
1277 4258 1357 4325 Et
1385 4259 1541 4325 hinc
1574 4260 1710 4346 jam
1740 4258 1980 4326 dicitur
2006 4259 2183 4327 idem
2215 4264 2277 4325 et
2296 4277 2504 4324 unum
2526 4271 2654 4320 esse

380 4385 415 4424 «
462 4384 616 4429 cum
646 4359 969 4450 Episcopo
986 4386 1005 4445 3
1031 4382 1186 4429 cum
1217 4370 1573 4432 antecessor
1594 4370 1654 4432 et
1680 4379 2033 4435 ‘successor
2083 4386 2203 4454 pro
2235 4385 2368 4432 una
2392 4374 2650 4455 persona
