2930 4982
402 381 436 435 8
449 382 483 436 4
1374 374 1718 425 ΤΒΑΟΤΑΪΌΒ

403 535 441 575 «
464 507 657 577 habet
701 500 1222 596 jurisdictionem
1264 498 1691 581 ordinariam,
1755 498 1897 560 tum
1967 492 2122 581 quia
2154 489 2679 581 jurisdictionem

401 612 860 682 «ordinariam
891 607 1118 675 tribuit
1145 609 1454 696 perpetua
1480 601 1742 683 vicaria,
1778 605 1922 667 tum
1966 597 2122 688 quia
2151 599 2289 687 ejus
2311 596 2680 687 jurisdictio

401 747 434 787 κ
462 726 555 791 est
577 719 653 787 ad
682 714 1163 785 universitatem
1185 708 1552 779 causarum.
1579 732 1615 774 »

479 826 549 896 Si
595 847 749 913 ergo
798 821 985 889 hodie
1055 818 1126 885 in
1174 816 1390 906 aliqua
1439 813 1705 883 ecclesia
1762 809 2117 880 cathedrali
2183 808 2682 880 constitueretur

387 951 577 999 verus
604 936 666 996 et
690 925 1052 995 secundum
1078 919 1189 1011 ju's
1218 940 1570 989 commune
1591 916 2113 1000 archidiaconuS,
2149 921 2450 1008 potestate
2483 916 2678 985 modo

385 1035 698 1125 descripta
753 1033 1043 1122 polleret.
1111 1027 1236 1097 Sed
1285 1026 1531 1095 desiere
1554 1028 1694 1116 jam
1741 1025 1874 1093 fere
1938 1023 2182 1113 ubique
2236 1023 2680 1092 archidiaconi

383 1141 637 1233 proprie
677 1140 856 1219 dicti,
897 1138 963 1205 id
992 1140 1111 1222 est,
1154 1132 1552 1202 ordinariam
1572 1130 2096 1223 jurisdictionem
2142 1151 2415 1220 eamque
2452 1140 2706 1223 perpe-⁸

382 1255 558 1316 tuam
613 1246 959 1328 habentes3
1021 1248 1084 1309 et
1135 1246 1279 1307 tum
1349 1262 1467 1330 per
1516 1235 1875 1329 ipsummet
1940 1239 2273 1306 decretum
2335 1236 2677 1306 erectionis

378 1353 666 1444 capituli,
713 1360 857 1419 tum
903 1372 978 1419 ex
1024 1346 1272 1416 statutis
1320 1345 1813 1438 capitularibus,
1864 1350 2006 1439 tum
2056 1366 2130 1412 ex
2181 1345 2673 1428 consuetudine,

376 1456 929 1527 archidiaconatus
953 1456 1160 1522 ferme
1188 1452 1434 1541 ubique
1458 1451 1655 1521 evasit
1680 1450 1964 1542 dignitas
1991 1473 2167 1520 mere
2194 1451 2578 1521 honorifica.

1454 1708 1578 1788 §a

373 1895 551 1934 [Turn
600 1895 666 1933 DE
704 1893 835 1933 mnE
873 1892 1123 1931 connum
1171 1889 1295 1930 POST
1331 1888 1708 1929 ’rmnEN’rlNuu
1746 1891 1817 1929 AD
1858 1890 2306 1932 ARCHIDIACONUM
2365 1894 2669 1936 PERTINEAT

529 1993 845 2031 EXAMINARE
870 1989 1252 2031 PROMOVENDOS
1280 1989 1352 2028 AD
1378 1988 1608 2029 ORDINES
1639 1989 1704 2028 ET
1731 1991 1802 2029 AD
1829 1991 2188 2030 PAROCHIALIA
2216 1992 2503 2033 BENEFICIA

454 2167 502 2235 l.
552 2167 901 2235 Sententia
928 2167 1306 2257 affirmans.
1345 2203 1436 2215 —
1471 2164 1776 2233 Vidimus
1823 2165 2018 2232 modo
2057 2165 2445 2254 Fagnanum
2484 2167 2674 2237 illam

366 2274 664 2365 amplecti
692 2298 707 2342 ε
740 2280 953 2365 aperte
983 2272 1307 2363 siquidem
1343 2271 1627 2340 affirmat
1653 2271 1764 2339 ille
1812 2278 2057 2358 auctor,
2092 2273 2266 2340 hanc
2287 2273 2673 2346 facultatem

364 2380 814 2448 archidiacono
865 2403 901 2447 a
955 2377 1243 2447 Concilio
1287 2377 1669 2447 Tridentino
1716 2401 1847 2446 non
1902 2378 2099 2447 fuisse
2150 2378 2496 2465 sublatam,
2532 2382 2676 2453 nisi

364 2482 586 2576 quoad
599 2485 1018 2577 parochiales
1044 2508 1189 2576 quoe
1218 2484 1629 2575 conferendae
1665 2495 1823 2553 sunt
1844 2484 2113 2573 praevia
2135 2487 2363 2574 forma
2399 2489 2671 2556 exami-

365 2592 467 2659 nis
500 2614 631 2684 per
665 2614 1076 2660 coneursum.
1109 2592 1431 2681 Equidem
1471 2591 1711 2660 decisio
1755 2590 2291 2679 Congregationis
2342 2614 2544 2680 quam
2589 2594 2695 2670 in,

291 2718 298 2724 ·
365 2697 803 2789 probationem
827 2698 1032 2783 affert,
1058 2698 1456 2766 contrarium
1474 2696 1810 2766 enuntiare
1823 2695 2111 2778 videtur3
2138 2697 2464 2786 proposito
2482 2698 2671 2768 enim

369 2803 567 2873 dublo
627 2825 711 2873 an
766 2804 1133 2873 Concilium
1199 2804 1657 2873 Tridentinum
1717 2801 2065 2894 privaverit
2130 2803 2668 2878 archidiaconum

368 2909 664 2979 facultate
683 2910 1090 2979 examinandi
1094 2909 1588 3001 promovendos
1613 2907 1706 2977 ad
1719 2929 1938 2977 saeros
1957 2907 2216 2989 ordines
2231 2922 2297 2977 et
2316 2911 2668 2980 instituen-

366 3013 479 3083 dos
509 3017 581 3083 in
606 3019 906 3105 ecclesiia,
938 3018 1389 3107 Congregatio‚
1418 3018 1731 3085 referente
1753 3017 1895 3107 ipso
1936 3016 2277 3105 FagnanO,
2309 3018 2659 3109 respondit,

369 3123 721 3191 concilium
758 3125 1084 3215 privasse.
1124 3124 1246 3194 Sed
1290 3125 1611 3215 quidquid
1668 3124 1749 3192 sit
1790 3124 1870 3191 de
1917 3123 2029 3191 illa
2059 3124 2405 3209 decisione,
2470 3127 2664 3214 cujus

371 3235 613 3297 textum
642 3232 1091 3300 authenticum
1129 3230 1316 3300 nobis
1360 3232 1664 3299 nondum
1696 3251 2069 3319 comparare
2112 3230 2467 3319 potuimuS‚
2528 3252 2663 3299 non

371 3336 600 3403 desunt
640 3337 750 3403 alii
795 3344 1085 3407 auctores
1114 3360 1372 3428 magnae
1398 3344 1592 3426 notae,
1620 3337 2003 3406 sententiam
2042 3338 2474 3407 affirmantem
2505 3361 2660 3407 cum

373 3442 678 3531 Fagnano
717 3445 1193 3534 amplectenteS,
1241 3468 1402 3534 quos
1459 3446 1552 3515 sic
1596 3445 1969 3514 invenimus
2008 3446 2312 3536 allegatos
2355 3446 2425 3514 in
2469 3469 2659 3517 causa

379 3553 433 3617 T
426 3549 782 3632 riventina,
829 3548 911 3617 10
941 3550 1120 3640 junii
1153 3551 1350 3619 1848.

469 3683 503 3723 «
539 3656 878 3726 Catalanus
913 3656 1185 3746 (Comm.
1218 3658 1288 3724 in
1322 3657 1560 3726 Pontif.
1597 3656 1817 3742 Rom.,
1850 3665 2016 3750 part.
2057 3661 2117 3742 1,
2151 3659 2230 3727 de
2259 3660 2469 3727 ordin.
2509 3661 2659 3730 dia-

379 3790 409 3827 «
458 3766 630 3850 coni,
679 3763 759 3831 ad
792 3762 989 3830 verba
1029 3762 1176 3829 Scis
1225 3762 1383 3831 illos
1420 3762 1656 3854 diqnos
1694 3762 1849 3852 esse)
1899 3765 2183 3832 defendit
2212 3786 2352 3831 eam
2393 3771 2658 3834 attesta-

379 3891 411 3929 ι(
457 3868 700 3935 tionem
732 3888 1143 3958 nequaquam
1180 3868 1322 3934 fieri
1360 3890 1542 3957 posse
1581 3869 1662 3935 ab
1702 3868 2184 3957 archidiacono,
2222 3892 2353 3937 non
2401 3877 2656 3939 tantum

379 3994 409 4033 ι(
457 3971 715 4056 quando
741 3972 1134 4040 ordinandos
1162 3971 1471 4057 indignos
1498 3994 1631 4038 esse
1657 3974 1861 4059 novit,
1897 3975 2006 4042 sed
2036 3976 2227 4042 etiam
2254 3978 2519 4065 quando
2547 3999 2654 4045 eos

377 4100 409 4135 «
457 4071 690 4161 diqnos
713 4095 845 4140 esse
870 4100 1005 4145 non
1031 4076 1245 4144 novit.
1270 4076 1350 4144 Et
1374 4098 1493 4167 pro
1515 4076 1637 4145 hac
1670 4080 1979 4167 opinione
2008 4080 2191 4148 affert
2209 4084 2656 4153 auctoritatem

377 4204 410 4242 «
455 4176 596 4245 Van
619 4180 879 4269 Espenii
908 4182 1075 4272 (Jur.
1104 4185 1262 4252 eccl.
1287 4183 1473 4253 univ.
1499 4207 1565 4274 p.
1596 4186 1657 4268 1,
1697 4189 1738 4252 t.
1775 4184 1884 4272 12,
1909 4208 1967 4253 c.
2004 4186 2148 4276 1)...
2183 4188 2364 4257 Licet
2383 4189 2654 4259 fateatur

375 4311 408 4349 ε(
458 4285 712 4377 (nempe
740 4285 1106 4376 Catalanus)
1137 4290 1740 4359 archidiaconorum
1770 4293 2215 4361 auctoritatem
2242 4302 2303 4361 et
2329 4298 2650 4385 jurisdic-

373 4418 407 4457 «
453 4394 696 4463 tionem
726 4392 854 4462 fere
886 4397 1086 4460 totam
1106 4414 1142 4460 a
1166 4399 1632 4466 consuetudine
1652 4398 1956 4490 pendere,
1989 4421 2359 4491 paucosque
2379 4425 2514 4472 esse
2536 4405 2645 4494 qui
