<?xml version="1.0" encoding="UTF-8"?>
<!DOCTYPE html PUBLIC "-//W3C//DTD XHTML 1.0 Transitional//EN"
    "http://www.w3.org/TR/xhtml1/DTD/xhtml1-transitional.dtd">
<html xmlns="http://www.w3.org/1999/xhtml" xml:lang="en" lang="en">
 <head>
  <title>
</title>
<meta http-equiv="Content-Type" content="text/html;charset=utf-8" />
  <meta name='ocr-system' content='tesseract 3.04.00' />
  <meta name='ocr-capabilities' content='ocr_page ocr_carea ocr_par ocr_line ocrx_word'/>
</head>
<body>
  <div class='ocr_page' id='page_1' title='image "./tractatusdecapi00bouigoog_0281.png"; bbox 0 0 2930 4982; ppageno 0'>
   <div class='ocr_carea' id='block_1_1' title="bbox 1046 401 2415 460">
    <p class='ocr_par' dir='ltr' id='par_1_1' title="bbox 1046 401 2415 460">
     <span class='ocr_line' id='line_1_1' title="bbox 1046 401 2415 460; baseline 0.003 -5"><span class='ocrx_word' id='word_1_1' title='bbox 1046 410 1126 456; x_wconf 65' lang='grc' dir='ltr'>ωε</span> <span class='ocrx_word' id='word_1_2' title='bbox 1171 408 1492 456; x_wconf 66' lang='lat' dir='ltr'>caminus.</span> <span class='ocrx_word' id='word_1_3' title='bbox 2294 401 2415 460; x_wconf 78' lang='lat'>259</span> 
     </span>
    </p>
   </div>
   <div class='ocr_carea' id='block_1_2' title="bbox 1216 650 1334 729">
    <p class='ocr_par' dir='ltr' id='par_1_2' title="bbox 1216 650 1334 729">
     <span class='ocr_line' id='line_1_2' title="bbox 1216 650 1334 729; baseline 0 -18"><span class='ocrx_word' id='word_1_4' title='bbox 1216 650 1334 729; x_wconf 75' lang='lat'>§2</span> 
     </span>
    </p>
   </div>
   <div class='ocr_carea' id='block_1_3' title="bbox 189 794 2315 950">
    <p class='ocr_par' dir='ltr' id='par_1_3' title="bbox 189 794 2315 950">
     <span class='ocr_line' id='line_1_3' title="bbox 189 794 2315 858; baseline 0 -8"><span class='ocrx_word' id='word_1_5' title='bbox 189 794 198 797; x_wconf 40' lang='lat'>¹</span> <span class='ocrx_word' id='word_1_6' title='bbox 265 813 324 850; x_wconf 71' lang='lat' dir='ltr'>AN</span> <span class='ocrx_word' id='word_1_7' title='bbox 357 813 418 850; x_wconf 85' lang='lat' dir='ltr'>ET</span> <span class='ocrx_word' id='word_1_8' title='bbox 446 812 724 858; x_wconf 79' lang='lat' dir='ltr'><strong>QUATENUS</strong></span> <span class='ocrx_word' id='word_1_9' title='bbox 762 812 1017 852; x_wconf 84' lang='lat' dir='ltr'>CANONICI</span> <span class='ocrx_word' id='word_1_10' title='bbox 1041 812 1289 852; x_wconf 81' lang='lat' dir='ltr'><strong>DEBEANT</strong></span> <span class='ocrx_word' id='word_1_11' title='bbox 1315 813 1347 851; x_wconf 80' lang='lat' dir='ltr'>E</span> <span class='ocrx_word' id='word_1_12' title='bbox 1378 814 1655 854; x_wconf 74' lang='lat' dir='ltr'>SACRISTIA</span> <span class='ocrx_word' id='word_1_13' title='bbox 1680 812 2038 853; x_wconf 71' lang='lat' dir='ltr'>CATBEDRMJS</span> <span class='ocrx_word' id='word_1_14' title='bbox 2071 813 2315 853; x_wconf 71' lang='lat' dir='ltr'>Eplscopo</span> 
     </span>
     <span class='ocr_line' id='line_1_4' title="bbox 955 910 1591 950; baseline 0.003 -2"><span class='ocrx_word' id='word_1_15' title='bbox 955 910 1280 949; x_wconf 75' lang='lat' dir='ltr'><strong>PARAMENTA</strong></span> <span class='ocrx_word' id='word_1_16' title='bbox 1309 911 1591 950; x_wconf 76' lang='lat' dir='ltr'>PRAESTARE</span> 
     </span>
    </p>
   </div>
   <div class='ocr_carea' id='block_1_4' title="bbox 168 1063 2445 2220">
    <p class='ocr_par' dir='ltr' id='par_1_4' title="bbox 168 1063 2445 2220">
     <span class='ocr_line' id='line_1_5' title="bbox 257 1063 2432 1156; baseline 0.003 -29"><span class='ocrx_word' id='word_1_17' title='bbox 257 1063 460 1131; x_wconf 86' lang='lat' dir='ltr'>«Cum</span> <span class='ocrx_word' id='word_1_18' title='bbox 510 1063 869 1155; x_wconf 86' lang='lat' dir='ltr'>Episcopus</span> <span class='ocrx_word' id='word_1_19' title='bbox 907 1065 1049 1133; x_wconf 81' lang='lat' dir='ltr'>vult</span> <span class='ocrx_word' id='word_1_20' title='bbox 1086 1086 1377 1133; x_wconf 84' lang='lat' dir='ltr'>exercere</span> <span class='ocrx_word' id='word_1_21' title='bbox 1420 1064 1837 1156; x_wconf 87' lang='lat' dir='ltr'>pontificalia,</span> <span class='ocrx_word' id='word_1_22' title='bbox 1885 1071 2019 1133; x_wconf 87' lang='lat' dir='ltr'>tam</span> <span class='ocrx_word' id='word_1_23' title='bbox 2053 1065 2123 1133; x_wconf 90' lang='lat' dir='ltr'>in</span> <span class='ocrx_word' id='word_1_24' title='bbox 2166 1063 2432 1135; x_wconf 80' lang='lat' dir='ltr'>ecclesia</span> 
     </span>
     <span class='ocr_line' id='line_1_6' title="bbox 193 1162 2433 1260; baseline 0.004 -26"><span class='ocrx_word' id='word_1_25' title='bbox 193 1171 557 1239; x_wconf 80' lang='lat' dir='ltr'>«cathedrali</span> <span class='ocrx_word' id='word_1_26' title='bbox 596 1194 796 1260; x_wconf 89' lang='lat' dir='ltr'>quam</span> <span class='ocrx_word' id='word_1_27' title='bbox 830 1172 901 1238; x_wconf 91' lang='lat' dir='ltr'>in</span> <span class='ocrx_word' id='word_1_28' title='bbox 931 1172 1099 1255; x_wconf 83' lang='lat' dir='ltr'>aliis,</span> <span class='ocrx_word' id='word_1_29' title='bbox 1134 1162 1693 1240; x_wconf 86' lang='lat' dir='ltr'>subministranda</span> <span class='ocrx_word' id='word_1_30' title='bbox 1735 1177 1926 1240; x_wconf 91' lang='lat' dir='ltr'>erunt</span> <span class='ocrx_word' id='word_1_31' title='bbox 1961 1193 1997 1238; x_wconf 91' lang='lat' dir='ltr'>a</span> <span class='ocrx_word' id='word_1_32' title='bbox 2040 1171 2372 1240; x_wconf 88' lang='lat' dir='ltr'>canonicis</span> <span class='ocrx_word' id='word_1_33' title='bbox 2397 1195 2433 1242; x_wconf 87' lang='lat' dir='ltr'>e</span> 
     </span>
     <span class='ocr_line' id='line_1_7' title="bbox 191 1277 2433 1370; baseline 0.003 -28"><span class='ocrx_word' id='word_1_34' title='bbox 191 1277 495 1345; x_wconf 85' lang='lat' dir='ltr'>«sacristia</span> <span class='ocrx_word' id='word_1_35' title='bbox 529 1278 912 1346; x_wconf 84' lang='lat' dir='ltr'>cathedralis</span> <span class='ocrx_word' id='word_1_36' title='bbox 940 1286 1318 1370; x_wconf 89' lang='lat' dir='ltr'>paramenta</span> <span class='ocrx_word' id='word_1_37' title='bbox 1346 1300 1563 1363; x_wconf 83' lang='lat' dir='ltr'>sacra3</span> <span class='ocrx_word' id='word_1_38' title='bbox 1600 1301 1721 1348; x_wconf 91' lang='lat' dir='ltr'>nec</span> <span class='ocrx_word' id='word_1_39' title='bbox 1757 1284 2011 1348; x_wconf 89' lang='lat' dir='ltr'>tenetur</span> <span class='ocrx_word' id='word_1_40' title='bbox 2034 1279 2159 1348; x_wconf 88' lang='lat' dir='ltr'>sibi</span> <span class='ocrx_word' id='word_1_41' title='bbox 2186 1279 2265 1347; x_wconf 90' lang='lat' dir='ltr'>de</span> <span class='ocrx_word' id='word_1_42' title='bbox 2301 1278 2433 1348; x_wconf 83' lang='lat' dir='ltr'>illis</span> 
     </span>
     <span class='ocr_line' id='line_1_8' title="bbox 188 1383 2433 1476; baseline 0.002 -28"><span class='ocrx_word' id='word_1_43' title='bbox 188 1383 544 1474; x_wconf 85' lang='lat' dir='ltr'>«providere</span> <span class='ocrx_word' id='word_1_44' title='bbox 571 1434 589 1463; x_wconf 91' lang='lat'>,</span> <span class='ocrx_word' id='word_1_45' title='bbox 632 1390 705 1451; x_wconf 83' lang='lat' dir='ltr'>ut</span> <span class='ocrx_word' id='word_1_46' title='bbox 757 1385 1009 1453; x_wconf 85' lang='lat' dir='ltr'>censuit</span> <span class='ocrx_word' id='word_1_47' title='bbox 1047 1384 1239 1454; x_wconf 89' lang='lat' dir='ltr'>Sacra</span> <span class='ocrx_word' id='word_1_48' title='bbox 1277 1384 1707 1475; x_wconf 85' lang='lat' dir='ltr'>Congregatio</span> <span class='ocrx_word' id='word_1_49' title='bbox 1757 1385 2164 1476; x_wconf 89' lang='lat' dir='ltr'>particularis</span> <span class='ocrx_word' id='word_1_50' title='bbox 2218 1383 2433 1475; x_wconf 83' lang='lat' dir='ltr'>(illius</span> 
     </span>
     <span class='ocr_line' id='line_1_9' title="bbox 188 1488 2440 1582; baseline 0.001 -28"><span class='ocrx_word' id='word_1_51' title='bbox 188 1488 541 1557; x_wconf 83' lang='lat' dir='ltr'>«decretum</span> <span class='ocrx_word' id='word_1_52' title='bbox 564 1492 765 1582; x_wconf 80' lang='lat' dir='ltr'><em>refert</em></span> <span class='ocrx_word' id='word_1_53' title='bbox 802 1491 873 1559; x_wconf 91' lang='lat' dir='ltr'>in</span> <span class='ocrx_word' id='word_1_54' title='bbox 898 1502 1240 1560; x_wconf 72' lang='lat' dir='ltr'>extensum</span> <span class='ocrx_word' id='word_1_55' title='bbox 1283 1490 1919 1582; x_wconf 84' lang='lat' dir='ltr'>Scarfantonius‚·l.</span> <span class='ocrx_word' id='word_1_56' title='bbox 1956 1491 2022 1577; x_wconf 77' lang='lat'>2,</span> <span class='ocrx_word' id='word_1_57' title='bbox 2056 1490 2164 1560; x_wconf 89' lang='lat' dir='ltr'>tit.</span> <span class='ocrx_word' id='word_1_58' title='bbox 2208 1492 2333 1579; x_wconf 91' lang='grc' dir='ltr'>ΙΙ).</span> <span class='ocrx_word' id='word_1_59' title='bbox 2359 1489 2440 1558; x_wconf 84' lang='lat' dir='ltr'>Et</span> 
     </span>
     <span class='ocr_line' id='line_1_10' title="bbox 183 1596 2441 1679; baseline 0.001 -17"><span class='ocrx_word' id='word_1_60' title='bbox 183 1597 380 1666; x_wconf 88' lang='lat' dir='ltr'>«hanc</span> <span class='ocrx_word' id='word_1_61' title='bbox 400 1598 784 1666; x_wconf 87' lang='lat' dir='ltr'>sententiam</span> <span class='ocrx_word' id='word_1_62' title='bbox 810 1600 1250 1667; x_wconf 88' lang='lat' dir='ltr'>communiter</span> <span class='ocrx_word' id='word_1_63' title='bbox 1274 1604 1574 1667; x_wconf 87' lang='lat' dir='ltr'>tenent...</span> <span class='ocrx_word' id='word_1_64' title='bbox 1611 1598 1944 1679; x_wconf 84' lang='lat' dir='ltr'>Quatenus</span> <span class='ocrx_word' id='word_1_65' title='bbox 1976 1619 2127 1666; x_wconf 83' lang='lat' dir='ltr'>vero</span> <span class='ocrx_word' id='word_1_66' title='bbox 2152 1596 2441 1665; x_wconf 81' lang='lat' dir='ltr'>sacristia</span> 
     </span>
     <span class='ocr_line' id='line_1_11' title="bbox 181 1701 2436 1794; baseline 0.001 -25"><span class='ocrx_word' id='word_1_67' title='bbox 181 1704 596 1772; x_wconf 86' lang='lat' dir='ltr'>«cathedralis</span> <span class='ocrx_word' id='word_1_68' title='bbox 634 1726 766 1772; x_wconf 91' lang='lat' dir='ltr'>non</span> <span class='ocrx_word' id='word_1_69' title='bbox 807 1704 1073 1773; x_wconf 88' lang='lat' dir='ltr'>haberet</span> <span class='ocrx_word' id='word_1_70' title='bbox 1106 1706 1352 1774; x_wconf 85' lang='lat' dir='ltr'>reditus</span> <span class='ocrx_word' id='word_1_71' title='bbox 1385 1704 1779 1774; x_wconf 85' lang='lat' dir='ltr'>sufficientes</span> <span class='ocrx_word' id='word_1_72' title='bbox 1822 1725 1940 1794; x_wconf 91' lang='lat' dir='ltr'>pro</span> <span class='ocrx_word' id='word_1_73' title='bbox 1981 1701 2436 1794; x_wconf 81' lang='lat' dir='ltr'>comparandis</span> 
     </span>
     <span class='ocr_line' id='line_1_12' title="bbox 181 1808 2439 1902; baseline 0.002 -29"><span class='ocrx_word' id='word_1_74' title='bbox 181 1837 206 1874; x_wconf 87' lang='lat'>«</span> <span class='ocrx_word' id='word_1_75' title='bbox 228 1812 538 1901; x_wconf 65' lang='lat' dir='ltr'>praedictis</span> <span class='ocrx_word' id='word_1_76' title='bbox 558 1811 974 1900; x_wconf 82' lang='lat' dir='ltr'>paramentiS,</span> <span class='ocrx_word' id='word_1_77' title='bbox 994 1817 1057 1878; x_wconf 91' lang='lat' dir='ltr'>et</span> <span class='ocrx_word' id='word_1_78' title='bbox 1069 1835 1183 1902; x_wconf 89' lang='lat' dir='ltr'>pro</span> <span class='ocrx_word' id='word_1_79' title='bbox 1203 1817 1663 1881; x_wconf 84' lang='lat' dir='ltr'>restauratione</span> <span class='ocrx_word' id='word_1_80' title='bbox 1679 1810 1989 1894; x_wconf 85' lang='lat' dir='ltr'>ecclesiae,</span> <span class='ocrx_word' id='word_1_81' title='bbox 2014 1816 2269 1878; x_wconf 86' lang='lat' dir='ltr'>tenetur</span> <span class='ocrx_word' id='word_1_82' title='bbox 2284 1808 2439 1899; x_wconf 89' lang='lat' dir='ltr'>Epi-</span> 
     </span>
     <span class='ocr_line' id='line_1_13' title="bbox 176 1914 2443 2008; baseline 0 -26"><span class='ocrx_word' id='word_1_83' title='bbox 176 1942 203 1982; x_wconf 82' lang='lat'>«</span> <span class='ocrx_word' id='word_1_84' title='bbox 227 1939 445 2008; x_wconf 91' lang='lat' dir='ltr'>scopus</span> <span class='ocrx_word' id='word_1_85' title='bbox 479 1939 600 2007; x_wconf 91' lang='lat' dir='ltr'>pro</span> <span class='ocrx_word' id='word_1_86' title='bbox 648 1923 877 2007; x_wconf 89' lang='lat' dir='ltr'>quarta</span> <span class='ocrx_word' id='word_1_87' title='bbox 913 1923 1091 2008; x_wconf 87' lang='lat' dir='ltr'>parte</span> <span class='ocrx_word' id='word_1_88' title='bbox 1117 1919 1454 1987; x_wconf 85' lang='lat' dir='ltr'>fructuum</span> <span class='ocrx_word' id='word_1_89' title='bbox 1484 1940 1617 1986; x_wconf 82' lang='lat' dir='ltr'>suae</span> <span class='ocrx_word' id='word_1_90' title='bbox 1643 1938 1905 2003; x_wconf 73' lang='lat' dir='ltr'>mensae,</span> <span class='ocrx_word' id='word_1_91' title='bbox 1947 1924 2009 1985; x_wconf 91' lang='lat' dir='ltr'>et</span> <span class='ocrx_word' id='word_1_92' title='bbox 2034 1916 2250 2005; x_wconf 89' lang='lat' dir='ltr'>quoad</span> <span class='ocrx_word' id='word_1_93' title='bbox 2294 1914 2443 1984; x_wconf 86' lang='lat' dir='ltr'>reli-</span> 
     </span>
     <span class='ocr_line' id='line_1_14' title="bbox 173 2017 2442 2113; baseline -0 -25"><span class='ocrx_word' id='word_1_94' title='bbox 173 2049 202 2089; x_wconf 89' lang='lat'>«</span> <span class='ocrx_word' id='word_1_95' title='bbox 228 2036 428 2113; x_wconf 86' lang='lat' dir='ltr'>quum</span> <span class='ocrx_word' id='word_1_96' title='bbox 480 2029 783 2091; x_wconf 86' lang='lat' dir='ltr'>tenentur</span> <span class='ocrx_word' id='word_1_97' title='bbox 837 2023 1251 2091; x_wconf 87' lang='lat' dir='ltr'>contribuere</span> <span class='ocrx_word' id='word_1_98' title='bbox 1305 2025 1687 2091; x_wconf 87' lang='lat' dir='ltr'>canonici...</span> <span class='ocrx_word' id='word_1_99' title='bbox 1748 2022 1844 2090; x_wconf 93' lang='lat' dir='ltr'>De</span> <span class='ocrx_word' id='word_1_100' title='bbox 1890 2027 2117 2089; x_wconf 62' lang='lat' dir='ltr'>caetero</span> <span class='ocrx_word' id='word_1_101' title='bbox 2181 2017 2442 2110; x_wconf 90' lang='lat' dir='ltr'>quando</span> 
     </span>
     <span class='ocr_line' id='line_1_15' title="bbox 168 2125 2445 2220; baseline 0.002 -30"><span class='ocrx_word' id='word_1_102' title='bbox 168 2128 450 2196; x_wconf 89' lang='lat' dir='ltr'>«adsunt</span> <span class='ocrx_word' id='word_1_103' title='bbox 476 2127 721 2196; x_wconf 89' lang='lat' dir='ltr'>reditus</span> <span class='ocrx_word' id='word_1_104' title='bbox 750 2129 1046 2196; x_wconf 87' lang='lat' dir='ltr'>destinati</span> <span class='ocrx_word' id='word_1_105' title='bbox 1071 2150 1190 2220; x_wconf 89' lang='lat' dir='ltr'>pro</span> <span class='ocrx_word' id='word_1_106' title='bbox 1212 2129 1385 2197; x_wconf 90' lang='lat' dir='ltr'>dicta</span> <span class='ocrx_word' id='word_1_107' title='bbox 1410 2128 1892 2218; x_wconf 88' lang='lat' dir='ltr'>comparatione</span> <span class='ocrx_word' id='word_1_108' title='bbox 1914 2125 2445 2215; x_wconf 82' lang='lat' dir='ltr'>supellectilium,</span> 
     </span>
    </p>
   </div>
   <div class='ocr_carea' id='block_1_5' title="bbox 158 2231 2454 2425">
    <p class='ocr_par' dir='ltr' id='par_1_5' title="bbox 158 2231 2454 2425">
     <span class='ocr_line' id='line_1_16' title="bbox 165 2231 2453 2323; baseline 0.001 -28"><span class='ocrx_word' id='word_1_109' title='bbox 165 2257 195 2297; x_wconf 91' lang='lat'>«</span> <span class='ocrx_word' id='word_1_110' title='bbox 220 2240 279 2301; x_wconf 90' lang='lat' dir='ltr'>et</span> <span class='ocrx_word' id='word_1_111' title='bbox 307 2233 711 2323; x_wconf 83' lang='lat' dir='ltr'>reparatione</span> <span class='ocrx_word' id='word_1_112' title='bbox 757 2235 1070 2319; x_wconf 81' lang='lat' dir='ltr'>ecclesiae,</span> <span class='ocrx_word' id='word_1_113' title='bbox 1119 2257 1195 2301; x_wconf 86' lang='lat' dir='ltr'>ex</span> <span class='ocrx_word' id='word_1_114' title='bbox 1243 2236 1336 2302; x_wconf 88' lang='lat' dir='ltr'>eis</span> <span class='ocrx_word' id='word_1_115' title='bbox 1364 2235 1655 2302; x_wconf 88' lang='lat' dir='ltr'>facienda</span> <span class='ocrx_word' id='word_1_116' title='bbox 1682 2238 1778 2300; x_wconf 90' lang='lat' dir='ltr'>est</span> <span class='ocrx_word' id='word_1_117' title='bbox 1814 2231 2132 2320; x_wconf 86' lang='lat' dir='ltr'>reparatio</span> <span class='ocrx_word' id='word_1_118' title='bbox 2166 2237 2229 2297; x_wconf 86' lang='lat' dir='ltr'>et</span> <span class='ocrx_word' id='word_1_119' title='bbox 2274 2251 2453 2298; x_wconf 87' lang='lat' dir='ltr'>com-</span> 
     </span>
     <span class='ocr_line' id='line_1_17' title="bbox 158 2330 2454 2425; baseline 0 -27"><span class='ocrx_word' id='word_1_120' title='bbox 158 2333 513 2424; x_wconf 86' lang='lat' dir='ltr'>«paranda</span> <span class='ocrx_word' id='word_1_121' title='bbox 552 2339 703 2399; x_wconf 84' lang='lat' dir='ltr'>sunt</span> <span class='ocrx_word' id='word_1_122' title='bbox 750 2336 979 2402; x_wconf 88' lang='lat' dir='ltr'>eadem</span> <span class='ocrx_word' id='word_1_123' title='bbox 1023 2335 1453 2425; x_wconf 88' lang='lat' dir='ltr'>supellectilia</span> <span class='ocrx_word' id='word_1_124' title='bbox 1488 2337 1670 2424; x_wconf 84' lang='lat' dir='ltr'>juxta</span> <span class='ocrx_word' id='word_1_125' title='bbox 1709 2330 2270 2418; x_wconf 88' lang='lat' dir='ltr'>consuetudinem,</span> <span class='ocrx_word' id='word_1_126' title='bbox 2309 2350 2454 2420; x_wconf 86' lang='lat' dir='ltr'>quae</span> 
     </span>
    </p>
   </div>
   <div class='ocr_carea' id='block_1_6' title="bbox 146 2438 2509 4551">
    <p class='ocr_par' dir='ltr' id='par_1_6' title="bbox 146 2438 2445 2638">
     <span class='ocr_line' id='line_1_18' title="bbox 149 2438 2445 2533; baseline 0.001 -29"><span class='ocrx_word' id='word_1_127' title='bbox 149 2465 190 2504; x_wconf 84' lang='lat'>«</span> <span class='ocrx_word' id='word_1_128' title='bbox 226 2439 424 2507; x_wconf 87' lang='lat' dir='ltr'>unice</span> <span class='ocrx_word' id='word_1_129' title='bbox 448 2439 830 2508; x_wconf 88' lang='lat' dir='ltr'>attendenda</span> <span class='ocrx_word' id='word_1_130' title='bbox 853 2447 967 2510; x_wconf 86' lang='lat' dir='ltr'>est.</span> <span class='ocrx_word' id='word_1_131' title='bbox 1002 2465 1035 2507; x_wconf 88' lang='lat'>»</span> <span class='ocrx_word' id='word_1_132' title='bbox 1070 2440 1597 2533; x_wconf 81' lang='lat' dir='ltr'>(ScarfantoniuS‚</span> <span class='ocrx_word' id='word_1_133' title='bbox 1626 2448 1785 2511; x_wconf 88' lang='lat' dir='ltr'>tom.</span> <span class='ocrx_word' id='word_1_134' title='bbox 1807 2439 1901 2532; x_wconf 63' lang='grc' dir='ltr'>Π,</span> <span class='ocrx_word' id='word_1_135' title='bbox 1916 2461 2066 2532; x_wconf 88' lang='lat' dir='ltr'>pag.</span> <span class='ocrx_word' id='word_1_136' title='bbox 2093 2438 2206 2528; x_wconf 74' lang='lat'>52,</span> <span class='ocrx_word' id='word_1_137' title='bbox 2230 2460 2297 2507; x_wconf 92' lang='lat' dir='ltr'>n.</span> <span class='ocrx_word' id='word_1_138' title='bbox 2337 2438 2445 2526; x_wconf 83' lang='grc'>12,</span> 
     </span>
     <span class='ocr_line' id='line_1_19' title="bbox 146 2543 969 2638; baseline 0.007 -26"><span class='ocrx_word' id='word_1_139' title='bbox 146 2545 343 2613; x_wconf 85' lang='lat' dir='ltr'>editio</span> <span class='ocrx_word' id='word_1_140' title='bbox 370 2543 708 2631; x_wconf 86' lang='lat' dir='ltr'>Lucensis,</span> <span class='ocrx_word' id='word_1_141' title='bbox 743 2547 969 2638; x_wconf 77' lang='lat'>1723.)</span> 
     </span>
    </p>

    <p class='ocr_par' dir='ltr' id='par_1_7' title="bbox 153 2651 2509 4551">
     <span class='ocr_line' id='line_1_20' title="bbox 234 2651 2509 2746; baseline 0 -26"><span class='ocrx_word' id='word_1_142' title='bbox 234 2651 549 2720; x_wconf 87' lang='lat' dir='ltr'>Vicissim</span> <span class='ocrx_word' id='word_1_143' title='bbox 597 2661 817 2722; x_wconf 88' lang='lat' dir='ltr'>autem</span> <span class='ocrx_word' id='word_1_144' title='bbox 867 2656 1150 2746; x_wconf 89' lang='lat' dir='ltr'>capitulo</span> <span class='ocrx_word' id='word_1_145' title='bbox 1192 2655 1481 2724; x_wconf 84' lang='lat' dir='ltr'>ecclesiae</span> <span class='ocrx_word' id='word_1_146' title='bbox 1528 2656 1911 2724; x_wconf 88' lang='lat' dir='ltr'>cathedralis</span> <span class='ocrx_word' id='word_1_147' title='bbox 1962 2656 2283 2724; x_wconf 88' lang='lat' dir='ltr'>debentur</span> <span class='ocrx_word' id='word_1_148' title='bbox 2306 2657 2449 2745; x_wconf 89' lang='lat' dir='ltr'>post</span> <span class='ocrx_word' id='word_1_149' title='bbox 2494 2686 2509 2700; x_wconf 88' lang='lat'><em>-</em></span> 
     </span>
     <span class='ocr_line' id='line_1_21' title="bbox 157 2760 2450 2854; baseline 0.001 -29"><span class='ocrx_word' id='word_1_150' title='bbox 157 2765 426 2826; x_wconf 89' lang='lat' dir='ltr'>mortem</span> <span class='ocrx_word' id='word_1_151' title='bbox 451 2760 754 2853; x_wconf 90' lang='lat' dir='ltr'>Episcopi</span> <span class='ocrx_word' id='word_1_152' title='bbox 806 2762 994 2853; x_wconf 89' lang='lat' dir='ltr'>plura</span> <span class='ocrx_word' id='word_1_153' title='bbox 1018 2764 1324 2831; x_wconf 91' lang='lat' dir='ltr'>utensilia</span> <span class='ocrx_word' id='word_1_154' title='bbox 1364 2763 1446 2831; x_wconf 88' lang='lat' dir='ltr'>ab</span> <span class='ocrx_word' id='word_1_155' title='bbox 1470 2763 1699 2831; x_wconf 88' lang='lat' dir='ltr'>eodem</span> <span class='ocrx_word' id='word_1_156' title='bbox 1730 2763 2052 2854; x_wconf 90' lang='lat' dir='ltr'>Episcopo</span> <span class='ocrx_word' id='word_1_157' title='bbox 2100 2761 2450 2828; x_wconf 86' lang='lat' dir='ltr'>decedente</span> 
     </span>
     <span class='ocr_line' id='line_1_22' title="bbox 160 2865 2448 2958; baseline 0 -27"><span class='ocrx_word' id='word_1_158' title='bbox 160 2865 392 2947; x_wconf 85' lang='lat' dir='ltr'>relicta,</span> <span class='ocrx_word' id='word_1_159' title='bbox 429 2867 604 2955; x_wconf 86' lang='lat' dir='ltr'>quod</span> <span class='ocrx_word' id='word_1_160' title='bbox 632 2891 843 2958; x_wconf 89' lang='lat' dir='ltr'>nuper</span> <span class='ocrx_word' id='word_1_161' title='bbox 867 2871 1281 2938; x_wconf 82' lang='lat' dir='ltr'>confirmavit</span> <span class='ocrx_word' id='word_1_162' title='bbox 1319 2870 1474 2938; x_wconf 88' lang='lat' dir='ltr'>Pius</span> <span class='ocrx_word' id='word_1_163' title='bbox 1491 2868 1585 2936; x_wconf 90' lang='lat' dir='ltr'>IX</span> <span class='ocrx_word' id='word_1_164' title='bbox 1610 2870 1843 2936; x_wconf 87' lang='lat' dir='ltr'>litteris</span> <span class='ocrx_word' id='word_1_165' title='bbox 1874 2867 2241 2957; x_wconf 89' lang='lat' dir='ltr'>apostolicis</span> <span class='ocrx_word' id='word_1_166' title='bbox 2272 2866 2448 2932; x_wconf 86' lang='lat' dir='ltr'>Cum</span> 
     </span>
     <span class='ocr_line' id='line_1_23' title="bbox 159 2968 2443 3064; baseline 0 -26"><span class='ocrx_word' id='word_1_167' title='bbox 159 2971 331 3040; x_wconf 86' lang='lat' dir='ltr'>illud</span> <span class='ocrx_word' id='word_1_168' title='bbox 341 2972 668 3064; x_wconf 85' lang='lat' dir='ltr'>plurimi,</span> <span class='ocrx_word' id='word_1_169' title='bbox 697 2974 726 3039; x_wconf 91' lang='lat'><strong>1</strong></span> <span class='ocrx_word' id='word_1_170' title='bbox 752 2975 924 3063; x_wconf 83' lang='lat' dir='ltr'>junii</span> <span class='ocrx_word' id='word_1_171' title='bbox 963 2976 1168 3060; x_wconf 79' lang='lat'>1847,</span> <span class='ocrx_word' id='word_1_172' title='bbox 1199 2976 1270 3042; x_wconf 90' lang='lat' dir='ltr'>in</span> <span class='ocrx_word' id='word_1_173' title='bbox 1299 2975 1483 3040; x_wconf 89' lang='lat' dir='ltr'>hunc</span> <span class='ocrx_word' id='word_1_174' title='bbox 1512 2973 1787 3039; x_wconf 90' lang='lat' dir='ltr'>modum</span> <span class='ocrx_word' id='word_1_175' title='bbox 1822 2996 1840 3039; x_wconf 73' lang='grc' dir='ltr'>ι</span> <span class='ocrx_word' id='word_1_176' title='bbox 1873 2975 2084 3039; x_wconf 90' lang='lat' dir='ltr'>Sacra</span> <span class='ocrx_word' id='word_1_177' title='bbox 2101 2968 2443 3053; x_wconf 80' lang='lat' dir='ltr'>utensilia,</span> 
     </span>
     <span class='ocr_line' id='line_1_24' title="bbox 161 3075 2451 3170; baseline -0.001 -25"><span class='ocrx_word' id='word_1_178' title='bbox 161 3099 294 3165; x_wconf 82' lang='lat' dir='ltr'>quoe</span> <span class='ocrx_word' id='word_1_179' title='bbox 324 3079 551 3170; x_wconf 73' lang='lat' dir='ltr'>viqore</span> <span class='ocrx_word' id='word_1_180' title='bbox 579 3079 1072 3147; x_wconf 81' lang='lat' dir='ltr'>constitutionis</span> <span class='ocrx_word' id='word_1_181' title='bbox 1105 3082 1173 3146; x_wconf 91' lang='lat' dir='ltr'>S.</span> <span class='ocrx_word' id='word_1_182' title='bbox 1209 3077 1320 3144; x_wconf 90' lang='lat' dir='ltr'>Pii</span> <span class='ocrx_word' id='word_1_183' title='bbox 1356 3075 1831 3166; x_wconf 70' lang='lat' dir='ltr'>VincipientiS,</span> <span class='ocrx_word' id='word_1_184' title='bbox 1865 3076 2150 3143; x_wconf 87' lang='lat' dir='ltr'>Romani</span> <span class='ocrx_word' id='word_1_185' title='bbox 2182 3075 2451 3144; x_wconf 83' lang='lat' dir='ltr'>Pontifi-</span> 
     </span>
     <span class='ocr_line' id='line_1_25' title="bbox 163 3181 2452 3269; baseline -0.001 -18"><span class='ocrx_word' id='word_1_186' title='bbox 163 3187 269 3266; x_wconf 90' lang='lat' dir='ltr'>cis,</span> <span class='ocrx_word' id='word_1_187' title='bbox 301 3188 585 3256; x_wconf 88' lang='lat' dir='ltr'>ecclesiis</span> <span class='ocrx_word' id='word_1_188' title='bbox 604 3184 1101 3254; x_wconf 73' lang='lat' dir='ltr'>cathedralibus</span> <span class='ocrx_word' id='word_1_189' title='bbox 1129 3183 1473 3269; x_wconf 83' lang='lat' dir='ltr'>debentur,</span> <span class='ocrx_word' id='word_1_190' title='bbox 1501 3183 1641 3251; x_wconf 82' lang='lat' dir='ltr'>lzoec</span> <span class='ocrx_word' id='word_1_191' title='bbox 1670 3181 2142 3250; x_wconf 57' lang='lat' dir='ltr'>esse‘edicimus</span> <span class='ocrx_word' id='word_1_192' title='bbox 2173 3182 2452 3249; x_wconf 87' lang='lat' dir='ltr'>:mitras</span> 
     </span>
     <span class='ocr_line' id='line_1_26' title="bbox 164 3286 2441 3384; baseline -0.001 -26"><span class='ocrx_word' id='word_1_193' title='bbox 164 3293 427 3376; x_wconf 83' lang='lat' dir='ltr'>scilicet,</span> <span class='ocrx_word' id='word_1_194' title='bbox 450 3294 791 3384; x_wconf 88' lang='lat' dir='ltr'>planetas,</span> <span class='ocrx_word' id='word_1_195' title='bbox 819 3292 1196 3382; x_wconf 79' lang='lat' dir='ltr'>pluvialia,</span> <span class='ocrx_word' id='word_1_196' title='bbox 1223 3289 1603 3374; x_wconf 67' lang='lat' dir='ltr'>tunicellas‘,</span> <span class='ocrx_word' id='word_1_197' title='bbox 1637 3289 2072 3375; x_wconf 84' lang='lat' dir='ltr'>dalmaticas,</span> <span class='ocrx_word' id='word_1_198' title='bbox 2102 3286 2441 3377; x_wconf 88' lang='lat' dir='ltr'>sandalia,</span> 
     </span>
     <span class='ocr_line' id='line_1_27' title="bbox 163 3395 2451 3489; baseline -0.001 -25"><span class='ocrx_word' id='word_1_199' title='bbox 163 3398 585 3481; x_wconf 75' lang='lat' dir='ltr'>chirothecas,</span> <span class='ocrx_word' id='word_1_200' title='bbox 628 3398 816 3466; x_wconf 88' lang='lat' dir='ltr'>albas</span> <span class='ocrx_word' id='word_1_201' title='bbox 839 3420 991 3466; x_wconf 91' lang='lat' dir='ltr'>cum</span> <span class='ocrx_word' id='word_1_202' title='bbox 1015 3399 1320 3489; x_wconf 69' lang='lat' dir='ltr'>cinqulz&#39;s‘,</span> <span class='ocrx_word' id='word_1_203' title='bbox 1355 3397 1568 3465; x_wconf 88' lang='lat' dir='ltr'>lineos</span> <span class='ocrx_word' id='word_1_204' title='bbox 1596 3396 1906 3479; x_wconf 75' lang='lat' dir='ltr'>amictuS,</span> <span class='ocrx_word' id='word_1_205' title='bbox 1937 3408 2001 3463; x_wconf 87' lang='lat' dir='ltr'>et</span> <span class='ocrx_word' id='word_1_206' title='bbox 2024 3395 2129 3464; x_wconf 81' lang='lat' dir='ltr'>lzis</span> <span class='ocrx_word' id='word_1_207' title='bbox 2156 3396 2411 3464; x_wconf 89' lang='lat' dir='ltr'>similia</span> <span class='ocrx_word' id='word_1_208' title='bbox 2420 3415 2451 3481; x_wconf 77' lang='lat'>,⁶</span> 
     </span>
     <span class='ocr_line' id='line_1_28' title="bbox 164 3501 2451 3593; baseline 0.001 -27"><span class='ocrx_word' id='word_1_209' title='bbox 164 3502 314 3570; x_wconf 86' lang='lat' dir='ltr'>item</span> <span class='ocrx_word' id='word_1_210' title='bbox 344 3504 672 3582; x_wconf 86' lang='lat' dir='ltr'>missalia,</span> <span class='ocrx_word' id='word_1_211' title='bbox 695 3502 1078 3592; x_wconf 75' lang='lat' dir='ltr'>qradualia‚</span> <span class='ocrx_word' id='word_1_212' title='bbox 1107 3503 1310 3571; x_wconf 87' lang='lat' dir='ltr'>libros</span> <span class='ocrx_word' id='word_1_213' title='bbox 1334 3515 1569 3571; x_wconf 85' lang='lat' dir='ltr'>cantus</span> <span class='ocrx_word' id='word_1_214' title='bbox 1602 3503 1795 3593; x_wconf 81' lang='lat' dir='ltr'>firmi</span> <span class='ocrx_word' id='word_1_215' title='bbox 1821 3514 1885 3570; x_wconf 92' lang='lat' dir='ltr'>et</span> <span class='ocrx_word' id='word_1_216' title='bbox 1914 3503 2207 3585; x_wconf 68' lang='lat' dir='ltr'>musicae,</span> <span class='ocrx_word' id='word_1_217' title='bbox 2247 3501 2451 3568; x_wconf 88' lang='lat' dir='ltr'>libros</span> 
     </span>
     <span class='ocr_line' id='line_1_29' title="bbox 159 3607 2450 3700; baseline -0.003 -24"><span class='ocrx_word' id='word_1_218' title='bbox 159 3611 609 3700; x_wconf 77' lang='lat' dir='ltr'>pontificales,</span> <span class='ocrx_word' id='word_1_219' title='bbox 657 3608 974 3694; x_wconf 89' lang='lat' dir='ltr'>alterum,</span> <span class='ocrx_word' id='word_1_220' title='bbox 1026 3610 1132 3676; x_wconf 89' lang='lat' dir='ltr'>cui</span> <span class='ocrx_word' id='word_1_221' title='bbox 1164 3610 1400 3676; x_wconf 88' lang='lat' dir='ltr'>titulus</span> <span class='ocrx_word' id='word_1_222' title='bbox 1450 3632 1665 3676; x_wconf 89' lang='lat' dir='ltr'>canon</span> <span class='ocrx_word' id='word_1_223' title='bbox 1706 3609 1921 3675; x_wconf 84' lang='lat' dir='ltr'>missoe</span> <span class='ocrx_word' id='word_1_224' title='bbox 1944 3628 1972 3690; x_wconf 87' lang='grc'>,·</span> <span class='ocrx_word' id='word_1_225' title='bbox 2000 3608 2160 3675; x_wconf 87' lang='lat' dir='ltr'>item</span> <span class='ocrx_word' id='word_1_226' title='bbox 2192 3607 2450 3687; x_wconf 84' lang='lat' dir='ltr'>calices,</span> 
     </span>
     <span class='ocr_line' id='line_1_30' title="bbox 153 3707 2453 3807; baseline -0.003 -26"><span class='ocrx_word' id='word_1_227' title='bbox 153 3728 465 3801; x_wconf 82' lang='lat' dir='ltr'>patenas,</span> <span class='ocrx_word' id='word_1_228' title='bbox 496 3714 808 3807; x_wconf 75' lang='lat' dir='ltr'>pyxides,</span> <span class='ocrx_word' id='word_1_229' title='bbox 842 3714 1235 3798; x_wconf 84' lang='lat' dir='ltr'>ostensoria,</span> <span class='ocrx_word' id='word_1_230' title='bbox 1276 3712 1673 3778; x_wconf 78' lang='lat' dir='ltr'>thuribula:</span> <span class='ocrx_word' id='word_1_231' title='bbox 1704 3732 1821 3776; x_wconf 87' lang='lat' dir='ltr'>vas</span> <span class='ocrx_word' id='word_1_232' title='bbox 1866 3732 2057 3797; x_wconf 66' lang='lat' dir='ltr'>aquae</span> <span class='ocrx_word' id='word_1_233' title='bbox 2103 3707 2453 3774; x_wconf 69' lang='lat' dir='ltr'>benedictae</span> 
     </span>
     <span class='ocr_line' id='line_1_31' title="bbox 165 3812 2455 3915; baseline -0.003 -28"><span class='ocrx_word' id='word_1_234' title='bbox 165 3843 312 3891; x_wconf 87' lang='lat' dir='ltr'>cum</span> <span class='ocrx_word' id='word_1_235' title='bbox 338 3823 728 3915; x_wconf 79' lang='lat' dir='ltr'>aspersoriO,</span> <span class='ocrx_word' id='word_1_236' title='bbox 752 3819 1018 3911; x_wconf 80' lang='lat' dir='ltr'>pelvim</span> <span class='ocrx_word' id='word_1_237' title='bbox 1048 3839 1197 3884; x_wconf 86' lang='lat' dir='ltr'>cum</span> <span class='ocrx_word' id='word_1_238' title='bbox 1223 3838 1439 3898; x_wconf 84' lang='lat' dir='ltr'>urceo,</span> <span class='ocrx_word' id='word_1_239' title='bbox 1489 3829 1652 3882; x_wconf 88' lang='lat' dir='ltr'>vasa</span> <span class='ocrx_word' id='word_1_240' title='bbox 1679 3834 2017 3880; x_wconf 87' lang='lat' dir='ltr'>sacrorum</span> <span class='ocrx_word' id='word_1_241' title='bbox 2040 3812 2360 3895; x_wconf 86' lang='lat' dir='ltr'>oleorum,</span> <span class='ocrx_word' id='word_1_242' title='bbox 2393 3825 2455 3881; x_wconf 88' lang='lat' dir='ltr'>et</span> 
     </span>
     <span class='ocr_line' id='line_1_32' title="bbox 165 3917 2454 4019; baseline 0 -28"><span class='ocrx_word' id='word_1_243' title='bbox 165 3932 461 3999; x_wconf 81' lang='lat' dir='ltr'>urceolos</span> <span class='ocrx_word' id='word_1_244' title='bbox 487 3953 627 3998; x_wconf 90' lang='lat' dir='ltr'>una</span> <span class='ocrx_word' id='word_1_245' title='bbox 648 3952 798 3997; x_wconf 87' lang='lat' dir='ltr'>cum</span> <span class='ocrx_word' id='word_1_246' title='bbox 817 3925 1134 4019; x_wconf 81' lang='lat' dir='ltr'>pelvibus</span> <span class='ocrx_word' id='word_1_247' title='bbox 1155 3934 1219 3991; x_wconf 92' lang='lat' dir='ltr'>et</span> <span class='ocrx_word' id='word_1_248' title='bbox 1244 3919 1732 4007; x_wconf 81' lang='lat' dir='ltr'>tintinnabula,</span> <span class='ocrx_word' id='word_1_249' title='bbox 1744 3917 2219 4010; x_wconf 82' lang='lat' dir='ltr'>palmatorios,</span> <span class='ocrx_word' id='word_1_250' title='bbox 2243 3920 2454 3992; x_wconf 85' lang='lat' dir='ltr'>icones</span> 
     </span>
     <span class='ocr_line' id='line_1_33' title="bbox 156 4026 2456 4125; baseline -0.001 -26"><span class='ocrx_word' id='word_1_251' title='bbox 156 4035 377 4117; x_wconf 77' lang='lat' dir='ltr'>pacis,</span> <span class='ocrx_word' id='word_1_252' title='bbox 402 4058 617 4103; x_wconf 88' lang='lat' dir='ltr'>cruces</span> <span class='ocrx_word' id='word_1_253' title='bbox 640 4030 1250 4125; x_wconf 77' lang='lat' dir='ltr'>archiepiscopales,</span> <span class='ocrx_word' id='word_1_254' title='bbox 1276 4027 1683 4097; x_wconf 87' lang='lat' dir='ltr'>candelabra</span> <span class='ocrx_word' id='word_1_255' title='bbox 1705 4047 1859 4093; x_wconf 87' lang='lat' dir='ltr'>cum</span> <span class='ocrx_word' id='word_1_256' title='bbox 1879 4046 2064 4092; x_wconf 87' lang='lat' dir='ltr'>cruce</span> <span class='ocrx_word' id='word_1_257' title='bbox 2073 4047 2198 4116; x_wconf 86' lang='lat' dir='ltr'>pro</span> <span class='ocrx_word' id='word_1_258' title='bbox 2215 4026 2456 4096; x_wconf 86' lang='lat' dir='ltr'>altaris</span> 
     </span>
     <span class='ocr_line' id='line_1_34' title="bbox 162 4133 2448 4229; baseline -0.001 -25"><span class='ocrx_word' id='word_1_259' title='bbox 162 4160 319 4224; x_wconf 77' lang='lat' dir='ltr'>usu,</span> <span class='ocrx_word' id='word_1_260' title='bbox 351 4142 666 4209; x_wconf 87' lang='lat' dir='ltr'>baculum</span> <span class='ocrx_word' id='word_1_261' title='bbox 685 4138 1105 4229; x_wconf 89' lang='lat' dir='ltr'>pastoralem</span> <span class='ocrx_word' id='word_1_262' title='bbox 1116 4158 1145 4221; x_wconf 89' lang='grc'>,·</span> <span class='ocrx_word' id='word_1_263' title='bbox 1173 4135 1669 4227; x_wconf 71' lang='lat' dir='ltr'>faldistorium,</span> <span class='ocrx_word' id='word_1_264' title='bbox 1707 4133 2012 4223; x_wconf 84' lang='lat' dir='ltr'>aliasque</span> <span class='ocrx_word' id='word_1_265' title='bbox 2051 4156 2151 4202; x_wconf 87' lang='lat' dir='ltr'>res</span> <span class='ocrx_word' id='word_1_266' title='bbox 2199 4156 2448 4217; x_wconf 87' lang='lat' dir='ltr'>sacras,</span> 
     </span>
     <span class='ocr_line' id='line_1_35' title="bbox 159 4240 2455 4339; baseline -0.004 -26"><span class='ocrx_word' id='word_1_267' title='bbox 159 4246 312 4314; x_wconf 82' lang='lat' dir='ltr'>sive</span> <span class='ocrx_word' id='word_1_268' title='bbox 339 4257 774 4339; x_wconf 85' lang='lat' dir='ltr'>paramenta,</span> <span class='ocrx_word' id='word_1_269' title='bbox 823 4245 956 4312; x_wconf 87' lang='lat' dir='ltr'>sive</span> <span class='ocrx_word' id='word_1_270' title='bbox 993 4257 1415 4321; x_wconf 83' lang='lat' dir='ltr'>ornamenta,</span> <span class='ocrx_word' id='word_1_271' title='bbox 1445 4241 1580 4308; x_wconf 89' lang='lat' dir='ltr'>sive</span> <span class='ocrx_word' id='word_1_272' title='bbox 1605 4262 1793 4326; x_wconf 87' lang='lat' dir='ltr'>vasa,</span> <span class='ocrx_word' id='word_1_273' title='bbox 1818 4240 1880 4307; x_wconf 91' lang='lat' dir='ltr'>si</span> <span class='ocrx_word' id='word_1_274' title='bbox 1900 4264 2044 4331; x_wconf 84' lang='lat' dir='ltr'>quoe</span> <span class='ocrx_word' id='word_1_275' title='bbox 2061 4254 2218 4311; x_wconf 75' lang='lat' dir='ltr'>sum</span> <span class='ocrx_word' id='word_1_276' title='bbox 2246 4242 2455 4308; x_wconf 88' lang='lat' dir='ltr'>etiam</span> 
     </span>
     <span class='ocr_line' id='line_1_36' title="bbox 160 4343 2457 4439; baseline -0 -23"><span class='ocrx_word' id='word_1_277' title='bbox 160 4372 246 4417; x_wconf 70' lang='lat' dir='ltr'>ex</span> <span class='ocrx_word' id='word_1_278' title='bbox 285 4375 518 4422; x_wconf 87' lang='lat' dir='ltr'>eorum</span> <span class='ocrx_word' id='word_1_279' title='bbox 554 4349 981 4419; x_wconf 86' lang='lat' dir='ltr'>naturausui</span> <span class='ocrx_word' id='word_1_280' title='bbox 999 4349 1291 4439; x_wconf 88' lang='lat' dir='ltr'>profano</span> <span class='ocrx_word' id='word_1_281' title='bbox 1317 4366 1636 4434; x_wconf 54' lang='lat' dir='ltr'>confina,</span> <span class='ocrx_word' id='word_1_282' title='bbox 1665 4343 2017 4413; x_wconf 86' lang='lat' dir='ltr'>dummodo</span> <span class='ocrx_word' id='word_1_283' title='bbox 2047 4370 2184 4414; x_wconf 90' lang='lat' dir='ltr'>non</span> <span class='ocrx_word' id='word_1_284' title='bbox 2191 4364 2322 4431; x_wconf 82' lang='lat' dir='ltr'>per</span> <span class='ocrx_word' id='word_1_285' title='bbox 2344 4354 2457 4415; x_wconf 64' lang='grc' dir='ltr'>αξ·</span> 
     </span>
     <span class='ocr_line' id='line_1_37' title="bbox 156 4434 2459 4551; baseline -0.013 -24"><span class='ocrx_word' id='word_1_286' title='bbox 156 4459 420 4543; x_wconf 73' lang='lat' dir='ltr'>cidens,</span> <span class='ocrx_word' id='word_1_287' title='bbox 466 4459 582 4532; x_wconf 87' lang='lat' dir='ltr'>sed</span> <span class='ocrx_word' id='word_1_288' title='bbox 610 4468 1073 4551; x_wconf 81' lang='lat' dir='ltr'>permanenter</span> <span class='ocrx_word' id='word_1_289' title='bbox 1121 4453 1349 4521; x_wconf 88' lang='lat' dir='ltr'>divino</span> <span class='ocrx_word' id='word_1_290' title='bbox 1383 4451 1602 4519; x_wconf 88' lang='lat' dir='ltr'>cultui</span> <span class='ocrx_word' id='word_1_291' title='bbox 1642 4451 1971 4539; x_wconf 82' lang='lat' dir='ltr'>sacrisque</span> <span class='ocrx_word' id='word_1_292' title='bbox 2001 4434 2459 4538; x_wconf 71' lang='lat' dir='ltr'>functionibus</span> 
     </span>
    </p>
   </div>
  </div>
 </body>
</html>
