<?xml version="1.0" encoding="UTF-8"?>
<!DOCTYPE html PUBLIC "-//W3C//DTD XHTML 1.0 Transitional//EN"
    "http://www.w3.org/TR/xhtml1/DTD/xhtml1-transitional.dtd">
<html xmlns="http://www.w3.org/1999/xhtml" xml:lang="en" lang="en">
 <head>
  <title>
</title>
<meta http-equiv="Content-Type" content="text/html;charset=utf-8" />
  <meta name='ocr-system' content='tesseract 3.04.00' />
  <meta name='ocr-capabilities' content='ocr_page ocr_carea ocr_par ocr_line ocrx_word'/>
</head>
<body>
  <div class='ocr_page' id='page_1' title='image "./tractatusdecapi00bouigoog_0593.png"; bbox 0 0 2930 4982; ppageno 0'>
   <div class='ocr_carea' id='block_1_1' title="bbox 1126 353 2500 412">
    <p class='ocr_par' dir='ltr' id='par_1_1' title="bbox 1126 353 2500 412">
     <span class='ocr_line' id='line_1_1' title="bbox 1126 353 2500 412; baseline 0 -5"><span class='ocrx_word' id='word_1_1' title='bbox 1126 362 1205 407; x_wconf 70' lang='lat' dir='ltr'><strong>DE</strong></span> <span class='ocrx_word' id='word_1_2' title='bbox 1246 361 1575 412; x_wconf 62' lang='lat' dir='ltr'><strong>mutuus.</strong></span> <span class='ocrx_word' id='word_1_3' title='bbox 2374 354 2454 409; x_wconf 62' lang='grc'><strong>54</strong></span> <span class='ocrx_word' id='word_1_4' title='bbox 2465 353 2500 407; x_wconf 81' lang='grc'>5</span> 
     </span>
    </p>
   </div>
   <div class='ocr_carea' id='block_1_2' title="bbox 215 479 2500 781">
    <p class='ocr_par' dir='ltr' id='par_1_2' title="bbox 215 479 2500 781">
     <span class='ocr_line' id='line_1_2' title="bbox 226 479 2500 571; baseline 0.001 -23"><span class='ocrx_word' id='word_1_5' title='bbox 226 509 259 548; x_wconf 73' lang='grc' dir='ltr'>α</span> <span class='ocrx_word' id='word_1_6' title='bbox 297 480 513 550; x_wconf 81' lang='lat' dir='ltr'><strong>tulum</strong></span> <span class='ocrx_word' id='word_1_7' title='bbox 543 480 1085 550; x_wconf 62' lang='lat' dir='ltr'><strong>consolidatunin</strong></span> <span class='ocrx_word' id='word_1_8' title='bbox 1116 502 1248 549; x_wconf 91' lang='lat' dir='ltr'><strong>non</strong></span> <span class='ocrx_word' id='word_1_9' title='bbox 1293 479 1648 570; x_wconf 86' lang='lat' dir='ltr'><strong>impeditis,</strong></span> <span class='ocrx_word' id='word_1_10' title='bbox 1685 482 1877 550; x_wconf 77' lang='lat' dir='ltr'><strong>etiam</strong></span> <span class='ocrx_word' id='word_1_11' title='bbox 1926 480 2000 548; x_wconf 89' lang='lat' dir='ltr'><strong>in</strong></span> <span class='ocrx_word' id='word_1_12' title='bbox 2045 482 2292 571; x_wconf 73' lang='lat' dir='ltr'><strong>paucis,</strong></span> <span class='ocrx_word' id='word_1_13' title='bbox 2338 482 2500 571; x_wconf 91' lang='lat' dir='ltr'><strong>quin</strong></span> 
     </span>
     <span class='ocr_line' id='line_1_3' title="bbox 225 583 2499 676; baseline 0.002 -25"><span class='ocrx_word' id='word_1_14' title='bbox 225 614 257 651; x_wconf 74' lang='grc' dir='ltr'><strong>ιι</strong></span> <span class='ocrx_word' id='word_1_15' title='bbox 298 587 434 655; x_wconf 91' lang='lat' dir='ltr'><strong>imo</strong></span> <span class='ocrx_word' id='word_1_16' title='bbox 461 589 657 654; x_wconf 88' lang='lat' dir='ltr'><strong>etiam</strong></span> <span class='ocrx_word' id='word_1_17' title='bbox 691 586 761 653; x_wconf 91' lang='lat' dir='ltr'><strong>in</strong></span> <span class='ocrx_word' id='word_1_18' title='bbox 791 607 928 653; x_wconf 92' lang='lat' dir='ltr'><strong>uno</strong></span> <span class='ocrx_word' id='word_1_19' title='bbox 979 608 1114 654; x_wconf 89' lang='lat' dir='ltr'><strong>non</strong></span> <span class='ocrx_word' id='word_1_20' title='bbox 1160 585 1496 676; x_wconf 86' lang='lat' dir='ltr'><strong>impedito.</strong></span> <span class='ocrx_word' id='word_1_21' title='bbox 1535 608 1569 648; x_wconf 68' lang='lat' dir='ltr'><strong>n</strong></span> <span class='ocrx_word' id='word_1_22' title='bbox 1610 583 1991 675; x_wconf 80' lang='lat' dir='ltr'><strong>(Cardinalis</strong></span> <span class='ocrx_word' id='word_1_23' title='bbox 2019 586 2099 654; x_wconf 89' lang='lat' dir='ltr'><strong>de</strong></span> <span class='ocrx_word' id='word_1_24' title='bbox 2128 585 2331 669; x_wconf 86' lang='lat' dir='ltr'><strong>Luca,</strong></span> <span class='ocrx_word' id='word_1_25' title='bbox 2365 592 2499 655; x_wconf 81' lang='lat' dir='ltr'><strong>An-</strong></span> 
     </span>
     <span class='ocr_line' id='line_1_4' title="bbox 215 690 1501 781; baseline -0.002 -19"><span class='ocrx_word' id='word_1_26' title='bbox 215 703 431 762; x_wconf 68' lang='grc' dir='ltr'><em>ποιαί.</em></span> <span class='ocrx_word' id='word_1_27' title='bbox 460 690 758 761; x_wconf 82' lang='lat' dir='ltr'><strong>adeone.</strong></span> <span class='ocrx_word' id='word_1_28' title='bbox 794 691 1001 776; x_wconf 66' lang='lat' dir='ltr'><em>Trid„</em></span> <span class='ocrx_word' id='word_1_29' title='bbox 1033 693 1333 761; x_wconf 85' lang='lat' dir='ltr'>discursu</span> <span class='ocrx_word' id='word_1_30' title='bbox 1357 690 1501 781; x_wconf 86' lang='lat'><strong>31.)</strong></span> 
     </span>
    </p>
   </div>
   <div class='ocr_carea' id='block_1_3' title="bbox 1344 974 1452 1053">
    <p class='ocr_par' dir='ltr' id='par_1_3' title="bbox 1344 974 1452 1053">
     <span class='ocr_line' id='line_1_5' title="bbox 1344 974 1452 1053; baseline 0 -18"><span class='ocrx_word' id='word_1_31' title='bbox 1344 974 1452 1053; x_wconf 82' lang='lat'><strong>§7</strong></span> 
     </span>
    </p>
   </div>
   <div class='ocr_carea' id='block_1_4' title="bbox 220 1148 2491 1286">
    <p class='ocr_par' dir='ltr' id='par_1_4' title="bbox 220 1148 2491 1286">
     <span class='ocr_line' id='line_1_6' title="bbox 220 1148 2491 1202; baseline -0 -10"><span class='ocrx_word' id='word_1_32' title='bbox 220 1153 502 1200; x_wconf 76' lang='lat' dir='ltr'><strong>QUATENUS</strong></span> <span class='ocrx_word' id='word_1_33' title='bbox 543 1152 774 1191; x_wconf 80' lang='lat' dir='ltr'><strong>vocANDI</strong></span> <span class='ocrx_word' id='word_1_34' title='bbox 812 1152 932 1191; x_wconf 80' lang='lat' dir='ltr'><strong>SlN&#39;r</strong></span> <span class='ocrx_word' id='word_1_35' title='bbox 973 1151 1373 1202; x_wconf 72' lang='lat' dir='ltr'><strong>ABSENTES‚.1‹:‘1·</strong></span> <span class='ocrx_word' id='word_1_36' title='bbox 1418 1151 1493 1189; x_wconf 83' lang='lat' dir='ltr'><strong>AN</strong></span> <span class='ocrx_word' id='word_1_37' title='bbox 1539 1148 1885 1189; x_wconf 63' lang='lat' dir='ltr'><strong>sunnam!</strong></span> <span class='ocrx_word' id='word_1_38' title='bbox 1927 1149 2067 1188; x_wconf 76' lang='lat' dir='ltr'>DARE</span> <span class='ocrx_word' id='word_1_39' title='bbox 2105 1150 2350 1191; x_wconf 71' lang='lat' dir='ltr'>VALEANT</span> <span class='ocrx_word' id='word_1_40' title='bbox 2392 1152 2491 1191; x_wconf 77' lang='lat' dir='ltr'><strong>PER</strong></span> 
     </span>
     <span class='ocr_line' id='line_1_7' title="bbox 782 1229 1949 1286; baseline -0.003 -3"><span class='ocrx_word' id='word_1_41' title='bbox 782 1246 1222 1286; x_wconf 68' lang='lat' dir='ltr'><strong>PROCURATOREM.</strong></span> <span class='ocrx_word' id='word_1_42' title='bbox 1262 1246 1419 1283; x_wconf 78' lang='lat' dir='ltr'><strong>—ET</strong></span> <span class='ocrx_word' id='word_1_43' title='bbox 1457 1245 1532 1283; x_wconf 87' lang='lat' dir='ltr'><strong>AN</strong></span> <span class='ocrx_word' id='word_1_44' title='bbox 1574 1244 1632 1283; x_wconf 77' lang='lat' dir='ltr'><strong>m</strong></span> <span class='ocrx_word' id='word_1_45' title='bbox 1671 1242 1901 1283; x_wconf 81' lang='lat' dir='ltr'>SCRIPTIS</span> <span class='ocrx_word' id='word_1_46' title='bbox 1924 1229 1949 1281; x_wconf 66' lang='grc' dir='ltr'><strong>’ἶ</strong></span> 
     </span>
    </p>
   </div>
   <div class='ocr_carea' id='block_1_5' title="bbox 220 1427 2520 4378">
    <p class='ocr_par' dir='ltr' id='par_1_5' title="bbox 220 1427 2510 1841">
     <span class='ocr_line' id='line_1_8' title="bbox 313 1427 2503 1520; baseline 0.001 -22"><span class='ocrx_word' id='word_1_47' title='bbox 313 1430 364 1498; x_wconf 92' lang='lat'><strong>1.</strong></span> <span class='ocrx_word' id='word_1_48' title='bbox 425 1428 612 1500; x_wconf 86' lang='lat' dir='ltr'><strong>Circa</strong></span> <span class='ocrx_word' id='word_1_49' title='bbox 665 1432 1088 1520; x_wconf 86' lang='lat' dir='ltr'><strong>quaestionem</strong></span> <span class='ocrx_word' id='word_1_50' title='bbox 1151 1451 1237 1496; x_wconf 88' lang='lat' dir='ltr'><strong>an</strong></span> <span class='ocrx_word' id='word_1_51' title='bbox 1284 1428 1577 1496; x_wconf 81' lang='lat' dir='ltr'><strong>absentes</strong></span> <span class='ocrx_word' id='word_1_52' title='bbox 1634 1427 1906 1496; x_wconf 86' lang='lat' dir='ltr'><strong>debeant</strong></span> <span class='ocrx_word' id='word_1_53' title='bbox 1956 1432 2197 1516; x_wconf 85' lang='lat' dir='ltr'><strong>vocari,</strong></span> <span class='ocrx_word' id='word_1_54' title='bbox 2244 1434 2356 1520; x_wconf 89' lang='lat' dir='ltr'><strong>jus</strong></span> <span class='ocrx_word' id='word_1_55' title='bbox 2412 1435 2503 1501; x_wconf 93' lang='lat' dir='ltr'><strong>sic</strong></span> 
     </span>
     <span class='ocr_line' id='line_1_9' title="bbox 220 1534 2499 1630; baseline -0.001 -21"><span class='ocrx_word' id='word_1_56' title='bbox 220 1538 481 1630; x_wconf 81' lang='lat' dir='ltr'>exponit</span> <span class='ocrx_word' id='word_1_57' title='bbox 531 1537 873 1607; x_wconf 89' lang='lat' dir='ltr'><strong>Monacelli</strong></span> <span class='ocrx_word' id='word_1_58' title='bbox 921 1534 1479 1627; x_wconf 82' lang='lat' dir='ltr'><strong>(Formularium‚</strong></span> <span class='ocrx_word' id='word_1_59' title='bbox 1525 1540 1705 1625; x_wconf 89' lang='lat' dir='ltr'><strong>parte</strong></span> <span class='ocrx_word' id='word_1_60' title='bbox 1739 1537 1801 1617; x_wconf 90' lang='lat'><strong>1,</strong></span> <span class='ocrx_word' id='word_1_61' title='bbox 1848 1536 1946 1602; x_wconf 88' lang='lat' dir='ltr'><strong>tit.</strong></span> <span class='ocrx_word' id='word_1_62' title='bbox 2008 1560 2056 1619; x_wconf 79' lang='grc' dir='ltr'><strong>ι,</strong></span> <span class='ocrx_word' id='word_1_63' title='bbox 2094 1537 2377 1607; x_wconf 80' lang='lat' dir='ltr'><strong>formula</strong></span> <span class='ocrx_word' id='word_1_64' title='bbox 2430 1542 2499 1620; x_wconf 78' lang='lat'><strong>2,</strong></span> 
     </span>
     <span class='ocr_line' id='line_1_10' title="bbox 224 1639 2510 1736; baseline 0 -22"><span class='ocrx_word' id='word_1_65' title='bbox 224 1646 391 1736; x_wconf 46' lang='lat' dir='ltr'><strong>n27)</strong></span> <span class='ocrx_word' id='word_1_66' title='bbox 434 1670 450 1713; x_wconf 90' lang='lat'><strong>:</strong></span> <span class='ocrx_word' id='word_1_67' title='bbox 499 1671 531 1708; x_wconf 90' lang='lat'>«</span> <span class='ocrx_word' id='word_1_68' title='bbox 564 1645 877 1713; x_wconf 88' lang='lat' dir='ltr'><strong>Canonici</strong></span> <span class='ocrx_word' id='word_1_69' title='bbox 926 1643 1218 1712; x_wconf 81' lang='lat' dir='ltr'><strong>absentes</strong></span> <span class='ocrx_word' id='word_1_70' title='bbox 1264 1663 1395 1710; x_wconf 90' lang='lat' dir='ltr'><strong>non</strong></span> <span class='ocrx_word' id='word_1_71' title='bbox 1437 1640 1675 1710; x_wconf 89' lang='lat' dir='ltr'><strong>debent</strong></span> <span class='ocrx_word' id='word_1_72' title='bbox 1717 1643 1959 1729; x_wconf 86' lang='lat' dir='ltr'><strong>vocari,</strong></span> <span class='ocrx_word' id='word_1_73' title='bbox 2011 1644 2137 1711; x_wconf 89' lang='lat' dir='ltr'><strong>nisi</strong></span> <span class='ocrx_word' id='word_1_74' title='bbox 2170 1639 2510 1714; x_wconf 89' lang='lat' dir='ltr'><strong>commode</strong></span> 
     </span>
     <span class='ocr_line' id='line_1_11' title="bbox 228 1752 1740 1841; baseline -0.003 -22"><span class='ocrx_word' id='word_1_75' title='bbox 228 1781 263 1819; x_wconf 89' lang='lat'>«</span> <span class='ocrx_word' id='word_1_76' title='bbox 301 1753 442 1821; x_wconf 86' lang='lat' dir='ltr'><strong>fieri</strong></span> <span class='ocrx_word' id='word_1_77' title='bbox 476 1752 698 1841; x_wconf 85' lang='lat' dir='ltr'><strong>possit.</strong></span> <span class='ocrx_word' id='word_1_78' title='bbox 1735 1813 1740 1814; x_wconf 18' lang='lat' dir='ltr'><em>ff</em></span> 
     </span>
    </p>

    <p class='ocr_par' dir='ltr' id='par_1_6' title="bbox 231 1854 2512 2366">
     <span class='ocr_line' id='line_1_12' title="bbox 323 1854 2512 1945; baseline 0.002 -23"><span class='ocrx_word' id='word_1_79' title='bbox 323 1885 357 1925; x_wconf 91' lang='lat'>«</span> <span class='ocrx_word' id='word_1_80' title='bbox 388 1856 523 1924; x_wconf 93' lang='lat' dir='ltr'><strong>Nec</strong></span> <span class='ocrx_word' id='word_1_81' title='bbox 551 1857 638 1923; x_wconf 87' lang='lat' dir='ltr'><strong>ita</strong></span> <span class='ocrx_word' id='word_1_82' title='bbox 684 1855 974 1923; x_wconf 86' lang='lat' dir='ltr'><strong>absentes</strong></span> <span class='ocrx_word' id='word_1_83' title='bbox 1016 1859 1286 1945; x_wconf 85' lang='lat' dir='ltr'><strong>possunt</strong></span> <span class='ocrx_word' id='word_1_84' title='bbox 1334 1854 1589 1924; x_wconf 87' lang='lat' dir='ltr'><strong>mittere</strong></span> <span class='ocrx_word' id='word_1_85' title='bbox 1637 1857 1749 1919; x_wconf 92' lang='lat' dir='ltr'><strong>aut</strong></span> <span class='ocrx_word' id='word_1_86' title='bbox 1788 1854 2175 1922; x_wconf 86' lang='lat' dir='ltr'><strong>constituere</strong></span> <span class='ocrx_word' id='word_1_87' title='bbox 2204 1871 2512 1945; x_wconf 77' lang='lat' dir='ltr'><strong>procura·</strong></span> 
     </span>
     <span class='ocr_line' id='line_1_13' title="bbox 231 1956 2512 2046; baseline 0 -17"><span class='ocrx_word' id='word_1_88' title='bbox 231 1990 269 2029; x_wconf 73' lang='grc' dir='ltr'><strong>α</strong></span> <span class='ocrx_word' id='word_1_89' title='bbox 304 1969 509 2031; x_wconf 87' lang='lat' dir='ltr'><strong>torem</strong></span> <span class='ocrx_word' id='word_1_90' title='bbox 549 1961 630 2028; x_wconf 89' lang='lat' dir='ltr'><strong>ad</strong></span> <span class='ocrx_word' id='word_1_91' title='bbox 683 1960 1029 2028; x_wconf 84' lang='lat' dir='ltr'><strong>serendum</strong></span> <span class='ocrx_word' id='word_1_92' title='bbox 1072 1959 1144 2025; x_wconf 90' lang='lat' dir='ltr'><strong>in</strong></span> <span class='ocrx_word' id='word_1_93' title='bbox 1192 1958 1507 2025; x_wconf 83' lang='lat' dir='ltr'><strong>electione</strong></span> <span class='ocrx_word' id='word_1_94' title='bbox 1535 1956 1921 2044; x_wconf 83' lang='lat' dir='ltr'><strong>suffragium</strong></span> <span class='ocrx_word' id='word_1_95' title='bbox 1968 1956 2291 2046; x_wconf 84' lang='lat' dir='ltr'><strong>(glossaet</strong></span> <span class='ocrx_word' id='word_1_96' title='bbox 2320 1984 2512 2031; x_wconf 87' lang='lat' dir='ltr'><strong>cano·</strong></span> 
     </span>
     <span class='ocr_line' id='line_1_14' title="bbox 234 2056 2512 2150; baseline 0.001 -21"><span class='ocrx_word' id='word_1_97' title='bbox 234 2093 269 2130; x_wconf 91' lang='lat'>«</span> <span class='ocrx_word' id='word_1_98' title='bbox 303 2066 486 2133; x_wconf 85' lang='lat' dir='ltr'><strong>nistae</strong></span> <span class='ocrx_word' id='word_1_99' title='bbox 525 2062 961 2129; x_wconf 90' lang='lat' dir='ltr'><strong>communiter</strong></span> <span class='ocrx_word' id='word_1_100' title='bbox 1009 2060 1079 2127; x_wconf 87' lang='lat' dir='ltr'><strong>in</strong></span> <span class='ocrx_word' id='word_1_101' title='bbox 1122 2082 1266 2150; x_wconf 91' lang='lat' dir='ltr'><strong>cap.</strong></span> <span class='ocrx_word' id='word_1_102' title='bbox 1319 2058 1495 2141; x_wconf 83' lang='lat' dir='ltr'><strong><em>Quia</em></strong></span> <span class='ocrx_word' id='word_1_103' title='bbox 1526 2069 1834 2149; x_wconf 79' lang='lat' dir='ltr'><strong>propter,</strong></span> <span class='ocrx_word' id='word_1_104' title='bbox 1864 2056 1945 2126; x_wconf 86' lang='lat' dir='ltr'><strong>de</strong></span> <span class='ocrx_word' id='word_1_105' title='bbox 1986 2059 2199 2146; x_wconf 85' lang='lat' dir='ltr'><strong>elect.)</strong></span> <span class='ocrx_word' id='word_1_106' title='bbox 2223 2061 2393 2141; x_wconf 83' lang='lat' dir='ltr'><strong>Quia</strong></span> <span class='ocrx_word' id='word_1_107' title='bbox 2438 2088 2512 2132; x_wconf 92' lang='lat' dir='ltr'><strong>eo</strong></span> 
     </span>
     <span class='ocr_line' id='line_1_15' title="bbox 239 2165 2509 2256; baseline 0.004 -26"><span class='ocrx_word' id='word_1_108' title='bbox 239 2194 272 2230; x_wconf 74' lang='grc' dir='ltr'><strong>ι(</strong></span> <span class='ocrx_word' id='word_1_109' title='bbox 309 2169 447 2256; x_wconf 88' lang='lat' dir='ltr'><strong>ipso</strong></span> <span class='ocrx_word' id='word_1_110' title='bbox 474 2165 647 2255; x_wconf 89' lang='lat' dir='ltr'><strong>quod</strong></span> <span class='ocrx_word' id='word_1_111' title='bbox 672 2167 1024 2234; x_wconf 88' lang='lat' dir='ltr'><strong>canonicus</strong></span> <span class='ocrx_word' id='word_1_112' title='bbox 1052 2166 1284 2232; x_wconf 83' lang='lat' dir='ltr'><strong>transit</strong></span> <span class='ocrx_word' id='word_1_113' title='bbox 1311 2165 1387 2232; x_wconf 89' lang='lat' dir='ltr'><strong>ad</strong></span> <span class='ocrx_word' id='word_1_114' title='bbox 1420 2165 1642 2232; x_wconf 88' lang='lat' dir='ltr'><strong>locum</strong></span> <span class='ocrx_word' id='word_1_115' title='bbox 1668 2186 1746 2232; x_wconf 85' lang='lat' dir='ltr'><strong>ex</strong></span> <span class='ocrx_word' id='word_1_116' title='bbox 1778 2186 1909 2253; x_wconf 90' lang='lat' dir='ltr'><strong>quo</strong></span> <span class='ocrx_word' id='word_1_117' title='bbox 1935 2167 2277 2234; x_wconf 92' lang='lat' dir='ltr'><strong>commode</strong></span> <span class='ocrx_word' id='word_1_118' title='bbox 2299 2174 2509 2239; x_wconf 76' lang='lat' dir='ltr'><strong>vocari</strong></span> 
     </span>
     <span class='ocr_line' id='line_1_16' title="bbox 240 2271 2375 2366; baseline 0.004 -30"><span class='ocrx_word' id='word_1_119' title='bbox 240 2299 279 2366; x_wconf 56' lang='grc' dir='ltr'><strong>(ς</strong></span> <span class='ocrx_word' id='word_1_120' title='bbox 314 2295 446 2341; x_wconf 90' lang='lat' dir='ltr'><strong>non</strong></span> <span class='ocrx_word' id='word_1_121' title='bbox 471 2272 692 2363; x_wconf 89' lang='lat' dir='ltr'><strong>possit,</strong></span> <span class='ocrx_word' id='word_1_122' title='bbox 721 2272 869 2340; x_wconf 83' lang='lat' dir='ltr'><strong>facit</strong></span> <span class='ocrx_word' id='word_1_123' title='bbox 898 2295 964 2340; x_wconf 91' lang='lat' dir='ltr'><strong>se</strong></span> <span class='ocrx_word' id='word_1_124' title='bbox 993 2277 1367 2339; x_wconf 78' lang='lat' dir='ltr'><strong>extraneum</strong></span> <span class='ocrx_word' id='word_1_125' title='bbox 1397 2277 1460 2339; x_wconf 92' lang='lat' dir='ltr'><strong>et</strong></span> <span class='ocrx_word' id='word_1_126' title='bbox 1489 2271 1700 2362; x_wconf 86' lang='lat' dir='ltr'><strong>perdit</strong></span> <span class='ocrx_word' id='word_1_127' title='bbox 1719 2274 1830 2360; x_wconf 86' lang='lat' dir='ltr'><strong>jus</strong></span> <span class='ocrx_word' id='word_1_128' title='bbox 1859 2272 2375 2362; x_wconf 66' lang='lat' dir='ltr'><strong>{td-eligendum.</strong></span> 
     </span>
    </p>

    <p class='ocr_par' dir='ltr' id='par_1_7' title="bbox 230 2377 2520 3426">
     <span class='ocr_line' id='line_1_17' title="bbox 321 2377 2517 2474; baseline 0.003 -29"><span class='ocrx_word' id='word_1_129' title='bbox 321 2377 401 2447; x_wconf 89' lang='grc' dir='ltr'><strong>ΙΙ.</strong></span> <span class='ocrx_word' id='word_1_130' title='bbox 444 2405 477 2442; x_wconf 92' lang='lat'>«</span> <span class='ocrx_word' id='word_1_131' title='bbox 509 2377 837 2457; x_wconf 83' lang='lat' dir='ltr'><strong>Quatenus</strong></span> <span class='ocrx_word' id='word_1_132' title='bbox 868 2383 1088 2445; x_wconf 86' lang='lat' dir='ltr'><strong>autem</strong></span> <span class='ocrx_word' id='word_1_133' title='bbox 1137 2377 1381 2445; x_wconf 87' lang='lat' dir='ltr'><strong>adesset</strong></span> <span class='ocrx_word' id='word_1_134' title='bbox 1417 2377 1815 2445; x_wconf 90' lang='lat' dir='ltr'><strong>consuetudo</strong></span> <span class='ocrx_word' id='word_1_135' title='bbox 1844 2377 2134 2466; x_wconf 81' lang='lat' dir='ltr'><strong>legitime</strong></span> <span class='ocrx_word' id='word_1_136' title='bbox 2176 2385 2517 2474; x_wconf 69' lang='lat' dir='ltr'><strong>praecripta</strong></span> 
     </span>
     <span class='ocr_line' id='line_1_18' title="bbox 240 2483 2513 2578; baseline 0.005 -29"><span class='ocrx_word' id='word_1_137' title='bbox 240 2512 274 2549; x_wconf 91' lang='lat'>«</span> <span class='ocrx_word' id='word_1_138' title='bbox 313 2484 694 2554; x_wconf 89' lang='lat' dir='ltr'><strong>admittendi</strong></span> <span class='ocrx_word' id='word_1_139' title='bbox 723 2485 794 2552; x_wconf 90' lang='lat' dir='ltr'><strong>in</strong></span> <span class='ocrx_word' id='word_1_140' title='bbox 819 2483 1503 2553; x_wconf 84' lang='lat' dir='ltr'><strong>electionecanonicos</strong></span> <span class='ocrx_word' id='word_1_141' title='bbox 1535 2483 1826 2552; x_wconf 86' lang='lat' dir='ltr'><strong>absentes</strong></span> <span class='ocrx_word' id='word_1_142' title='bbox 1855 2507 1971 2575; x_wconf 90' lang='lat' dir='ltr'><strong>per</strong></span> <span class='ocrx_word' id='word_1_143' title='bbox 2000 2494 2513 2578; x_wconf 76' lang='lat' dir='ltr'><strong>procuratorem,</strong></span> 
     </span>
     <span class='ocr_line' id='line_1_19' title="bbox 240 2591 2511 2681; baseline 0.006 -25"><span class='ocrx_word' id='word_1_144' title='bbox 240 2618 272 2656; x_wconf 89' lang='lat'>«</span> <span class='ocrx_word' id='word_1_145' title='bbox 308 2593 450 2659; x_wconf 89' lang='lat' dir='ltr'><strong>talis</strong></span> <span class='ocrx_word' id='word_1_146' title='bbox 479 2592 878 2660; x_wconf 87' lang='lat' dir='ltr'><strong>consuetudo</strong></span> <span class='ocrx_word' id='word_1_147' title='bbox 906 2598 1069 2660; x_wconf 89' lang='lat' dir='ltr'><strong>esset</strong></span> <span class='ocrx_word' id='word_1_148' title='bbox 1096 2591 1516 2681; x_wconf 83' lang='lat' dir='ltr'><strong>intelligenda</strong></span> <span class='ocrx_word' id='word_1_149' title='bbox 1543 2597 1604 2659; x_wconf 93' lang='lat' dir='ltr'><strong>et</strong></span> <span class='ocrx_word' id='word_1_150' title='bbox 1633 2591 2082 2680; x_wconf 83' lang='lat' dir='ltr'><strong>restringenda</strong></span> <span class='ocrx_word' id='word_1_151' title='bbox 2110 2595 2189 2663; x_wconf 95' lang='lat' dir='ltr'><strong>ad</strong></span> <span class='ocrx_word' id='word_1_152' title='bbox 2219 2597 2511 2670; x_wconf 87' lang='lat' dir='ltr'><strong>absentes</strong></span> 
     </span>
     <span class='ocr_line' id='line_1_20' title="bbox 239 2682 2515 2794; baseline 0.005 -31"><span class='ocrx_word' id='word_1_153' title='bbox 239 2726 271 2763; x_wconf 89' lang='lat'>«</span> <span class='ocrx_word' id='word_1_154' title='bbox 311 2699 499 2766; x_wconf 79' lang='lat' dir='ltr'><strong>intra</strong></span> <span class='ocrx_word' id='word_1_155' title='bbox 519 2697 948 2789; x_wconf 80' lang='lat' dir='ltr'><strong>provinciam</strong></span> <span class='ocrx_word' id='word_1_156' title='bbox 979 2705 1042 2765; x_wconf 88' lang='lat' dir='ltr'><strong>et</strong></span> <span class='ocrx_word' id='word_1_157' title='bbox 1070 2697 1314 2765; x_wconf 89' lang='lat' dir='ltr'><strong>ibidem</strong></span> <span class='ocrx_word' id='word_1_158' title='bbox 1343 2682 1631 2766; x_wconf 83' lang='lat' dir='ltr'><strong>detentos</strong></span> <span class='ocrx_word' id='word_1_159' title='bbox 1660 2696 1880 2786; x_wconf 88' lang='lat' dir='ltr'><strong>aliquo</strong></span> <span class='ocrx_word' id='word_1_160' title='bbox 1908 2698 2200 2786; x_wconf 86' lang='lat' dir='ltr'><strong>legitimo</strong></span> <span class='ocrx_word' id='word_1_161' title='bbox 2238 2704 2515 2794; x_wconf 89' lang='lat' dir='ltr'><strong>impedi-</strong></span> 
     </span>
     <span class='ocr_line' id='line_1_21' title="bbox 238 2803 2511 2893; baseline 0.007 -27"><span class='ocrx_word' id='word_1_162' title='bbox 238 2832 270 2867; x_wconf 85' lang='lat'>«</span> <span class='ocrx_word' id='word_1_163' title='bbox 312 2809 530 2871; x_wconf 91' lang='lat' dir='ltr'><strong>mento</strong></span> <span class='ocrx_word' id='word_1_164' title='bbox 558 2805 636 2871; x_wconf 94' lang='lat' dir='ltr'><strong>de</strong></span> <span class='ocrx_word' id='word_1_165' title='bbox 662 2809 951 2893; x_wconf 89' lang='lat' dir='ltr'><strong>tempore</strong></span> <span class='ocrx_word' id='word_1_166' title='bbox 980 2803 1250 2871; x_wconf 87' lang='lat' dir='ltr'><strong>actualis</strong></span> <span class='ocrx_word' id='word_1_167' title='bbox 1290 2803 1620 2871; x_wconf 87' lang='lat' dir='ltr'><strong>electionis</strong></span> <span class='ocrx_word' id='word_1_168' title='bbox 1655 2803 1908 2883; x_wconf 83' lang='lat' dir='ltr'><strong>vicarii,</strong></span> <span class='ocrx_word' id='word_1_169' title='bbox 1939 2813 2136 2893; x_wconf 12' lang='lat' dir='ltr'><strong>*prout</strong></span> <span class='ocrx_word' id='word_1_170' title='bbox 2164 2813 2416 2880; x_wconf 88' lang='lat' dir='ltr'><strong>censuit</strong></span> <span class='ocrx_word' id='word_1_171' title='bbox 2443 2820 2511 2881; x_wconf 91' lang='lat' dir='ltr'><strong>et</strong></span> 
     </span>
     <span class='ocr_line' id='line_1_22' title="bbox 234 2907 2514 3009; baseline 0.005 -34"><span class='ocrx_word' id='word_1_172' title='bbox 234 2939 270 2976; x_wconf 75' lang='lat' dir='ltr'><strong>t(</strong></span> <span class='ocrx_word' id='word_1_173' title='bbox 310 2909 658 2977; x_wconf 86' lang='lat' dir='ltr'><strong>declaravit</strong></span> <span class='ocrx_word' id='word_1_174' title='bbox 680 2907 872 2976; x_wconf 87' lang='lat' dir='ltr'><strong>Sacra</strong></span> <span class='ocrx_word' id='word_1_175' title='bbox 894 2908 1151 2993; x_wconf 85' lang='lat' dir='ltr'><strong>concilii</strong></span> <span class='ocrx_word' id='word_1_176' title='bbox 1172 2907 1600 3009; x_wconf 74' lang='lat' dir='ltr'><strong>Congregatio</strong></span> <span class='ocrx_word' id='word_1_177' title='bbox 1622 2908 1715 2997; x_wconf 91' lang='lat' dir='ltr'><strong>(in</strong></span> <span class='ocrx_word' id='word_1_178' title='bbox 1745 2908 2193 2999; x_wconf 75' lang='lat' dir='ltr'><strong>Hidruntz&#39;na,</strong></span> <span class='ocrx_word' id='word_1_179' title='bbox 2230 2915 2312 2982; x_wconf 20' lang='lat'><strong>11⁴</strong></span> <span class='ocrx_word' id='word_1_180' title='bbox 2336 2921 2514 3008; x_wconf 87' lang='lat' dir='ltr'><strong>apri-</strong></span> 
     </span>
     <span class='ocr_line' id='line_1_23' title="bbox 230 3012 2517 3106; baseline 0.004 -26"><span class='ocrx_word' id='word_1_181' title='bbox 230 3043 266 3081; x_wconf 82' lang='lat'>«</span> <span class='ocrx_word' id='word_1_182' title='bbox 312 3017 393 3082; x_wconf 92' lang='lat' dir='ltr'><strong>lis</strong></span> <span class='ocrx_word' id='word_1_183' title='bbox 418 3012 613 3103; x_wconf 83' lang='lat'>1699)</span> <span class='ocrx_word' id='word_1_184' title='bbox 642 3037 659 3096; x_wconf 93' lang='lat'>;</span> <span class='ocrx_word' id='word_1_185' title='bbox 689 3015 759 3080; x_wconf 90' lang='lat' dir='ltr'><strong>in</strong></span> <span class='ocrx_word' id='word_1_186' title='bbox 788 3033 1080 3103; x_wconf 67' lang='lat' dir='ltr'><strong>qua‘non</strong></span> <span class='ocrx_word' id='word_1_187' title='bbox 1108 3014 1397 3081; x_wconf 88' lang='lat' dir='ltr'><strong>obstante</strong></span> <span class='ocrx_word' id='word_1_188' title='bbox 1439 3020 1749 3104; x_wconf 76' lang='lat' dir='ltr'><strong>praetensa</strong></span> <span class='ocrx_word' id='word_1_189' title='bbox 1774 3024 1837 3083; x_wconf 87' lang='lat' dir='ltr'><strong>et</strong></span> <span class='ocrx_word' id='word_1_190' title='bbox 1878 3017 2148 3106; x_wconf 86' lang='lat' dir='ltr'><strong>allegata</strong></span> <span class='ocrx_word' id='word_1_191' title='bbox 2177 3030 2517 3090; x_wconf 86' lang='lat' dir='ltr'><strong>consuetu-</strong></span> 
     </span>
     <span class='ocr_line' id='line_1_24' title="bbox 233 3119 2518 3210; baseline 0.005 -24"><span class='ocrx_word' id='word_1_192' title='bbox 233 3149 266 3187; x_wconf 91' lang='lat'>«</span> <span class='ocrx_word' id='word_1_193' title='bbox 314 3121 466 3188; x_wconf 94' lang='lat' dir='ltr'><strong>dine</strong></span> <span class='ocrx_word' id='word_1_194' title='bbox 517 3120 902 3189; x_wconf 89' lang='lat' dir='ltr'><strong>admittendi</strong></span> <span class='ocrx_word' id='word_1_195' title='bbox 956 3119 1247 3187; x_wconf 89' lang='lat' dir='ltr'><strong>absentes</strong></span> <span class='ocrx_word' id='word_1_196' title='bbox 1303 3142 1419 3210; x_wconf 85' lang='lat' dir='ltr'><strong>per</strong></span> <span class='ocrx_word' id='word_1_197' title='bbox 1463 3128 1972 3210; x_wconf 85' lang='lat' dir='ltr'><strong>procuratorem,</strong></span> <span class='ocrx_word' id='word_1_198' title='bbox 2028 3124 2152 3191; x_wconf 83' lang='lat' dir='ltr'><strong>fuit</strong></span> <span class='ocrx_word' id='word_1_199' title='bbox 2200 3129 2518 3197; x_wconf 82' lang='lat' dir='ltr'><strong>declarata</strong></span> 
     </span>
     <span class='ocr_line' id='line_1_25' title="bbox 233 3215 2520 3313; baseline 0.007 -23"><span class='ocrx_word' id='word_1_200' title='bbox 233 3255 268 3291; x_wconf 84' lang='lat'>«</span> <span class='ocrx_word' id='word_1_201' title='bbox 316 3227 495 3293; x_wconf 88' lang='lat' dir='ltr'><strong>nulla</strong></span> <span class='ocrx_word' id='word_1_202' title='bbox 524 3225 749 3293; x_wconf 89' lang='lat' dir='ltr'><strong>electio</strong></span> <span class='ocrx_word' id='word_1_203' title='bbox 777 3225 1158 3295; x_wconf 82' lang='lat' dir='ltr'><strong>officialium</strong></span> <span class='ocrx_word' id='word_1_204' title='bbox 1191 3225 1258 3292; x_wconf 90' lang='lat' dir='ltr'><strong>in</strong></span> <span class='ocrx_word' id='word_1_205' title='bbox 1293 3247 1424 3313; x_wconf 87' lang='lat' dir='ltr'><strong>qua</strong></span> <span class='ocrx_word' id='word_1_206' title='bbox 1451 3227 1717 3295; x_wconf 86' lang='lat' dir='ltr'><strong>fuerunt</strong></span> <span class='ocrx_word' id='word_1_207' title='bbox 1745 3228 1825 3294; x_wconf 91' lang='lat' dir='ltr'><strong>ad</strong></span> <span class='ocrx_word' id='word_1_208' title='bbox 1866 3215 2222 3309; x_wconf 85' lang='lat' dir='ltr'><strong>votandum</strong></span> <span class='ocrx_word' id='word_1_209' title='bbox 2253 3235 2520 3304; x_wconf 87' lang='lat' dir='ltr'><strong>admissi</strong></span> 
     </span>
     <span class='ocr_line' id='line_1_26' title="bbox 237 3332 2365 3426; baseline 0.006 -29"><span class='ocrx_word' id='word_1_210' title='bbox 237 3358 272 3397; x_wconf 91' lang='lat'>«</span> <span class='ocrx_word' id='word_1_211' title='bbox 313 3354 429 3422; x_wconf 86' lang='lat' dir='ltr'><strong>per</strong></span> <span class='ocrx_word' id='word_1_212' title='bbox 459 3337 941 3422; x_wconf 87' lang='lat' dir='ltr'><strong>procuratorem</strong></span> <span class='ocrx_word' id='word_1_213' title='bbox 963 3332 1094 3400; x_wconf 89' lang='lat' dir='ltr'><strong>duo</strong></span> <span class='ocrx_word' id='word_1_214' title='bbox 1124 3333 1448 3416; x_wconf 84' lang='lat' dir='ltr'><strong>canonici,</strong></span> <span class='ocrx_word' id='word_1_215' title='bbox 1480 3333 1595 3422; x_wconf 86' lang='lat' dir='ltr'><strong>qui</strong></span> <span class='ocrx_word' id='word_1_216' title='bbox 1626 3334 2046 3402; x_wconf 88' lang='lat' dir='ltr'><strong>morabantur</strong></span> <span class='ocrx_word' id='word_1_217' title='bbox 2075 3335 2365 3426; x_wconf 88' lang='lat' dir='ltr'><strong>Neapoli.</strong></span> 
     </span>
    </p>

    <p class='ocr_par' dir='ltr' id='par_1_8' title="bbox 234 3436 2517 3741">
     <span class='ocr_line' id='line_1_27' title="bbox 334 3436 2516 3534; baseline 0.008 -34"><span class='ocrx_word' id='word_1_218' title='bbox 334 3463 368 3500; x_wconf 89' lang='lat'>«</span> <span class='ocrx_word' id='word_1_219' title='bbox 397 3436 479 3504; x_wconf 91' lang='lat' dir='ltr'><strong>Et</strong></span> <span class='ocrx_word' id='word_1_220' title='bbox 501 3438 554 3505; x_wconf 89' lang='lat' dir='ltr'><strong>si</strong></span> <span class='ocrx_word' id='word_1_221' title='bbox 579 3460 614 3505; x_wconf 93' lang='lat' dir='ltr'><strong>e</strong></span> <span class='ocrx_word' id='word_1_222' title='bbox 637 3446 863 3506; x_wconf 88' lang='lat' dir='ltr'><strong>contra</strong></span> <span class='ocrx_word' id='word_1_223' title='bbox 889 3438 1135 3509; x_wconf 86' lang='lat' dir='ltr'><strong>adesset</strong></span> <span class='ocrx_word' id='word_1_224' title='bbox 1166 3440 1567 3508; x_wconf 89' lang='lat' dir='ltr'><strong>consuetudo</strong></span> <span class='ocrx_word' id='word_1_225' title='bbox 1595 3461 1728 3511; x_wconf 87' lang='lat' dir='ltr'><strong>non</strong></span> <span class='ocrx_word' id='word_1_226' title='bbox 1750 3442 2039 3509; x_wconf 70' lang='lat' dir='ltr'><strong>vocandi⁴</strong></span> <span class='ocrx_word' id='word_1_227' title='bbox 2056 3450 2516 3534; x_wconf 89' lang='lat' dir='ltr'><strong>quoquomodo</strong></span> 
     </span>
     <span class='ocr_line' id='line_1_28' title="bbox 237 3543 2517 3636; baseline 0.006 -27"><span class='ocrx_word' id='word_1_228' title='bbox 237 3571 270 3625; x_wconf 67' lang='grc' dir='ltr'><strong>ς(</strong></span> <span class='ocrx_word' id='word_1_229' title='bbox 319 3543 607 3613; x_wconf 88' lang='lat' dir='ltr'><strong>absentes</strong></span> <span class='ocrx_word' id='word_1_230' title='bbox 631 3567 667 3611; x_wconf 90' lang='lat' dir='ltr'><strong>a</strong></span> <span class='ocrx_word' id='word_1_231' title='bbox 694 3546 973 3632; x_wconf 86' lang='lat' dir='ltr'><strong>civitate,</strong></span> <span class='ocrx_word' id='word_1_232' title='bbox 1005 3546 1316 3614; x_wconf 84' lang='lat' dir='ltr'><strong>servanda</strong></span> <span class='ocrx_word' id='word_1_233' title='bbox 1342 3553 1508 3636; x_wconf 81' lang='lat' dir='ltr'><strong>esset</strong></span> <span class='ocrx_word' id='word_1_234' title='bbox 1533 3553 1597 3614; x_wconf 88' lang='lat' dir='ltr'><strong>et</strong></span> <span class='ocrx_word' id='word_1_235' title='bbox 1620 3546 2043 3631; x_wconf 86' lang='lat' dir='ltr'><strong>admittenda,</strong></span> <span class='ocrx_word' id='word_1_236' title='bbox 2079 3555 2152 3617; x_wconf 88' lang='lat' dir='ltr'><strong>ut</strong></span> <span class='ocrx_word' id='word_1_237' title='bbox 2175 3551 2335 3620; x_wconf 85' lang='lat' dir='ltr'><strong>dixit</strong></span> <span class='ocrx_word' id='word_1_238' title='bbox 2359 3553 2517 3622; x_wconf 85' lang='lat' dir='ltr'><strong>Rota</strong></span> 
     </span>
     <span class='ocr_line' id='line_1_29' title="bbox 234 3647 1489 3741; baseline 0.002 -28"><span class='ocrx_word' id='word_1_239' title='bbox 234 3677 267 3714; x_wconf 84' lang='lat'>«</span> <span class='ocrx_word' id='word_1_240' title='bbox 316 3651 559 3737; x_wconf 87' lang='lat' dir='ltr'><strong>(coram</strong></span> <span class='ocrx_word' id='word_1_241' title='bbox 577 3647 786 3737; x_wconf 88' lang='lat' dir='ltr'><strong>Celso,</strong></span> <span class='ocrx_word' id='word_1_242' title='bbox 814 3650 1010 3718; x_wconf 87' lang='lat' dir='ltr'><strong>decis.</strong></span> <span class='ocrx_word' id='word_1_243' title='bbox 1041 3650 1158 3736; x_wconf 83' lang='lat'><strong>85,</strong></span> <span class='ocrx_word' id='word_1_244' title='bbox 1187 3673 1255 3718; x_wconf 89' lang='lat' dir='ltr'><strong>n.</strong></span> <span class='ocrx_word' id='word_1_245' title='bbox 1294 3650 1423 3741; x_wconf 81' lang='lat'><strong>11).</strong></span> <span class='ocrx_word' id='word_1_246' title='bbox 1454 3677 1489 3715; x_wconf 65' lang='lat' dir='ltr'><strong>a&gt;</strong></span> 
     </span>
    </p>

    <p class='ocr_par' dir='ltr' id='par_1_9' title="bbox 229 3753 2520 4378">
     <span class='ocr_line' id='line_1_30' title="bbox 296 3753 2518 3849; baseline 0.004 -28"><span class='ocrx_word' id='word_1_247' title='bbox 296 3753 432 3839; x_wconf 65' lang='lat' dir='ltr'><strong>ln.</strong></span> <span class='ocrx_word' id='word_1_248' title='bbox 466 3756 573 3823; x_wconf 87' lang='lat' dir='ltr'><strong>An</strong></span> <span class='ocrx_word' id='word_1_249' title='bbox 611 3754 903 3827; x_wconf 88' lang='lat' dir='ltr'><strong>absentes</strong></span> <span class='ocrx_word' id='word_1_250' title='bbox 933 3761 1151 3823; x_wconf 87' lang='lat' dir='ltr'><strong>votum</strong></span> <span class='ocrx_word' id='word_1_251' title='bbox 1177 3777 1374 3824; x_wconf 89' lang='lat' dir='ltr'><strong>suum</strong></span> <span class='ocrx_word' id='word_1_252' title='bbox 1405 3757 1476 3845; x_wconf 82' lang='lat' dir='ltr'><strong>in</strong></span> <span class='ocrx_word' id='word_1_253' title='bbox 1518 3758 1772 3848; x_wconf 87' lang='lat' dir='ltr'><strong>scriptis</strong></span> <span class='ocrx_word' id='word_1_254' title='bbox 1806 3759 2060 3826; x_wconf 84' lang='lat' dir='ltr'><strong>mittere</strong></span> <span class='ocrx_word' id='word_1_255' title='bbox 2090 3759 2389 3849; x_wconf 64' lang='lat' dir='ltr'><strong>possint?</strong></span> <span class='ocrx_word' id='word_1_256' title='bbox 2430 3794 2518 3819; x_wconf 90' lang='lat'><strong>—·-</strong></span> 
     </span>
     <span class='ocr_line' id='line_1_31' title="bbox 230 3858 2518 3956; baseline 0.006 -29"><span class='ocrx_word' id='word_1_257' title='bbox 230 3858 670 3941; x_wconf 71' lang='lat' dir='ltr'><strong>Quaestionem</strong></span> <span class='ocrx_word' id='word_1_258' title='bbox 710 3861 894 3928; x_wconf 90' lang='lat' dir='ltr'><strong>illam</strong></span> <span class='ocrx_word' id='word_1_259' title='bbox 941 3861 1129 3950; x_wconf 90' lang='lat' dir='ltr'><strong>plene</strong></span> <span class='ocrx_word' id='word_1_260' title='bbox 1153 3860 1453 3930; x_wconf 88' lang='lat' dir='ltr'><strong>discussit</strong></span> <span class='ocrx_word' id='word_1_261' title='bbox 1490 3867 1552 3931; x_wconf 90' lang='lat' dir='ltr'><strong>et</strong></span> <span class='ocrx_word' id='word_1_262' title='bbox 1592 3862 1885 3929; x_wconf 86' lang='lat' dir='ltr'><strong>definivit</strong></span> <span class='ocrx_word' id='word_1_263' title='bbox 1927 3859 1994 3930; x_wconf 90' lang='lat' dir='ltr'><strong>S.</strong></span> <span class='ocrx_word' id='word_1_264' title='bbox 2040 3861 2200 3935; x_wconf 73' lang='lat' dir='ltr'><strong>Rota</strong></span> <span class='ocrx_word' id='word_1_265' title='bbox 2230 3864 2321 3956; x_wconf 89' lang='lat' dir='ltr'><strong>(in</strong></span> <span class='ocrx_word' id='word_1_266' title='bbox 2362 3873 2518 3939; x_wconf 87' lang='lat' dir='ltr'><strong>Leo-</strong></span> 
     </span>
     <span class='ocr_line' id='line_1_32' title="bbox 229 3965 2515 4059; baseline 0.006 -26"><span class='ocrx_word' id='word_1_267' title='bbox 229 3965 478 4055; x_wconf 75' lang='lat' dir='ltr'><strong>diemi,</strong></span> <span class='ocrx_word' id='word_1_268' title='bbox 514 3967 596 4036; x_wconf 87' lang='grc'><strong>10</strong></span> <span class='ocrx_word' id='word_1_269' title='bbox 635 3967 994 4036; x_wconf 88' lang='lat' dir='ltr'><strong>decembris</strong></span> <span class='ocrx_word' id='word_1_270' title='bbox 1043 3968 1234 4052; x_wconf 82' lang='lat'><strong>1698,</strong></span> <span class='ocrx_word' id='word_1_271' title='bbox 1277 4006 1368 4020; x_wconf 92' lang='lat'><strong>—·</strong></span> <span class='ocrx_word' id='word_1_272' title='bbox 1401 3969 1468 4035; x_wconf 87' lang='lat' dir='ltr'><strong>in</strong></span> <span class='ocrx_word' id='word_1_273' title='bbox 1514 3968 1888 4059; x_wconf 84' lang='lat' dir='ltr'><strong>Appendice</strong></span> <span class='ocrx_word' id='word_1_274' title='bbox 1931 3969 2317 4041; x_wconf 86' lang='lat' dir='ltr'><strong>selectarum</strong></span> <span class='ocrx_word' id='word_1_275' title='bbox 2345 3975 2515 4046; x_wconf 83' lang='lat' dir='ltr'><strong>deci-</strong></span> 
     </span>
     <span class='ocr_line' id='line_1_33' title="bbox 233 4070 2520 4165; baseline 0.004 -25"><span class='ocrx_word' id='word_1_276' title='bbox 233 4074 496 4140; x_wconf 88' lang='lat' dir='ltr'><strong>sionum</strong></span> <span class='ocrx_word' id='word_1_277' title='bbox 537 4072 710 4142; x_wconf 82' lang='lat' dir='ltr'><strong>Rotae</strong></span> <span class='ocrx_word' id='word_1_278' title='bbox 744 4071 1109 4156; x_wconf 86' lang='lat' dir='ltr'><strong>Monacelli,</strong></span> <span class='ocrx_word' id='word_1_279' title='bbox 1145 4070 1267 4142; x_wconf 86' lang='lat' dir='ltr'><strong>sub</strong></span> <span class='ocrx_word' id='word_1_280' title='bbox 1302 4097 1575 4143; x_wconf 89' lang='lat' dir='ltr'><strong>numero</strong></span> <span class='ocrx_word' id='word_1_281' title='bbox 1614 4074 1700 4144; x_wconf 88' lang='grc'><strong>39</strong></span> <span class='ocrx_word' id='word_1_282' title='bbox 1732 4073 1985 4165; x_wconf 89' lang='lat' dir='ltr'><strong>posita).</strong></span> <span class='ocrx_word' id='word_1_283' title='bbox 2030 4075 2353 4148; x_wconf 84' lang='lat' dir='ltr'><strong>Facienda</strong></span> <span class='ocrx_word' id='word_1_284' title='bbox 2381 4093 2520 4152; x_wconf 88' lang='lat' dir='ltr'><strong>erat</strong></span> 
     </span>
     <span class='ocr_line' id='line_1_34' title="bbox 235 4178 2513 4276; baseline 0.005 -31"><span class='ocrx_word' id='word_1_285' title='bbox 235 4178 458 4246; x_wconf 89' lang='lat' dir='ltr'><strong>electio</strong></span> <span class='ocrx_word' id='word_1_286' title='bbox 488 4201 607 4269; x_wconf 89' lang='lat' dir='ltr'><strong>pro</strong></span> <span class='ocrx_word' id='word_1_287' title='bbox 632 4180 873 4247; x_wconf 82' lang='lat' dir='ltr'><strong>vicaria</strong></span> <span class='ocrx_word' id='word_1_288' title='bbox 899 4180 1116 4269; x_wconf 89' lang='lat' dir='ltr'><strong>aliqua</strong></span> <span class='ocrx_word' id='word_1_289' title='bbox 1155 4187 1462 4272; x_wconf 86' lang='lat' dir='ltr'><strong>perpetua</strong></span> <span class='ocrx_word' id='word_1_290' title='bbox 1499 4183 1688 4269; x_wconf 89' lang='lat' dir='ltr'><strong>cujus</strong></span> <span class='ocrx_word' id='word_1_291' title='bbox 1737 4181 1990 4249; x_wconf 88' lang='lat' dir='ltr'><strong>collatio</strong></span> <span class='ocrx_word' id='word_1_292' title='bbox 2029 4184 2109 4251; x_wconf 90' lang='lat' dir='ltr'><strong>ad</strong></span> <span class='ocrx_word' id='word_1_293' title='bbox 2154 4187 2513 4276; x_wconf 85' lang='lat' dir='ltr'><strong>capitulum</strong></span> 
     </span>
     <span class='ocr_line' id='line_1_35' title="bbox 240 4281 2517 4378; baseline 0.004 -28"><span class='ocrx_word' id='word_1_294' title='bbox 240 4281 591 4352; x_wconf 89' lang='lat' dir='ltr'><strong>Leodiense</strong></span> <span class='ocrx_word' id='word_1_295' title='bbox 641 4286 1020 4375; x_wconf 86' lang='lat' dir='ltr'><strong>pertinebat.</strong></span> <span class='ocrx_word' id='word_1_296' title='bbox 1078 4287 1170 4355; x_wconf 88' lang='lat' dir='ltr'><strong>Ex</strong></span> <span class='ocrx_word' id='word_1_297' title='bbox 1227 4310 1334 4355; x_wconf 85' lang='lat' dir='ltr'><strong>sex</strong></span> <span class='ocrx_word' id='word_1_298' title='bbox 1391 4286 1810 4378; x_wconf 61' lang='lat' dir='ltr'><strong>praesentibus</strong></span> <span class='ocrx_word' id='word_1_299' title='bbox 1861 4296 2137 4377; x_wconf 86' lang='lat' dir='ltr'><strong>quatuor</strong></span> <span class='ocrx_word' id='word_1_300' title='bbox 2182 4291 2517 4378; x_wconf 85' lang='lat' dir='ltr'><strong>elegerunt</strong></span> 
     </span>
    </p>
   </div>
   <div class='ocr_carea' id='block_1_6' title="bbox 243 4386 2543 4559">
    <p class='ocr_par' dir='ltr' id='par_1_10' title="bbox 243 4386 2543 4559">
     <span class='ocr_line' id='line_1_36' title="bbox 243 4386 2543 4484; baseline 0.004 -27"><span class='ocrx_word' id='word_1_301' title='bbox 243 4386 595 4478; x_wconf 84' lang='lat' dir='ltr'><strong>Renerum,</strong></span> <span class='ocrx_word' id='word_1_302' title='bbox 625 4396 700 4481; x_wconf 71' lang='lat' dir='ltr'><strong>[et</strong></span> <span class='ocrx_word' id='word_1_303' title='bbox 740 4392 873 4460; x_wconf 93' lang='lat' dir='ltr'><strong>duo</strong></span> <span class='ocrx_word' id='word_1_304' title='bbox 909 4393 1013 4460; x_wconf 87' lang='lat' dir='ltr'><strong>alii</strong></span> <span class='ocrx_word' id='word_1_305' title='bbox 1072 4393 1519 4462; x_wconf 85' lang='lat' dir='ltr'><strong>Christianum</strong></span> <span class='ocrx_word' id='word_1_306' title='bbox 1567 4417 1583 4461; x_wconf 77' lang='lat' dir='ltr'><strong><em>z</em></strong></span> <span class='ocrx_word' id='word_1_307' title='bbox 1633 4417 1709 4461; x_wconf 85' lang='lat' dir='ltr'><strong>ex</strong></span> <span class='ocrx_word' id='word_1_308' title='bbox 1763 4400 2041 4484; x_wconf 83' lang='lat' dir='ltr'><strong>quatuor</strong></span> <span class='ocrx_word' id='word_1_309' title='bbox 2084 4418 2236 4461; x_wconf 82' lang='lat' dir='ltr'><strong>vero</strong></span> <span class='ocrx_word' id='word_1_310' title='bbox 2278 4397 2543 4466; x_wconf 82' lang='lat' dir='ltr'><strong>abson-·</strong></span> 
     </span>
     <span class='ocr_line' id='line_1_37' title="bbox 2206 4513 2275 4559; baseline 0.029 -2"><span class='ocrx_word' id='word_1_311' title='bbox 2206 4513 2275 4559; x_wconf 72' lang='lat' dir='ltr'><strong>ss</strong></span> 
     </span>
    </p>
   </div>
  </div>
 </body>
</html>
