2930 4982
404 389 481 444 59
494 389 531 444 0
1391 395 1738 443 ‘maenius

492 517 561 585 [n
583 518 770 585 citata
791 522 1007 584 autem
1029 522 1468 606 extravaganti
1490 519 1583 586 sic
1602 517 1892 586 decernit
1912 517 2284 586 Bonifacius
2307 516 2451 586 Vlll
2475 542 2490 586 ε
2521 521 2697 587 Proe-

398 625 569 691 senti
602 623 823 712 itaque
835 633 1164 712 perpetuo
1206 623 1503 692 valitura
1543 625 2017 692 constitutione
2045 624 2386 692 sancimus
2416 637 2497 691 ut
2533 628 2698 715 Epi-

396 730 573 818 scopi
582 740 645 796 et
659 728 783 796 alii
798 727 987 795 Proel
987 729 1091 795 ati
1102 730 1488 820 superiores,
1500 781 1519 800 .
1534 782 1549 799 .
1569 754 1976 822 quocumque
1991 732 2260 799 nomine
2278 744 2693 811 censeantur,

397 835 512 924 qui
532 834 722 924 apud
747 834 1001 903 dictam
1034 833 1251 902 sedem
1279 850 1783 928 promoventur,
1810 850 1933 905 aut
1955 838 2511 927 confirmationis,
2547 861 2694 907 con·

391 940 781 1008 sect-ationis
819 940 927 1007 vel
968 938 1428 1010 benedictionis
1491 965 1736 1010 munus
1787 940 2141 1033 rec‘ipiunt,
2182 942 2277 1011 ad
2307 946 2689 1015 commissas

393 1046 482 1112 eis
496 1045 794 1112 ecclesias
810 1057 874 1112 et
888 1047 1320 1128 monasteria,
1345 1047 1592 1138 absque
1610 1046 1805 1117 dictoe
1824 1049 2020 1116 Sedis
2045 1049 2294 1117 litteris
2313 1050 2699 1141 hujusmodi

397 1173 621 1219 eorum
663 1152 1181 1241 promotionem,
1221 1155 1830 1243 confirmationem,
1880 1155 2429 1222 consecrationem
2452 1179 2569 1224 scu
2602 1157 2698 1225 bc-

397 1254 833 1326 nedictionem
869 1259 1384 1341 continentibus,
1437 1259 1759 1344 accedere,
1804 1261 1909 1328 vel
1953 1261 2275 1328 bonorum
2311 1263 2694 1331 ecclesiasti-

398 1383 623 1430 corum
670 1362 1325 1433 administrationem
1373 1367 1663 1456 accipere
1709 1389 1843 1433 non
1885 1380 2301 1456 praesumant
2335 1389 2358 1434 .·
2386 1369 2693 1460 nullique

394 1490 503 1535 eos
542 1468 785 1559 absque
834 1469 1175 1539 dictarum
1205 1473 1585 1540 litterarum
1632 1473 1998 1541 ostensione
2036 1473 2384 1564 recipiant,
2440 1488 2564 1542 aut
2604 1478 2687 1544 eis

390 1587 684 1664 pareant
723 1577 831 1644 vel
866 1577 1250 1646 intendant.
1320 1579 1519 1662 Quod
1554 1580 1615 1646 si
1652 1582 1885 1670 forsan
1923 1593 2170 1647 contra*
2198 1593 2686 1671 praesumptum

391 1682 623 1770 fuerit,
665 1682 845 1772 quod
857 1705 980 1773 per
1007 1686 1388 1775 Episcopos,
1422 1685 1838 1753 ProelatoS...
1879 1698 1944 1752 et
1977 1687 2145 1754 alios
2167 1686 2521 1777 praedictos
2551 1710 2685 1754 me·

391 1783 505 1852 dio
545 1798 837 1876 tempore
863 1800 1088 1854 actum
1130 1789 1360 1878 fuerit,
1406 1790 1680 1857 irritum
1718 1791 2130 1859 habeatur...
2172 1792 2496 1882 Capitula
2541 1814 2687 1859 vero

393 1901 458 1956 et
503 1902 856 1960 conventus
904 1893 1333 1962 ecclesiarum
1391 1908 1455 1963 et
1503 1899 2062 1965 monasteriorum
2116 1900 2440 1990 ipsorum,
2520 1901 2690 1992 ipsos

394 1998 634 2087 absque
664 1999 1054 2088 hujusmodi
1075 1999 1269 2069 dictoe
1297 2001 1473 2070 sedis
1503 2003 1747 2072 litteris
1775 2005 2168 2095 recipientes
2189 2007 2297 2072 vel
2320 2006 2686 2077 obedientes

391 2103 663 2185 eisdem,
715 2104 976 2172 tamdiu
1007 2106 1147 2172 sint
1194 2130 1237 2172 a
1268 2106 1733 2197 beneficiorum
1768 2132 2042 2176 suorum
2069 2112 2503 2202 perceptione
2551 2137 2688 2181 sus-

387 2209 601 2299 pensi,
660 2207 866 2278 donec
925 2233 1123 2302 super
1169 2212 1292 2279 hoc
1355 2213 1648 2298 ejusdem
1712 2215 1904 2283 Sedis
1956 2217 2253 2307 qratiam
2317 2221 2685 2287 meruerint

396 2312 708 2382 obtinere.

481 2413 846 2483 Fatendum
876 2423 969 2484 est
1004 2420 1254 2509 aliquos
1283 2427 1579 2507 auctores
1625 2424 2026 2491 contrarium
2070 2425 2478 2512 sustinuisse,
2515 2428 2683 2497 inter

390 2542 549 2607 quos
585 2521 869 2591 parisius
919 2523 1035 2614 (De
1073 2527 1547 2616 resiqnationc‚
1596 2530 1643 2596 l.
1682 2552 1797 2614 vn,
1858 2537 2086 2620 quaest.
2128 2532 2240 2618 23,
2285 2556 2355 2600 n.
2398 2535 2507 2624 46)
2562 2538 2680 2625 qui

388 2626 758 2692 auctoritate
805 2626 983 2695 Rotae
1030 2631 1094 2695 in
1141 2631 1310 2699 hanc
1353 2635 1731 2722 opinionem
1765 2636 2070 2704 inductus
2104 2637 2251 2706 fuit.
2296 2638 2533 2706 Verum
2572 2645 2672 2706 est

388 2730 584 2799 etiam
631 2731 921 2801 tribunal
966 2732 1142 2801 Rotae
1183 2739 1400 2825 primo
1453 2741 1523 2805 in
1566 2741 1748 2808 hunc
1786 2763 2052 2810 sensum
2098 2744 2320 2812 abiisse
2356 2743 2450 2834 (in
2490 2747 2672 2811 Bur-

386 2838 597 2925 qensi,
641 2837 728 2906 28
771 2839 1059 2929 januarii
1105 2840 1330 2932 1583).
1366 2844 1453 2912 At
1482 2866 1634 2913 vero
1661 2846 1897 2914 decisio
1926 2847 2059 2929 illa,
2112 2855 2185 2916 ut
2222 2849 2411 2917 refert
2438 2848 2677 2918 Leure·

390 2945 539 3011 nius
584 2945 749 3035 (loco
804 2968 998 3038 supra
1036 2949 1274 3039 citato),
1329 2951 1541 3019 «dein
1588 2953 1823 3021 melius
1868 2957 2228 3023 examinata
2266 2956 2676 3045 dispositione

399 3074 434 3114 «
460 3050 648 3118 dictae
677 3055 1144 3141 extravagantis
1169 3055 1525 3145 Injunctoe‚
1562 3066 1855 3127 revocata
1893 3060 2016 3127 fuit
2044 3083 2157 3151 per
2188 3063 2387 3129 aliam
2418 3062 2480 3129 ei
2513 3084 2673 3130 con-

398 3180 432 3220 «
459 3158 726 3225 trariam
755 3157 826 3224 in
851 3150 1075 3227 eadem
1109 3180 1303 3229 causa
1326 3162 1644 3253 Burgensi
1667 3165 1732 3256 (3
1758 3167 1929 3254 junii
1963 3167 2193 3257 1583);
2220 3175 2286 3235 et
2310 3171 2485 3237 hanc
2507 3162 2675 3236 deci·

396 3284 433 3324 «
459 3263 711 3329 sionem
754 3263 1081 3351 ultimam,
1122 3273 1183 3333 et
1217 3272 1676 3337 revocatoriam
1718 3273 1977 3361 prioris,
2028 3273 2223 3341 fuisse
2262 3275 2679 3363 postmodum

393 3388 430 3427 ι(
458 3365 694 3453 saepius
732 3368 967 3436 aRota
1008 3374 1454 3441 canonizatam
1498 3377 1588 3443 ait
1643 3375 1964 3444 Gonzalez'
2001 3377 2115 3469 (1).
2181 3380 2397 3469 Atque
2448 3403 2525 3449 ex
2577 3381 2676 3448 his

395 3495 428 3534 «
459 3470 873 3539 concluditur
897 3475 979 3539 ad
1004 3478 1470 3564 expirationem
1501 3482 1820 3569 potestatis
1847 3485 2111 3574 capituli
2139 3488 2412 3576 ejusque
2440 3487 2665 3555 vicarii

394 3577 719 3670 «requiri,
770 3598 904 3646 non
941 3580 1156 3650 solum
1201 3589 1710 3676 propositionem
1746 3591 1815 3657 in
1854 3593 2250 3673 consistorio,
2297 3595 2662 3684 factamque

389 3712 426 3751 a
455 3685 525 3754 in
554 3708 629 3754 eo
676 3689 1174 3778 promotionem,
1219 3697 1282 3758 et
1317 3693 1469 3760 dein
1510 3695 1878 3763 litterarum
1920 3699 2416 3786 expeditionem,
2476 3701 2667 3768 etiam

391 3817 428 3856 e<
456 3814 608 3860 cum
638 3800 808 3862 certa
838 3795 1292 3884 praedictorum
1335 3800 1604 3867 scientia
1649 3801 1867 3898 habita
1894 3824 1932 3869 a
1963 3804 2283 3894 capitu103
2326 3806 2440 3872 sed
2486 3805 2671 3872 insu·

392 3919 428 3959 «
457 3918 573 3982 per
617 3920 782 3989 opus
826 3920 961 3967 esse
1005 3901 1242 3968 actuali
1293 3908 1654 3975 ostensione
1697 3913 1759 3975 et
1795 3911 2297 3999 ‘praesentatione
2342 3910 2666 3978 dictarum

395 4000 843 4084 «litterarum,
868 4008 998 4073 sive
1022 4007 1246 4076 Brevis
1274 4010 1415 4078 loco
1444 4012 1760 4102 ipsarum,
1804 4015 1967 4083 facta
1996 4016 2310 4106 capituIO.

450 4151 511 4210 (1)
542 4147 688 4198 Verbi
714 4157 892 4214 gratia,
919 4157 973 4204 in
995 4156 1352 4210 Tarraconensi
1381 4165 1431 4211 ll
1459 4159 1739 4212 decembris
1763 4167 1901 4222 1702,
1934 4167 2005 4214 sic
2032 4164 2218 4228 legitur
2237 4185 2251 4214 ε
2274 4183 2297 4210 α
2323 4164 2467 4215 Idem
2487 4169 2675 4229 practi-

383 4245 409 4274 ι
442 4231 545 4279 cari
579 4228 708 4278 solet
744 4231 808 4278 ab
837 4233 1106 4296 Episcopis,
1133 4241 1221 4300 qui
1255 4239 1420 4290 bullas
1445 4242 1743 4303 apostolicas
1780 4245 2046 4296 ostendere
2075 4249 2315 4296 tenentur
2345 4245 2590 4309 capitulo,
2617 4245 2678 4293 nt

379 4327 403 4355 ι
439 4311 805 4374 possessionem
837 4313 1156 4374 episcopatus
1183 4332 1360 4382 capere
1388 4324 1608 4384 possint,
1636 4336 1739 4374 non
1765 4324 1831 4375 ad
1856 4323 2095 4376 effectum
2117 4325 2323 4390 petendi
2351 4325 2615 4376 licentiam
2647 4336 2677 4372 a

386 4408 406 4435 «
443 4390 681 4453 capitulo,
717 4389 805 4439 sed
831 4394 888 4437 ut
912 4391 958 4437 ei
981 4397 1240 4445 notificent
1273 4398 1595 4451 collationem
1619 4405 1670 4451 in
1693 4407 1773 4454 sui
1797 4418 2063 4470 personam
2094 4406 2296 4458 factam.
2332 4425 2356 4451 ι·
2383 4404 2463 4469 (ln
2481 4416 2678 4469 &Ppffl‘

383 4467 490 4517 dice
517 4468 828 4518 decisionum
849 4467 1148 4520 selectarum
1177 4475 1454 4541 Monacelli,
1480 4479 1664 4533 decisio
1696 4482 1796 4546 46.)
