<?xml version="1.0" encoding="UTF-8"?>
<!DOCTYPE html PUBLIC "-//W3C//DTD XHTML 1.0 Transitional//EN"
    "http://www.w3.org/TR/xhtml1/DTD/xhtml1-transitional.dtd">
<html xmlns="http://www.w3.org/1999/xhtml" xml:lang="en" lang="en">
 <head>
  <title>
</title>
<meta http-equiv="Content-Type" content="text/html;charset=utf-8" />
  <meta name='ocr-system' content='tesseract 3.04.00' />
  <meta name='ocr-capabilities' content='ocr_page ocr_carea ocr_par ocr_line ocrx_word'/>
</head>
<body>
  <div class='ocr_page' id='page_1' title='image "./tractatusdecapi00bouigoog_0569.png"; bbox 0 0 2930 4982; ppageno 0'>
   <div class='ocr_carea' id='block_1_1' title="bbox 1136 368 2498 424">
    <p class='ocr_par' dir='ltr' id='par_1_1' title="bbox 1136 368 2498 424">
     <span class='ocr_line' id='line_1_1' title="bbox 1136 368 2498 424; baseline 0.001 -2"><span class='ocrx_word' id='word_1_1' title='bbox 1136 376 1217 422; x_wconf 73' lang='lat' dir='ltr'><em>m:</em></span> <span class='ocrx_word' id='word_1_2' title='bbox 1261 374 1586 423; x_wconf 64' lang='lat' dir='ltr'><em>culmus.</em></span> <span class='ocrx_word' id='word_1_3' title='bbox 2381 368 2457 423; x_wconf 72' lang='grc'><em>52</em></span> <span class='ocrx_word' id='word_1_4' title='bbox 2471 369 2498 424; x_wconf 80' lang='grc'><strong>1</strong></span> 
     </span>
    </p>
   </div>
   <div class='ocr_carea' id='block_1_2' title="bbox 221 494 2525 3446">
    <p class='ocr_par' dir='ltr' id='par_1_2' title="bbox 225 494 2520 1734">
     <span class='ocr_line' id='line_1_2' title="bbox 227 494 2515 593; baseline 0 -27"><span class='ocrx_word' id='word_1_5' title='bbox 227 527 262 568; x_wconf 93' lang='lat'>«</span> <span class='ocrx_word' id='word_1_6' title='bbox 288 496 737 590; x_wconf 81' lang='lat' dir='ltr'><em>capitularem</em></span> <span class='ocrx_word' id='word_1_7' title='bbox 756 495 918 587; x_wconf 78' lang='lat' dir='ltr'><em>eliqi</em></span> <span class='ocrx_word' id='word_1_8' title='bbox 934 517 1131 586; x_wconf 84' lang='lat' dir='ltr'><em>posse</em></span> <span class='ocrx_word' id='word_1_9' title='bbox 1174 495 1381 593; x_wconf 83' lang='lat' dir='ltr'><em>etiam</em></span> <span class='ocrx_word' id='word_1_10' title='bbox 1429 494 1727 583; x_wconf 82' lang='lat' dir='ltr'><em>aliquem</em></span> <span class='ocrx_word' id='word_1_11' title='bbox 1773 506 1966 562; x_wconf 78' lang='lat' dir='ltr'><em>extra</em></span> <span class='ocrx_word' id='word_1_12' title='bbox 2014 494 2396 586; x_wconf 88' lang='lat' dir='ltr'><em>capitulum</em></span> <span class='ocrx_word' id='word_1_13' title='bbox 2404 518 2436 582; x_wconf 89' lang='lat'><em>,·</em></span> <span class='ocrx_word' id='word_1_14' title='bbox 2453 498 2515 567; x_wconf 81' lang='lat' dir='ltr'><em>si</em></span> 
     </span>
     <span class='ocr_line' id='line_1_3' title="bbox 226 599 2507 694; baseline 0.002 -25"><span class='ocrx_word' id='word_1_15' title='bbox 226 630 263 670; x_wconf 92' lang='lat'>«</span> <span class='ocrx_word' id='word_1_16' title='bbox 291 615 517 672; x_wconf 78' lang='lat' dir='ltr'><em>tamen</em></span> <span class='ocrx_word' id='word_1_17' title='bbox 546 604 698 694; x_wconf 83' lang='lat' dir='ltr'><em>quis</em></span> <span class='ocrx_word' id='word_1_18' title='bbox 720 601 799 671; x_wconf 88' lang='lat' dir='ltr'><em>de</em></span> <span class='ocrx_word' id='word_1_19' title='bbox 825 602 1077 694; x_wconf 73' lang='lat' dir='ltr'><em>qremio</em></span> <span class='ocrx_word' id='word_1_20' title='bbox 1106 599 1398 693; x_wconf 89' lang='lat' dir='ltr'><em>capituli</em></span> <span class='ocrx_word' id='word_1_21' title='bbox 1415 599 1791 691; x_wconf 77' lang='lat' dir='ltr'><em>reperiatur</em></span> <span class='ocrx_word' id='word_1_22' title='bbox 1812 601 2332 684; x_wconf 52' lang='lat' dir='ltr'><em>habili3„istum</em></span> <span class='ocrx_word' id='word_1_23' title='bbox 2376 628 2507 674; x_wconf 85' lang='lat' dir='ltr'><em>coe-</em></span> 
     </span>
     <span class='ocr_line' id='line_1_4' title="bbox 225 704 2515 802; baseline 0.002 -28"><span class='ocrx_word' id='word_1_24' title='bbox 225 736 262 775; x_wconf 93' lang='lat'>«</span> <span class='ocrx_word' id='word_1_25' title='bbox 292 710 451 780; x_wconf 81' lang='lat' dir='ltr'><em>teris</em></span> <span class='ocrx_word' id='word_1_26' title='bbox 467 706 758 800; x_wconf 79' lang='lat' dir='ltr'><em>paribus</em></span> <span class='ocrx_word' id='word_1_27' title='bbox 779 732 909 778; x_wconf 79' lang='lat' dir='ltr'><em>esse</em></span> <span class='ocrx_word' id='word_1_28' title='bbox 928 706 1472 802; x_wconf 81' lang='lat' dir='ltr'><em>proeferendum:</em></span> <span class='ocrx_word' id='word_1_29' title='bbox 1506 704 1648 779; x_wconf 86' lang='lat' dir='ltr'><em>ideo</em></span> <span class='ocrx_word' id='word_1_30' title='bbox 1673 707 1981 777; x_wconf 80' lang='lat' dir='ltr'><em>canonici</em></span> <span class='ocrx_word' id='word_1_31' title='bbox 1996 711 2273 780; x_wconf 85' lang='lat' dir='ltr'><em>ecclesioe</em></span> <span class='ocrx_word' id='word_1_32' title='bbox 2292 711 2515 781; x_wconf 80' lang='lat' dir='ltr'><em>catlze·</em></span> 
     </span>
     <span class='ocr_line' id='line_1_5' title="bbox 225 812 2515 904; baseline 0.002 -23"><span class='ocrx_word' id='word_1_33' title='bbox 225 841 259 880; x_wconf 71' lang='grc' dir='ltr'><em>ε(</em></span> <span class='ocrx_word' id='word_1_34' title='bbox 291 815 504 884; x_wconf 83' lang='lat' dir='ltr'><em>dralis</em></span> <span class='ocrx_word' id='word_1_35' title='bbox 551 816 1020 896; x_wconf 79' lang='lat' dir='ltr'><em>Neritonensis,</em></span> <span class='ocrx_word' id='word_1_36' title='bbox 1080 813 1174 882; x_wconf 85' lang='lat' dir='ltr'><em>ad</em></span> <span class='ocrx_word' id='word_1_37' title='bbox 1247 812 1603 883; x_wconf 82' lang='lat' dir='ltr'><em>evitandas</em></span> <span class='ocrx_word' id='word_1_38' title='bbox 1650 813 1721 882; x_wconf 83' lang='lat' dir='ltr'><em>in</em></span> <span class='ocrx_word' id='word_1_39' title='bbox 1769 814 2157 904; x_wconf 75' lang='lat' dir='ltr'><em>hujusmodi</em></span> <span class='ocrx_word' id='word_1_40' title='bbox 2202 818 2515 886; x_wconf 79' lang='lat' dir='ltr'><em>electione</em></span> 
     </span>
     <span class='ocr_line' id='line_1_6' title="bbox 227 916 2515 1013; baseline 0.002 -25"><span class='ocrx_word' id='word_1_41' title='bbox 227 949 261 990; x_wconf 98' lang='lat'>«</span> <span class='ocrx_word' id='word_1_42' title='bbox 293 922 799 1006; x_wconf 74' lang='lat' dir='ltr'><em>controversiaS,</em></span> <span class='ocrx_word' id='word_1_43' title='bbox 864 921 1253 1013; x_wconf 80' lang='lat' dir='ltr'><em>supplicant</em></span> <span class='ocrx_word' id='word_1_44' title='bbox 1290 918 1632 988; x_wconf 87' lang='lat' dir='ltr'><em>declarari</em></span> <span class='ocrx_word' id='word_1_45' title='bbox 1689 916 2019 1008; x_wconf 86' lang='lat' dir='ltr'><em>quomodo</em></span> <span class='ocrx_word' id='word_1_46' title='bbox 2067 920 2515 1011; x_wconf 75' lang='lat' dir='ltr'><em>intelliqenda</em></span> 
     </span>
     <span class='ocr_line' id='line_1_7' title="bbox 227 1024 2514 1118; baseline 0 -23"><span class='ocrx_word' id='word_1_47' title='bbox 227 1054 262 1095; x_wconf 88' lang='lat'>«</span> <span class='ocrx_word' id='word_1_48' title='bbox 289 1029 433 1097; x_wconf 83' lang='lat' dir='ltr'><em>sint</em></span> <span class='ocrx_word' id='word_1_49' title='bbox 458 1028 657 1096; x_wconf 84' lang='lat' dir='ltr'><em>verba</em></span> <span class='ocrx_word' id='word_1_50' title='bbox 681 1029 814 1096; x_wconf 89' lang='lat' dir='ltr'><em>illa</em></span> <span class='ocrx_word' id='word_1_51' title='bbox 841 1028 1085 1096; x_wconf 76' lang='lat' dir='ltr'><em>caeteris</em></span> <span class='ocrx_word' id='word_1_52' title='bbox 1109 1027 1405 1118; x_wconf 85' lang='lat' dir='ltr'><em>paribus3</em></span> <span class='ocrx_word' id='word_1_53' title='bbox 1450 1049 1541 1093; x_wconf 85' lang='lat' dir='ltr'><em>an</em></span> <span class='ocrx_word' id='word_1_54' title='bbox 1572 1025 1673 1092; x_wconf 91' lang='lat' dir='ltr'><em>ita</em></span> <span class='ocrx_word' id='word_1_55' title='bbox 1694 1036 1795 1108; x_wconf 86' lang='lat' dir='ltr'><em>ut,</em></span> <span class='ocrx_word' id='word_1_56' title='bbox 1818 1024 1964 1092; x_wconf 82' lang='lat' dir='ltr'><em>siin</em></span> <span class='ocrx_word' id='word_1_57' title='bbox 1999 1024 2298 1116; x_wconf 88' lang='lat' dir='ltr'><em>capitulo</em></span> <span class='ocrx_word' id='word_1_58' title='bbox 2322 1027 2514 1095; x_wconf 80' lang='lat' dir='ltr'><em>ades-</em></span> 
     </span>
     <span class='ocr_line' id='line_1_8' title="bbox 228 1130 2519 1225; baseline 0 -25"><span class='ocrx_word' id='word_1_59' title='bbox 228 1163 261 1201; x_wconf 89' lang='lat'>«</span> <span class='ocrx_word' id='word_1_60' title='bbox 288 1147 390 1204; x_wconf 83' lang='lat' dir='ltr'><em>set</em></span> <span class='ocrx_word' id='word_1_61' title='bbox 415 1135 680 1202; x_wconf 77' lang='lat' dir='ltr'><em>habilis</em></span> <span class='ocrx_word' id='word_1_62' title='bbox 697 1135 868 1225; x_wconf 75' lang='lat' dir='ltr'><em>eliqi</em></span> <span class='ocrx_word' id='word_1_63' title='bbox 881 1145 1128 1224; x_wconf 81' lang='lat' dir='ltr'><em>posset,</em></span> <span class='ocrx_word' id='word_1_64' title='bbox 1160 1132 1435 1201; x_wconf 84' lang='lat' dir='ltr'><em>etiamsi</em></span> <span class='ocrx_word' id='word_1_65' title='bbox 1459 1132 1644 1198; x_wconf 85' lang='lat' dir='ltr'><em>alius</em></span> <span class='ocrx_word' id='word_1_66' title='bbox 1693 1142 1891 1198; x_wconf 77' lang='lat' dir='ltr'><em>eaetra</em></span> <span class='ocrx_word' id='word_1_67' title='bbox 1939 1130 2327 1222; x_wconf 88' lang='lat' dir='ltr'><em>capitulum</em></span> <span class='ocrx_word' id='word_1_68' title='bbox 2359 1146 2519 1202; x_wconf 80' lang='lat' dir='ltr'><em>esset</em></span> 
     </span>
     <span class='ocr_line' id='line_1_9' title="bbox 225 1237 2520 1332; baseline 0.001 -28"><span class='ocrx_word' id='word_1_69' title='bbox 225 1268 259 1308; x_wconf 88' lang='lat'>«</span> <span class='ocrx_word' id='word_1_70' title='bbox 290 1241 516 1332; x_wconf 76' lang='lat' dir='ltr'><em>maqis</em></span> <span class='ocrx_word' id='word_1_71' title='bbox 553 1240 819 1307; x_wconf 77' lang='lat' dir='ltr'><em>habilis.</em></span> <span class='ocrx_word' id='word_1_72' title='bbox 855 1277 940 1290; x_wconf 92' lang='lat'><em>-—</em></span> <span class='ocrx_word' id='word_1_73' title='bbox 967 1241 1181 1307; x_wconf 88' lang='lat' dir='ltr'><em>Sacra</em></span> <span class='ocrx_word' id='word_1_74' title='bbox 1213 1237 1657 1328; x_wconf 75' lang='lat' dir='ltr'><em>Conqreqatio</em></span> <span class='ocrx_word' id='word_1_75' title='bbox 1688 1237 2063 1328; x_wconf 80' lang='lat' dir='ltr'><em>respoudit,</em></span> <span class='ocrx_word' id='word_1_76' title='bbox 2103 1239 2203 1305; x_wconf 85' lang='lat' dir='ltr'><em>ita</em></span> <span class='ocrx_word' id='word_1_77' title='bbox 2250 1262 2381 1306; x_wconf 81' lang='lat' dir='ltr'><em>esse</em></span> <span class='ocrx_word' id='word_1_78' title='bbox 2403 1238 2520 1306; x_wconf 80' lang='lat' dir='ltr'><em>in-</em></span> 
     </span>
     <span class='ocr_line' id='line_1_10' title="bbox 228 1343 2517 1438; baseline -0 -24"><span class='ocrx_word' id='word_1_79' title='bbox 228 1375 262 1416; x_wconf 88' lang='lat'>«</span> <span class='ocrx_word' id='word_1_80' title='bbox 293 1349 389 1416; x_wconf 93' lang='lat' dir='ltr'><em>tel</em></span> <span class='ocrx_word' id='word_1_81' title='bbox 393 1345 687 1437; x_wconf 76' lang='lat' dir='ltr'><em>liqenda,</em></span> <span class='ocrx_word' id='word_1_82' title='bbox 710 1358 786 1413; x_wconf 89' lang='lat' dir='ltr'><em>ut</em></span> <span class='ocrx_word' id='word_1_83' title='bbox 806 1346 1111 1436; x_wconf 81' lang='lat' dir='ltr'><em>sufficiat</em></span> <span class='ocrx_word' id='word_1_84' title='bbox 1131 1345 1578 1438; x_wconf 77' lang='lat' dir='ltr'><em>capitularem</em></span> <span class='ocrx_word' id='word_1_85' title='bbox 1607 1343 1847 1417; x_wconf 75' lang='lat' dir='ltr'><em>habere</em></span> <span class='ocrx_word' id='word_1_86' title='bbox 1876 1344 2240 1435; x_wconf 81' lang='lat' dir='ltr'><em>qualitates</em></span> <span class='ocrx_word' id='word_1_87' title='bbox 2260 1369 2302 1412; x_wconf 89' lang='lat' dir='ltr'><em>a</em></span> <span class='ocrx_word' id='word_1_88' title='bbox 2327 1368 2517 1413; x_wconf 82' lang='lat' dir='ltr'><em>sacro</em></span> 
     </span>
     <span class='ocr_line' id='line_1_11' title="bbox 226 1450 2519 1543; baseline 0 -24"><span class='ocrx_word' id='word_1_89' title='bbox 226 1482 261 1522; x_wconf 90' lang='lat'>«</span> <span class='ocrx_word' id='word_1_90' title='bbox 292 1454 573 1522; x_wconf 83' lang='lat' dir='ltr'><em>concilio</em></span> <span class='ocrx_word' id='word_1_91' title='bbox 610 1453 960 1543; x_wconf 82' lang='lat' dir='ltr'><em>requisitas</em></span> <span class='ocrx_word' id='word_1_92' title='bbox 983 1451 1162 1542; x_wconf 83' lang='lat' dir='ltr'><em>quod</em></span> <span class='ocrx_word' id='word_1_93' title='bbox 1184 1453 1270 1520; x_wconf 84' lang='lat' dir='ltr'><em>sit</em></span> <span class='ocrx_word' id='word_1_94' title='bbox 1293 1450 1522 1519; x_wconf 87' lang='lat' dir='ltr'><em>doctor</em></span> <span class='ocrx_word' id='word_1_95' title='bbox 1555 1451 1663 1518; x_wconf 85' lang='lat' dir='ltr'><em>vel</em></span> <span class='ocrx_word' id='word_1_96' title='bbox 1687 1451 2072 1518; x_wconf 80' lang='lat' dir='ltr'><em>licentiatus</em></span> <span class='ocrx_word' id='word_1_97' title='bbox 2122 1451 2195 1518; x_wconf 81' lang='lat' dir='ltr'><em>in</em></span> <span class='ocrx_word' id='word_1_98' title='bbox 2223 1452 2385 1541; x_wconf 87' lang='lat' dir='ltr'><em>jure</em></span> <span class='ocrx_word' id='word_1_99' title='bbox 2412 1475 2519 1520; x_wconf 90' lang='lat' dir='ltr'><em>ca-</em></span> 
     </span>
     <span class='ocr_line' id='line_1_12' title="bbox 229 1556 2518 1647; baseline -0 -22"><span class='ocrx_word' id='word_1_100' title='bbox 229 1587 263 1628; x_wconf 98' lang='lat'>«</span> <span class='ocrx_word' id='word_1_101' title='bbox 294 1559 555 1644; x_wconf 81' lang='lat' dir='ltr'><em>nonico,</em></span> <span class='ocrx_word' id='word_1_102' title='bbox 589 1559 697 1626; x_wconf 83' lang='lat' dir='ltr'><em>vel</em></span> <span class='ocrx_word' id='word_1_103' title='bbox 731 1558 913 1626; x_wconf 84' lang='lat' dir='ltr'><em>alias</em></span> <span class='ocrx_word' id='word_1_104' title='bbox 956 1557 1254 1626; x_wconf 80' lang='lat' dir='ltr'><em>idoneus,</em></span> <span class='ocrx_word' id='word_1_105' title='bbox 1291 1557 1444 1626; x_wconf 85' lang='lat' dir='ltr'><em>Haec</em></span> <span class='ocrx_word' id='word_1_106' title='bbox 1475 1556 1802 1647; x_wconf 89' lang='lat' dir='ltr'><em>ipsissima</em></span> <span class='ocrx_word' id='word_1_107' title='bbox 1843 1558 2040 1625; x_wconf 89' lang='lat' dir='ltr'><em>verba</em></span> <span class='ocrx_word' id='word_1_108' title='bbox 2083 1562 2295 1625; x_wconf 79' lang='lat' dir='ltr'><em>extant</em></span> <span class='ocrx_word' id='word_1_109' title='bbox 2326 1559 2397 1625; x_wconf 92' lang='lat' dir='ltr'><em>in</em></span> <span class='ocrx_word' id='word_1_110' title='bbox 2441 1559 2518 1625; x_wconf 91' lang='lat' dir='ltr'><em>li-</em></span> 
     </span>
     <span class='ocr_line' id='line_1_13' title="bbox 227 1664 1169 1734; baseline -0.001 -4"><span class='ocrx_word' id='word_1_111' title='bbox 227 1690 264 1731; x_wconf 91' lang='lat'>«</span> <span class='ocrx_word' id='word_1_112' title='bbox 293 1667 415 1734; x_wconf 87' lang='lat' dir='ltr'><em>bro</em></span> <span class='ocrx_word' id='word_1_113' title='bbox 443 1664 624 1734; x_wconf 88' lang='lat' dir='ltr'>XVII</span> <span class='ocrx_word' id='word_1_114' title='bbox 649 1665 1098 1732; x_wconf 89' lang='lat' dir='ltr'><em>Decretorum.</em></span> <span class='ocrx_word' id='word_1_115' title='bbox 1134 1687 1169 1728; x_wconf 68' lang='lat'><em>5&gt;</em></span> 
     </span>
    </p>

    <p class='ocr_par' dir='ltr' id='par_1_3' title="bbox 221 1770 2518 1966">
     <span class='ocr_line' id='line_1_14' title="bbox 312 1770 2518 1862; baseline -0 -23"><span class='ocrx_word' id='word_1_116' title='bbox 312 1771 431 1839; x_wconf 92' lang='lat' dir='ltr'><em>His</em></span> <span class='ocrx_word' id='word_1_117' title='bbox 468 1771 843 1862; x_wconf 70' lang='lat' dir='ltr'><em>praemissis,</em></span> <span class='ocrx_word' id='word_1_118' title='bbox 868 1770 948 1837; x_wconf 88' lang='lat' dir='ltr'><em>ad</em></span> <span class='ocrx_word' id='word_1_119' title='bbox 970 1771 1362 1839; x_wconf 87' lang='lat' dir='ltr'><em>solutionem</em></span> <span class='ocrx_word' id='word_1_120' title='bbox 1385 1770 1721 1839; x_wconf 89' lang='lat' dir='ltr'><em>variorum</em></span> <span class='ocrx_word' id='word_1_121' title='bbox 1745 1790 2020 1837; x_wconf 86' lang='lat' dir='ltr'><em>casuum</em></span> <span class='ocrx_word' id='word_1_122' title='bbox 2042 1770 2158 1859; x_wconf 90' lang='lat' dir='ltr'><em>qui</em></span> <span class='ocrx_word' id='word_1_123' title='bbox 2177 1791 2518 1839; x_wconf 90' lang='lat' dir='ltr'><em>occurrere</em></span> 
     </span>
     <span class='ocr_line' id='line_1_15' title="bbox 221 1876 955 1966; baseline 0.001 -23"><span class='ocrx_word' id='word_1_124' title='bbox 221 1881 495 1966; x_wconf 86' lang='lat' dir='ltr'><em>possunt</em></span> <span class='ocrx_word' id='word_1_125' title='bbox 518 1876 955 1944; x_wconf 63' lang='lat' dir='ltr'><em>deveniamus</em></span> 
     </span>
    </p>

    <p class='ocr_par' dir='ltr' id='par_1_4' title="bbox 224 1978 2525 2707">
     <span class='ocr_line' id='line_1_16' title="bbox 315 1978 2515 2067; baseline 0 -21"><span class='ocrx_word' id='word_1_126' title='bbox 315 1978 365 2047; x_wconf 91' lang='lat' dir='ltr'><em>l.</em></span> <span class='ocrx_word' id='word_1_127' title='bbox 400 1979 641 2047; x_wconf 88' lang='lat' dir='ltr'><em>Electio</em></span> <span class='ocrx_word' id='word_1_128' title='bbox 670 2002 803 2047; x_wconf 90' lang='lat' dir='ltr'><em>non</em></span> <span class='ocrx_word' id='word_1_129' title='bbox 828 1986 922 2047; x_wconf 92' lang='lat' dir='ltr'><em>est</em></span> <span class='ocrx_word' id='word_1_130' title='bbox 965 1979 1149 2046; x_wconf 88' lang='lat' dir='ltr'><em>nulla</em></span> <span class='ocrx_word' id='word_1_131' title='bbox 1175 2001 1252 2046; x_wconf 90' lang='lat' dir='ltr'><em>ex</em></span> <span class='ocrx_word' id='word_1_132' title='bbox 1294 2000 1369 2046; x_wconf 87' lang='lat' dir='ltr'><em>eo</em></span> <span class='ocrx_word' id='word_1_133' title='bbox 1396 1979 1540 2046; x_wconf 83' lang='lat' dir='ltr'><em>solo</em></span> <span class='ocrx_word' id='word_1_134' title='bbox 1570 1978 1760 2046; x_wconf 89' lang='lat' dir='ltr'><em>titulo</em></span> <span class='ocrx_word' id='word_1_135' title='bbox 1789 1978 1965 2067; x_wconf 91' lang='lat' dir='ltr'><em>quod</em></span> <span class='ocrx_word' id='word_1_136' title='bbox 2008 1978 2247 2045; x_wconf 85' lang='lat' dir='ltr'><em>electus</em></span> <span class='ocrx_word' id='word_1_137' title='bbox 2291 1980 2375 2045; x_wconf 89' lang='lat' dir='ltr'><em>sit</em></span> <span class='ocrx_word' id='word_1_138' title='bbox 2402 2002 2515 2046; x_wconf 85' lang='lat' dir='ltr'><em>ex-</em></span> 
     </span>
     <span class='ocr_line' id='line_1_17' title="bbox 224 2082 2525 2175; baseline -0 -23"><span class='ocrx_word' id='word_1_139' title='bbox 224 2091 490 2152; x_wconf 87' lang='lat' dir='ltr'><em>traneus</em></span> <span class='ocrx_word' id='word_1_140' title='bbox 519 2085 824 2175; x_wconf 79' lang='lat' dir='ltr'><em>capitulo,</em></span> <span class='ocrx_word' id='word_1_141' title='bbox 870 2084 1038 2152; x_wconf 90' lang='lat' dir='ltr'><em>Nam</em></span> <span class='ocrx_word' id='word_1_142' title='bbox 1070 2084 1399 2152; x_wconf 87' lang='lat' dir='ltr'><em>decretum</em></span> <span class='ocrx_word' id='word_1_143' title='bbox 1432 2083 1900 2151; x_wconf 82' lang='lat' dir='ltr'><em>Tridentinum</em></span> <span class='ocrx_word' id='word_1_144' title='bbox 1943 2082 2220 2151; x_wconf 89' lang='lat' dir='ltr'><em>minime</em></span> <span class='ocrx_word' id='word_1_145' title='bbox 2249 2082 2525 2172; x_wconf 83' lang='lat' dir='ltr'><em>requirit</em></span> 
     </span>
     <span class='ocr_line' id='line_1_18' title="bbox 226 2187 2520 2279; baseline 0 -23"><span class='ocrx_word' id='word_1_146' title='bbox 226 2194 307 2256; x_wconf 88' lang='lat' dir='ltr'><em>ut</em></span> <span class='ocrx_word' id='word_1_147' title='bbox 336 2194 701 2256; x_wconf 83' lang='lat' dir='ltr'><em>assumatur</em></span> <span class='ocrx_word' id='word_1_148' title='bbox 727 2190 805 2256; x_wconf 93' lang='lat' dir='ltr'><em>de</em></span> <span class='ocrx_word' id='word_1_149' title='bbox 845 2190 1095 2277; x_wconf 89' lang='lat' dir='ltr'><em>gremio</em></span> <span class='ocrx_word' id='word_1_150' title='bbox 1127 2188 1429 2279; x_wconf 81' lang='lat' dir='ltr'><em>capituli3</em></span> <span class='ocrx_word' id='word_1_151' title='bbox 1461 2189 1570 2256; x_wconf 86' lang='lat' dir='ltr'><em>sed</em></span> <span class='ocrx_word' id='word_1_152' title='bbox 1601 2190 1679 2257; x_wconf 89' lang='lat' dir='ltr'><em>de</em></span> <span class='ocrx_word' id='word_1_153' title='bbox 1713 2212 1785 2257; x_wconf 89' lang='lat' dir='ltr'><em>ea</em></span> <span class='ocrx_word' id='word_1_154' title='bbox 1815 2211 1885 2256; x_wconf 90' lang='lat' dir='ltr'><em>re</em></span> <span class='ocrx_word' id='word_1_155' title='bbox 1911 2189 2180 2257; x_wconf 86' lang='lat' dir='ltr'><em>omnino</em></span> <span class='ocrx_word' id='word_1_156' title='bbox 2211 2190 2374 2257; x_wconf 90' lang='lat' dir='ltr'><em>silet.</em></span> <span class='ocrx_word' id='word_1_157' title='bbox 2403 2187 2520 2257; x_wconf 90' lang='lat' dir='ltr'><em>Sa·-</em></span> 
     </span>
     <span class='ocr_line' id='line_1_19' title="bbox 229 2294 2522 2386; baseline -0.001 -25"><span class='ocrx_word' id='word_1_158' title='bbox 229 2315 346 2361; x_wconf 90' lang='lat' dir='ltr'><em>cra</em></span> <span class='ocrx_word' id='word_1_159' title='bbox 388 2300 607 2361; x_wconf 87' lang='lat' dir='ltr'><em>autem</em></span> <span class='ocrx_word' id='word_1_160' title='bbox 638 2295 1066 2385; x_wconf 90' lang='lat' dir='ltr'><em>Congregatio</em></span> <span class='ocrx_word' id='word_1_161' title='bbox 1097 2296 1357 2363; x_wconf 87' lang='lat' dir='ltr'><em>concilii</em></span> <span class='ocrx_word' id='word_1_162' title='bbox 1399 2318 1693 2386; x_wconf 81' lang='lat' dir='ltr'><em>expresse</em></span> <span class='ocrx_word' id='word_1_163' title='bbox 1722 2295 2069 2363; x_wconf 80' lang='lat' dir='ltr'><em>declaravit</em></span> <span class='ocrx_word' id='word_1_164' title='bbox 2098 2294 2170 2360; x_wconf 84' lang='lat' dir='ltr'><em>in</em></span> <span class='ocrx_word' id='word_1_165' title='bbox 2193 2294 2522 2360; x_wconf 88' lang='lat' dir='ltr'><em>vicarium</em></span> 
     </span>
     <span class='ocr_line' id='line_1_20' title="bbox 226 2396 2524 2494; baseline -0.001 -26"><span class='ocrx_word' id='word_1_166' title='bbox 226 2399 671 2491; x_wconf 83' lang='lat' dir='ltr'><em>capitularem</em></span> <span class='ocrx_word' id='word_1_167' title='bbox 714 2401 873 2493; x_wconf 76' lang='lat' dir='ltr'><em>eliqi</em></span> <span class='ocrx_word' id='word_1_168' title='bbox 902 2396 1098 2494; x_wconf 81' lang='lat' dir='ltr'><em>posse</em></span> <span class='ocrx_word' id='word_1_169' title='bbox 1122 2402 1325 2468; x_wconf 85' lang='lat' dir='ltr'><em>etiam</em></span> <span class='ocrx_word' id='word_1_170' title='bbox 1368 2402 1658 2494; x_wconf 77' lang='lat' dir='ltr'><em>aliquem</em></span> <span class='ocrx_word' id='word_1_171' title='bbox 1687 2412 1880 2469; x_wconf 74' lang='lat' dir='ltr'><em>extra</em></span> <span class='ocrx_word' id='word_1_172' title='bbox 1905 2399 2308 2491; x_wconf 85' lang='lat' dir='ltr'><em>capitulum.</em></span> <span class='ocrx_word' id='word_1_173' title='bbox 2351 2398 2524 2488; x_wconf 89' lang='lat' dir='ltr'><em>Ergo</em></span> 
     </span>
     <span class='ocr_line' id='line_1_21' title="bbox 226 2508 2521 2601; baseline -0.001 -26"><span class='ocrx_word' id='word_1_174' title='bbox 226 2508 379 2576; x_wconf 87' lang='lat' dir='ltr'><em>licet</em></span> <span class='ocrx_word' id='word_1_175' title='bbox 408 2510 588 2576; x_wconf 89' lang='lat' dir='ltr'><em>irrita</em></span> <span class='ocrx_word' id='word_1_176' title='bbox 613 2533 744 2578; x_wconf 89' lang='lat' dir='ltr'><em>esse</em></span> <span class='ocrx_word' id='word_1_177' title='bbox 784 2512 979 2601; x_wconf 88' lang='lat' dir='ltr'><em>possit</em></span> <span class='ocrx_word' id='word_1_178' title='bbox 1004 2509 1229 2577; x_wconf 82' lang='lat' dir='ltr'><em>electio</em></span> <span class='ocrx_word' id='word_1_179' title='bbox 1257 2510 1542 2577; x_wconf 83' lang='lat' dir='ltr'><em>extranei</em></span> <span class='ocrx_word' id='word_1_180' title='bbox 1561 2510 1647 2577; x_wconf 89' lang='lat' dir='ltr'><em>ob</em></span> <span class='ocrx_word' id='word_1_181' title='bbox 1676 2509 1832 2576; x_wconf 89' lang='lat' dir='ltr'><em>alias</em></span> <span class='ocrx_word' id='word_1_182' title='bbox 1865 2529 2113 2594; x_wconf 82' lang='lat' dir='ltr'><em>causaS,</em></span> <span class='ocrx_word' id='word_1_183' title='bbox 2148 2527 2280 2573; x_wconf 94' lang='lat' dir='ltr'><em>non</em></span> <span class='ocrx_word' id='word_1_184' title='bbox 2306 2511 2521 2575; x_wconf 89' lang='lat' dir='ltr'><em>tamen</em></span> 
     </span>
     <span class='ocr_line' id='line_1_22' title="bbox 227 2614 2068 2707; baseline 0.001 -26"><span class='ocrx_word' id='word_1_185' title='bbox 227 2614 411 2682; x_wconf 87' lang='lat' dir='ltr'><em>irrita</em></span> <span class='ocrx_word' id='word_1_186' title='bbox 430 2638 564 2683; x_wconf 86' lang='lat' dir='ltr'><em>csse</em></span> <span class='ocrx_word' id='word_1_187' title='bbox 593 2622 796 2707; x_wconf 90' lang='lat' dir='ltr'><em>potest</em></span> <span class='ocrx_word' id='word_1_188' title='bbox 821 2639 895 2683; x_wconf 88' lang='lat' dir='ltr'><em>ex</em></span> <span class='ocrx_word' id='word_1_189' title='bbox 924 2638 998 2683; x_wconf 90' lang='lat' dir='ltr'><em>eo</em></span> <span class='ocrx_word' id='word_1_190' title='bbox 1015 2617 1152 2684; x_wconf 83' lang='lat' dir='ltr'><em>solo</em></span> <span class='ocrx_word' id='word_1_191' title='bbox 1177 2616 1367 2683; x_wconf 89' lang='lat' dir='ltr'><em>titulo</em></span> <span class='ocrx_word' id='word_1_192' title='bbox 1389 2616 1567 2706; x_wconf 90' lang='lat' dir='ltr'><em>quod</em></span> <span class='ocrx_word' id='word_1_193' title='bbox 1597 2614 1677 2683; x_wconf 86' lang='lat' dir='ltr'><em>sit</em></span> <span class='ocrx_word' id='word_1_194' title='bbox 1701 2620 2068 2682; x_wconf 74' lang='lat' dir='ltr'><em>extraneus·</em></span> 
     </span>
    </p>

    <p class='ocr_par' dir='ltr' id='par_1_5' title="bbox 226 2718 2525 3446">
     <span class='ocr_line' id='line_1_23' title="bbox 317 2718 2523 2809; baseline -0.001 -22"><span class='ocrx_word' id='word_1_195' title='bbox 317 2719 397 2787; x_wconf 90' lang='lat'><em>11.</em></span> <span class='ocrx_word' id='word_1_196' title='bbox 424 2721 558 2789; x_wconf 88' lang='lat' dir='ltr'><em>Nec</em></span> <span class='ocrx_word' id='word_1_197' title='bbox 581 2727 674 2788; x_wconf 90' lang='lat' dir='ltr'><em>est</em></span> <span class='ocrx_word' id='word_1_198' title='bbox 702 2722 880 2789; x_wconf 90' lang='lat' dir='ltr'><em>irrita</em></span> <span class='ocrx_word' id='word_1_199' title='bbox 897 2722 1124 2790; x_wconf 89' lang='lat' dir='ltr'><em>electio</em></span> <span class='ocrx_word' id='word_1_200' title='bbox 1168 2743 1245 2790; x_wconf 88' lang='lat' dir='ltr'><em>ex</em></span> <span class='ocrx_word' id='word_1_201' title='bbox 1267 2744 1343 2790; x_wconf 90' lang='lat' dir='ltr'><em>eo</em></span> <span class='ocrx_word' id='word_1_202' title='bbox 1370 2722 1512 2790; x_wconf 84' lang='lat' dir='ltr'><em>solo</em></span> <span class='ocrx_word' id='word_1_203' title='bbox 1540 2721 1724 2788; x_wconf 90' lang='lat' dir='ltr'><em>titulo</em></span> <span class='ocrx_word' id='word_1_204' title='bbox 1768 2720 1941 2809; x_wconf 91' lang='lat' dir='ltr'><em>quod</em></span> <span class='ocrx_word' id='word_1_205' title='bbox 1996 2718 2271 2806; x_wconf 81' lang='lat' dir='ltr'><em>eligatur</em></span> <span class='ocrx_word' id='word_1_206' title='bbox 2320 2722 2523 2785; x_wconf 88' lang='lat' dir='ltr'><em>extra-</em></span> 
     </span>
     <span class='ocr_line' id='line_1_24' title="bbox 226 2823 2525 2918; baseline -0.001 -25"><span class='ocrx_word' id='word_1_207' title='bbox 226 2848 394 2894; x_wconf 88' lang='lat' dir='ltr'><em>neus</em></span> <span class='ocrx_word' id='word_1_208' title='bbox 421 2828 705 2895; x_wconf 89' lang='lat' dir='ltr'><em>dioecesi.</em></span> <span class='ocrx_word' id='word_1_209' title='bbox 742 2828 814 2894; x_wconf 92' lang='lat' dir='ltr'><em>ld</em></span> <span class='ocrx_word' id='word_1_210' title='bbox 864 2828 1131 2916; x_wconf 90' lang='lat' dir='ltr'><em>quidem</em></span> <span class='ocrx_word' id='word_1_211' title='bbox 1162 2850 1292 2896; x_wconf 90' lang='lat' dir='ltr'><em>non</em></span> <span class='ocrx_word' id='word_1_212' title='bbox 1335 2830 1425 2896; x_wconf 90' lang='lat' dir='ltr'><em>ita</em></span> <span class='ocrx_word' id='word_1_213' title='bbox 1474 2849 1765 2918; x_wconf 87' lang='lat' dir='ltr'><em>expresse</em></span> <span class='ocrx_word' id='word_1_214' title='bbox 1795 2832 1856 2894; x_wconf 89' lang='lat' dir='ltr'><em>et</em></span> <span class='ocrx_word' id='word_1_215' title='bbox 1885 2825 2166 2915; x_wconf 89' lang='lat' dir='ltr'><em>propriis</em></span> <span class='ocrx_word' id='word_1_216' title='bbox 2222 2823 2525 2891; x_wconf 82' lang='lat' dir='ltr'><em>terminis</em></span> 
     </span>
     <span class='ocr_line' id='line_1_25' title="bbox 226 2928 2522 3011; baseline -0.001 -12"><span class='ocrx_word' id='word_1_217' title='bbox 226 2931 600 2999; x_wconf 82' lang='lat' dir='ltr'><em>invenimus</em></span> <span class='ocrx_word' id='word_1_218' title='bbox 630 2932 1058 3011; x_wconf 82' lang='lat' dir='ltr'><em>declaratum3</em></span> <span class='ocrx_word' id='word_1_219' title='bbox 1087 2933 1198 3000; x_wconf 89' lang='lat' dir='ltr'><em>sed</em></span> <span class='ocrx_word' id='word_1_220' title='bbox 1227 2932 1414 3001; x_wconf 82' lang='lat' dir='ltr'><em>facile</em></span> <span class='ocrx_word' id='word_1_221' title='bbox 1443 2954 1516 2999; x_wconf 91' lang='lat' dir='ltr'><em>ex</em></span> <span class='ocrx_word' id='word_1_222' title='bbox 1551 2932 1696 2998; x_wconf 90' lang='lat' dir='ltr'><em>aliis</em></span> <span class='ocrx_word' id='word_1_223' title='bbox 1726 2932 1915 2999; x_wconf 88' lang='lat' dir='ltr'><em>certis</em></span> <span class='ocrx_word' id='word_1_224' title='bbox 1943 2929 2311 2997; x_wconf 77' lang='lat' dir='ltr'><em>deducitur.</em></span> <span class='ocrx_word' id='word_1_225' title='bbox 2359 2928 2522 2996; x_wconf 89' lang='lat' dir='ltr'><em>Nam</em></span> 
     </span>
     <span class='ocr_line' id='line_1_26' title="bbox 227 3025 2523 3127; baseline -0.003 -20"><span class='ocrx_word' id='word_1_226' title='bbox 227 3040 565 3107; x_wconf 89' lang='lat' dir='ltr'><em>decretum</em></span> <span class='ocrx_word' id='word_1_227' title='bbox 602 3038 1062 3104; x_wconf 89' lang='lat' dir='ltr'><em>Tridentinum</em></span> <span class='ocrx_word' id='word_1_228' title='bbox 1118 3061 1254 3106; x_wconf 92' lang='lat' dir='ltr'><em>non</em></span> <span class='ocrx_word' id='word_1_229' title='bbox 1302 3038 1643 3127; x_wconf 84' lang='lat' dir='ltr'><em>requisivit</em></span> <span class='ocrx_word' id='word_1_230' title='bbox 1695 3038 1850 3126; x_wconf 84' lang='lat' dir='ltr'><em>eligi</em></span> <span class='ocrx_word' id='word_1_231' title='bbox 1902 3037 2188 3125; x_wconf 89' lang='lat' dir='ltr'><em>aliquem</em></span> <span class='ocrx_word' id='word_1_232' title='bbox 2227 3035 2307 3103; x_wconf 94' lang='lat' dir='ltr'><em>de</em></span> <span class='ocrx_word' id='word_1_233' title='bbox 2353 3025 2523 3102; x_wconf 88' lang='lat' dir='ltr'><em>clero</em></span> 
     </span>
     <span class='ocr_line' id='line_1_27' title="bbox 229 3140 2521 3233; baseline -0.002 -22"><span class='ocrx_word' id='word_1_234' title='bbox 229 3144 563 3227; x_wconf 84' lang='lat' dir='ltr'><em>dioecesis3</em></span> <span class='ocrx_word' id='word_1_235' title='bbox 592 3145 723 3210; x_wconf 89' lang='lat' dir='ltr'><em>imo</em></span> <span class='ocrx_word' id='word_1_236' title='bbox 745 3143 1058 3233; x_wconf 90' lang='lat' dir='ltr'><em>implicite</em></span> <span class='ocrx_word' id='word_1_237' title='bbox 1077 3143 1232 3233; x_wconf 84' lang='lat' dir='ltr'><em>eligi</em></span> <span class='ocrx_word' id='word_1_238' title='bbox 1261 3164 1446 3232; x_wconf 89' lang='lat' dir='ltr'><em>posse</em></span> <span class='ocrx_word' id='word_1_239' title='bbox 1495 3148 1871 3210; x_wconf 75' lang='lat' dir='ltr'><em>extraneum</em></span> <span class='ocrx_word' id='word_1_240' title='bbox 1910 3142 2170 3209; x_wconf 88' lang='lat' dir='ltr'><em>dioecesi</em></span> <span class='ocrx_word' id='word_1_241' title='bbox 2215 3140 2521 3219; x_wconf 88' lang='lat' dir='ltr'><em>declarat,</em></span> 
     </span>
     <span class='ocr_line' id='line_1_28' title="bbox 230 3246 2518 3339; baseline -0.001 -25"><span class='ocrx_word' id='word_1_242' title='bbox 230 3270 383 3315; x_wconf 90' lang='lat' dir='ltr'><em>cum</em></span> <span class='ocrx_word' id='word_1_243' title='bbox 403 3248 1110 3339; x_wconf 85' lang='lat' dir='ltr'><em>permittitconfirmari</em></span> <span class='ocrx_word' id='word_1_244' title='bbox 1135 3248 1453 3316; x_wconf 87' lang='lat' dir='ltr'><em>vicarium</em></span> <span class='ocrx_word' id='word_1_245' title='bbox 1481 3249 1847 3337; x_wconf 86' lang='lat' dir='ltr'><em>generalem</em></span> <span class='ocrx_word' id='word_1_246' title='bbox 1872 3247 2165 3315; x_wconf 80' lang='lat' dir='ltr'><em>defuncti</em></span> <span class='ocrx_word' id='word_1_247' title='bbox 2180 3246 2518 3337; x_wconf 83' lang='lat' dir='ltr'><em>Episcopi3</em></span> 
     </span>
     <span class='ocr_line' id='line_1_29' title="bbox 231 3353 2524 3446; baseline -0 -26"><span class='ocrx_word' id='word_1_248' title='bbox 231 3355 514 3422; x_wconf 87' lang='lat' dir='ltr'><em>vicarius</em></span> <span class='ocrx_word' id='word_1_249' title='bbox 536 3354 712 3421; x_wconf 89' lang='lat' dir='ltr'><em>enim</em></span> <span class='ocrx_word' id='word_1_250' title='bbox 743 3354 1059 3442; x_wconf 90' lang='lat' dir='ltr'><em>generalis</em></span> <span class='ocrx_word' id='word_1_251' title='bbox 1087 3355 1393 3446; x_wconf 89' lang='lat' dir='ltr'><em>Episcopi</em></span> <span class='ocrx_word' id='word_1_252' title='bbox 1415 3377 1546 3422; x_wconf 93' lang='lat' dir='ltr'><em>non</em></span> <span class='ocrx_word' id='word_1_253' title='bbox 1573 3359 1827 3422; x_wconf 88' lang='lat' dir='ltr'><em>tantum</em></span> <span class='ocrx_word' id='word_1_254' title='bbox 1855 3359 2080 3446; x_wconf 87' lang='lat' dir='ltr'><em>potest,</em></span> <span class='ocrx_word' id='word_1_255' title='bbox 2121 3354 2230 3422; x_wconf 92' lang='lat' dir='ltr'><em>sed</em></span> <span class='ocrx_word' id='word_1_256' title='bbox 2258 3353 2524 3441; x_wconf 88' lang='lat' dir='ltr'><em>regula-</em></span> 
     </span>
    </p>
   </div>
   <div class='ocr_carea' id='block_1_3' title="bbox 227 3460 2525 3632">
    <p class='ocr_par' dir='ltr' id='par_1_6' title="bbox 227 3460 2525 3632">
     <span class='ocr_line' id='line_1_30' title="bbox 227 3460 2525 3542; baseline -0.001 -15"><span class='ocrx_word' id='word_1_257' title='bbox 227 3460 385 3527; x_wconf 87' lang='lat' dir='ltr'><em>riter</em></span> <span class='ocrx_word' id='word_1_258' title='bbox 404 3460 593 3526; x_wconf 88' lang='lat' dir='ltr'><em>debet</em></span> <span class='ocrx_word' id='word_1_259' title='bbox 618 3482 752 3528; x_wconf 89' lang='lat' dir='ltr'><em>esse</em></span> <span class='ocrx_word' id='word_1_260' title='bbox 786 3466 1122 3529; x_wconf 90' lang='lat' dir='ltr'><em>extraneus</em></span> <span class='ocrx_word' id='word_1_261' title='bbox 1166 3483 1277 3529; x_wconf 88' lang='lat' dir='ltr'><em>seu</em></span> <span class='ocrx_word' id='word_1_262' title='bbox 1304 3460 1554 3529; x_wconf 87' lang='lat' dir='ltr'><em>assumi</em></span> <span class='ocrx_word' id='word_1_263' title='bbox 1576 3483 1653 3528; x_wconf 89' lang='lat' dir='ltr'><em>ex</em></span> <span class='ocrx_word' id='word_1_264' title='bbox 1680 3461 1805 3528; x_wconf 89' lang='lat' dir='ltr'><em>alia</em></span> <span class='ocrx_word' id='word_1_265' title='bbox 1832 3461 2119 3542; x_wconf 89' lang='lat' dir='ltr'><em>dioecesi‚</em></span> <span class='ocrx_word' id='word_1_266' title='bbox 2177 3464 2250 3527; x_wconf 92' lang='lat' dir='ltr'><em>ut</em></span> <span class='ocrx_word' id='word_1_267' title='bbox 2295 3460 2525 3527; x_wconf 88' lang='lat' dir='ltr'><em>docent</em></span> 
     </span>
     <span class='ocr_line' id='line_1_31' title="bbox 230 3564 1043 3632; baseline 0 0"><span class='ocrx_word' id='word_1_268' title='bbox 230 3565 649 3632; x_wconf 87' lang='lat' dir='ltr'><em>communius</em></span> <span class='ocrx_word' id='word_1_269' title='bbox 674 3564 1043 3632; x_wconf 83' lang='lat' dir='ltr'><em>canonistae.</em></span> 
     </span>
    </p>
   </div>
   <div class='ocr_carea' id='block_1_4' title="bbox 223 3668 2526 4507">
    <p class='ocr_par' dir='ltr' id='par_1_7' title="bbox 223 3668 2526 4507">
     <span class='ocr_line' id='line_1_32' title="bbox 317 3668 2525 3760; baseline -0.001 -23"><span class='ocrx_word' id='word_1_270' title='bbox 317 3669 433 3737; x_wconf 90' lang='lat'>111.</span> <span class='ocrx_word' id='word_1_271' title='bbox 469 3668 538 3737; x_wconf 90' lang='lat' dir='ltr'><em>Si</em></span> <span class='ocrx_word' id='word_1_272' title='bbox 567 3669 734 3736; x_wconf 91' lang='lat' dir='ltr'><em>nulli</em></span> <span class='ocrx_word' id='word_1_273' title='bbox 764 3670 894 3735; x_wconf 89' lang='lat' dir='ltr'><em>sint</em></span> <span class='ocrx_word' id='word_1_274' title='bbox 939 3670 1227 3736; x_wconf 86' lang='lat' dir='ltr'><em>doctores</em></span> <span class='ocrx_word' id='word_1_275' title='bbox 1268 3668 1338 3735; x_wconf 88' lang='lat' dir='ltr'><em>in</em></span> <span class='ocrx_word' id='word_1_276' title='bbox 1370 3669 1681 3760; x_wconf 82' lang='lat' dir='ltr'><em>capituIO,</em></span> <span class='ocrx_word' id='word_1_277' title='bbox 1735 3676 1843 3737; x_wconf 90' lang='lat' dir='ltr'><em>aut</em></span> <span class='ocrx_word' id='word_1_278' title='bbox 1871 3670 2084 3738; x_wconf 87' lang='lat' dir='ltr'><em>adsint</em></span> <span class='ocrx_word' id='word_1_279' title='bbox 2111 3669 2378 3759; x_wconf 90' lang='lat' dir='ltr'><em>quidem</em></span> <span class='ocrx_word' id='word_1_280' title='bbox 2414 3668 2525 3736; x_wconf 90' lang='lat' dir='ltr'><em>sed</em></span> 
     </span>
     <span class='ocr_line' id='line_1_33' title="bbox 233 3774 2525 3867; baseline 0 -26"><span class='ocrx_word' id='word_1_281' title='bbox 233 3796 360 3842; x_wconf 89' lang='lat' dir='ltr'><em>non</em></span> <span class='ocrx_word' id='word_1_282' title='bbox 385 3775 628 3857; x_wconf 85' lang='lat' dir='ltr'><em>idonei,</em></span> <span class='ocrx_word' id='word_1_283' title='bbox 662 3775 825 3843; x_wconf 90' lang='lat' dir='ltr'><em>adsit</em></span> <span class='ocrx_word' id='word_1_284' title='bbox 850 3781 1069 3843; x_wconf 87' lang='lat' dir='ltr'><em>autem</em></span> <span class='ocrx_word' id='word_1_285' title='bbox 1097 3777 1313 3843; x_wconf 90' lang='lat' dir='ltr'><em>doctor</em></span> <span class='ocrx_word' id='word_1_286' title='bbox 1333 3776 1607 3844; x_wconf 89' lang='lat' dir='ltr'><em>idoneus</em></span> <span class='ocrx_word' id='word_1_287' title='bbox 1637 3780 1807 3843; x_wconf 84' lang='lat' dir='ltr'><em>extra</em></span> <span class='ocrx_word' id='word_1_288' title='bbox 1824 3776 2210 3867; x_wconf 87' lang='lat' dir='ltr'><em>capitulum,</em></span> <span class='ocrx_word' id='word_1_289' title='bbox 2245 3798 2327 3842; x_wconf 91' lang='lat' dir='ltr'><em>an</em></span> <span class='ocrx_word' id='word_1_290' title='bbox 2350 3774 2525 3865; x_wconf 89' lang='lat' dir='ltr'><em>capi-</em></span> 
     </span>
     <span class='ocr_line' id='line_1_34' title="bbox 232 3881 2523 3974; baseline 0.001 -29"><span class='ocrx_word' id='word_1_291' title='bbox 232 3881 470 3950; x_wconf 87' lang='lat' dir='ltr'><em>tulares</em></span> <span class='ocrx_word' id='word_1_292' title='bbox 488 3887 829 3949; x_wconf 88' lang='lat' dir='ltr'><em>teneantur</em></span> <span class='ocrx_word' id='word_1_293' title='bbox 846 3888 1140 3950; x_wconf 85' lang='lat' dir='ltr'><em>exterum</em></span> <span class='ocrx_word' id='word_1_294' title='bbox 1161 3882 1398 3971; x_wconf 90' lang='lat' dir='ltr'><em>eligere</em></span> <span class='ocrx_word' id='word_1_295' title='bbox 1418 3886 1450 3950; x_wconf 72' lang='lat' dir='ltr'><em>‘t</em></span> <span class='ocrx_word' id='word_1_296' title='bbox 1469 3919 1560 3934; x_wconf 89' lang='lat'><em>—-</em></span> <span class='ocrx_word' id='word_1_297' title='bbox 1575 3881 1879 3951; x_wconf 86' lang='lat' dir='ltr'><em>Vidimus</em></span> <span class='ocrx_word' id='word_1_298' title='bbox 1896 3883 1962 3949; x_wconf 91' lang='lat' dir='ltr'><em>in</em></span> <span class='ocrx_word' id='word_1_299' title='bbox 1981 3881 2296 3974; x_wconf 88' lang='lat' dir='ltr'><em>superiori</em></span> <span class='ocrx_word' id='word_1_300' title='bbox 2317 3881 2523 3971; x_wconf 89' lang='lat' dir='ltr'><em>capite</em></span> 
     </span>
     <span class='ocr_line' id='line_1_35' title="bbox 223 3983 2526 4080; baseline 0.001 -29"><span class='ocrx_word' id='word_1_301' title='bbox 223 3983 628 4055; x_wconf 87' lang='lat' dir='ltr'><em>Cardinalem</em></span> <span class='ocrx_word' id='word_1_302' title='bbox 658 3987 736 4054; x_wconf 91' lang='lat' dir='ltr'><em>de</em></span> <span class='ocrx_word' id='word_1_303' title='bbox 755 3987 930 4056; x_wconf 87' lang='lat' dir='ltr'><em>Luca</em></span> <span class='ocrx_word' id='word_1_304' title='bbox 951 3988 1242 4078; x_wconf 89' lang='lat' dir='ltr'><em>negative</em></span> <span class='ocrx_word' id='word_1_305' title='bbox 1288 3991 1700 4080; x_wconf 88' lang='lat' dir='ltr'><em>respondere.</em></span> <span class='ocrx_word' id='word_1_306' title='bbox 1768 3987 2118 4080; x_wconf 87' lang='lat' dir='ltr'><em>Postquam</em></span> <span class='ocrx_word' id='word_1_307' title='bbox 2154 3989 2333 4058; x_wconf 88' lang='lat' dir='ltr'><em>enim</em></span> <span class='ocrx_word' id='word_1_308' title='bbox 2365 3988 2526 4057; x_wconf 87' lang='lat' dir='ltr'><em>dixit</em></span> 
     </span>
     <span class='ocr_line' id='line_1_36' title="bbox 235 4094 2522 4187; baseline 0.003 -31"><span class='ocrx_word' id='word_1_309' title='bbox 235 4094 586 4162; x_wconf 87' lang='lat' dir='ltr'><em>necessario</em></span> <span class='ocrx_word' id='word_1_310' title='bbox 609 4094 983 4183; x_wconf 90' lang='lat' dir='ltr'><em>eligendum</em></span> <span class='ocrx_word' id='word_1_311' title='bbox 1006 4108 1141 4165; x_wconf 81' lang='lat' dir='ltr'><em>esse</em></span> <span class='ocrx_word' id='word_1_312' title='bbox 1161 4098 1488 4165; x_wconf 86' lang='lat' dir='ltr'><em>doctorem</em></span> <span class='ocrx_word' id='word_1_313' title='bbox 1539 4100 1799 4187; x_wconf 89' lang='lat' dir='ltr'><em>quando</em></span> <span class='ocrx_word' id='word_1_314' title='bbox 1827 4099 2066 4166; x_wconf 90' lang='lat' dir='ltr'><em>adsunt</em></span> <span class='ocrx_word' id='word_1_315' title='bbox 2108 4099 2178 4165; x_wconf 92' lang='lat' dir='ltr'><em>in</em></span> <span class='ocrx_word' id='word_1_316' title='bbox 2236 4096 2522 4187; x_wconf 88' lang='lat' dir='ltr'><em>capitulo</em></span> 
     </span>
     <span class='ocr_line' id='line_1_37' title="bbox 236 4195 2520 4294; baseline 0 -32"><span class='ocrx_word' id='word_1_317' title='bbox 236 4195 519 4268; x_wconf 89' lang='lat' dir='ltr'><em>doctores</em></span> <span class='ocrx_word' id='word_1_318' title='bbox 558 4200 799 4284; x_wconf 88' lang='lat' dir='ltr'><em>idonei,</em></span> <span class='ocrx_word' id='word_1_319' title='bbox 832 4203 1009 4271; x_wconf 88' lang='lat' dir='ltr'><em>addit</em></span> <span class='ocrx_word' id='word_1_320' title='bbox 1045 4227 1061 4271; x_wconf 71' lang='grc' dir='ltr'>ε</span> <span class='ocrx_word' id='word_1_321' title='bbox 1107 4228 1141 4267; x_wconf 89' lang='grc'>«</span> <span class='ocrx_word' id='word_1_322' title='bbox 1183 4201 1382 4271; x_wconf 87' lang='lat' dir='ltr'><em>Secus</em></span> <span class='ocrx_word' id='word_1_323' title='bbox 1411 4208 1631 4270; x_wconf 88' lang='lat' dir='ltr'><em>autem</em></span> <span class='ocrx_word' id='word_1_324' title='bbox 1676 4205 1730 4272; x_wconf 89' lang='lat' dir='ltr'><em>si</em></span> <span class='ocrx_word' id='word_1_325' title='bbox 1777 4204 1849 4270; x_wconf 89' lang='lat' dir='ltr'><em>in</em></span> <span class='ocrx_word' id='word_1_326' title='bbox 1896 4203 2179 4294; x_wconf 87' lang='lat' dir='ltr'><em>capitulo</em></span> <span class='ocrx_word' id='word_1_327' title='bbox 2222 4199 2520 4292; x_wconf 82' lang='lat' dir='ltr'><em>graduati</em></span> 
     </span>
     <span class='ocr_line' id='line_1_38' title="bbox 245 4301 2521 4398; baseline -0.002 -26"><span class='ocrx_word' id='word_1_328' title='bbox 245 4327 276 4365; x_wconf 73' lang='lat' dir='ltr'><em>c&lt;</em></span> <span class='ocrx_word' id='word_1_329' title='bbox 305 4326 437 4373; x_wconf 92' lang='lat' dir='ltr'><em>non</em></span> <span class='ocrx_word' id='word_1_330' title='bbox 484 4306 729 4392; x_wconf 87' lang='lat' dir='ltr'><em>adsint,</em></span> <span class='ocrx_word' id='word_1_331' title='bbox 767 4310 1065 4396; x_wconf 88' lang='lat' dir='ltr'><em>quamvis</em></span> <span class='ocrx_word' id='word_1_332' title='bbox 1110 4311 1182 4376; x_wconf 90' lang='lat' dir='ltr'><em>in</em></span> <span class='ocrx_word' id='word_1_333' title='bbox 1225 4310 1478 4377; x_wconf 89' lang='lat' dir='ltr'><em>civitate</em></span> <span class='ocrx_word' id='word_1_334' title='bbox 1516 4309 1618 4377; x_wconf 91' lang='lat' dir='ltr'><em>vel</em></span> <span class='ocrx_word' id='word_1_335' title='bbox 1671 4310 1930 4378; x_wconf 89' lang='lat' dir='ltr'><em>dioecesi</em></span> <span class='ocrx_word' id='word_1_336' title='bbox 1971 4310 2267 4398; x_wconf 90' lang='lat' dir='ltr'><em>graduati</em></span> <span class='ocrx_word' id='word_1_337' title='bbox 2301 4301 2521 4373; x_wconf 91' lang='lat' dir='ltr'><em>idonei</em></span> 
     </span>
     <span class='ocr_line' id='line_1_39' title="bbox 248 4407 2521 4507; baseline -0.002 -30"><span class='ocrx_word' id='word_1_338' title='bbox 248 4429 280 4470; x_wconf 85' lang='lat'><em>&lt;‹</em></span> <span class='ocrx_word' id='word_1_339' title='bbox 314 4414 607 4499; x_wconf 81' lang='lat' dir='ltr'><em>existant3</em></span> <span class='ocrx_word' id='word_1_340' title='bbox 637 4414 944 4502; x_wconf 90' lang='lat' dir='ltr'><em>quoniam</em></span> <span class='ocrx_word' id='word_1_341' title='bbox 975 4421 1179 4507; x_wconf 87' lang='lat' dir='ltr'><em>potest</em></span> <span class='ocrx_word' id='word_1_342' title='bbox 1204 4416 1467 4504; x_wconf 89' lang='lat' dir='ltr'><em>quidem</em></span> <span class='ocrx_word' id='word_1_343' title='bbox 1499 4416 1854 4506; x_wconf 84' lang='lat' dir='ltr'><em>capitulum</em></span> <span class='ocrx_word' id='word_1_344' title='bbox 1881 4417 2167 4506; x_wconf 87' lang='lat' dir='ltr'><em>aliquem</em></span> <span class='ocrx_word' id='word_1_345' title='bbox 2186 4435 2260 4481; x_wconf 88' lang='lat' dir='ltr'><em>ex</em></span> <span class='ocrx_word' id='word_1_346' title='bbox 2290 4410 2383 4477; x_wconf 89' lang='lat' dir='ltr'><em>eis</em></span> <span class='ocrx_word' id='word_1_347' title='bbox 2408 4407 2521 4473; x_wconf 92' lang='lat' dir='ltr'><em>de·</em></span> 
     </span>
    </p>
   </div>
  </div>
 </body>
</html>
