2930 4982
358 314 483 372 280
1322 316 1662 365 ‘numurus

356 443 577 512 multo
608 442 928 534 amplius,
958 462 1108 510 cum
1143 438 1408 508 Iustina
1473 437 1923 506 Valentiniani
1966 436 2137 528 reqis
2173 437 2382 529 pueri
2427 450 2646 508 mater

357 551 687 619 lzominem
699 563 891 619 tuum
911 548 1333 617 Ambrosium
1349 556 1878 638 persequeretur,
1902 545 2169 614 hoeresis
2191 568 2329 614 suoe
2353 568 2643 616 causa...

357 656 757 725 Excubabat
767 654 897 748 pia
902 654 1101 747 plebs
1122 654 1193 721 in
1209 652 1502 732 ecclesia,
1526 652 1701 720 mori
1700 663 1959 744 parata
1983 675 2132 720 cum
2154 653 2487 744 Episcopo
2505 657 2647 736 suo,

359 786 545 832 servo
567 775 704 832 tuo.
719 814 735 832 .
750 815 765 831 .
795 766 980 830 Tunc
1003 760 1243 852 hymni
1258 772 1322 830 et
1326 759 1593 853 psalmi
1608 771 1686 827 ut
1707 769 2099 826 canerentur
2131 756 2498 827 secundum
2514 784 2651 830 mo·

363 892 503 939 rem
531 868 964 938 orientalium
975 869 1313 961 partium,
1342 891 1423 936 ne
1434 866 1734 959 populus
1757 866 2056 934 moeroris
2079 863 2274 933 toedio
2305 868 2652 939 contabes-

369 988 566 1063 ceret,
594 975 978 1044 institutum
1005 986 1144 1059 est,·
1172 985 1237 1042 et
1259 997 1340 1044 eae
1361 974 1483 1043 illo
1508 973 1580 1041 in
1605 970 2000 1041 hodiernum
2025 982 2386 1062 retentum,
2411 976 2650 1047 multis

346 1081 504 1172 jam
529 1104 607 1149 ac
613 1105 788 1174 pene
816 1082 1121 1152 omnibus
1138 1082 1450 1175 qreqibus
1490 1082 1647 1168 tuis,
1680 1103 1757 1150 ac
1775 1103 1903 1174 per
1929 1092 2199 1151 coeteras
2227 1081 2401 1151 orbis
2409 1099 2647 1174 partes

360 1186 871 1258 imitantibus...
910 1192 1254 1273 Quantum
1265 1189 1434 1281 flevi
1475 1188 1547 1258 in
1577 1189 1845 1281 hymnis
1880 1200 1943 1259 et
1987 1188 2264 1257 canticis
2308 1187 2444 1257 tuis
2501 1212 2647 1257 sua·

362 1294 741 1362 vesonantis
768 1295 1047 1364 ecclesiae
1068 1308 1200 1365 tuoe
1220 1296 1485 1365 vocibus
1511 1308 1879 1365 commotus
1908 1295 2194 1364 acriter!

449 1398 635 1468 Hanc
658 1400 1111 1471 brevissimam
1144 1403 1223 1473 de
1250 1403 1473 1472 divino
1500 1404 1714 1472 officio
1742 1404 2075 1471 notionem
2098 1402 2207 1470 hic
2251 1402 2503 1470 cursim
2528 1409 2649 1471 tra-

361 1504 604 1592 dimuS,
633 1528 786 1575 cum
832 1509 912 1577 ad
936 1532 1207 1602 scopum
1229 1510 1427 1602 hujus
1454 1515 1759 1579 tractatus
1797 1508 1909 1579 illa
1959 1510 2226 1578 materia
2268 1531 2401 1577 non
2440 1509 2649 1600 perti-

362 1618 533 1681 neat.
562 1611 687 1682 Sed
714 1616 857 1684 vide
898 1618 1081 1686 illam
1109 1619 1249 1687 fuse
1295 1624 1357 1687 et
1402 1618 1774 1687 doctissime
1804 1617 2154 1709 expositam
2181 1639 2219 1686 a
2240 1616 2318 1685 R.
2355 1616 2423 1684 P.
2460 1615 2642 1685 Gue-

363 1739 625 1808 ranger,
652 1720 880 1790 abbate
900 1721 1311 1809 Solesmensi‚
1335 1724 1407 1792 in
1437 1744 1556 1793 suo
1579 1723 1915 1793 notissimo
1934 1744 2125 1814 opere
2152 1722 2260 1792 cui
2282 1722 2506 1790 titulus
2530 1723 2641 1789 In-

364 1822 704 1894 stitutions
730 1826 1146 1919 liturqiques.

459 1934 539 2003 ll.
606 1934 1013 2014 Quibusnam
1045 1942 1265 2005 autem
1297 1935 1659 2020 breviariis,
1725 1934 2092 2004 missalibus
2147 1933 2422 2023 aliisque
2468 1931 2640 2001 libris

365 2041 690 2131 liturgicis
726 2041 1044 2110 utendum
1087 2044 1195 2131 sit,
1229 2048 1324 2112 est
1350 2046 1624 2132 quaestio
1665 2042 2074 2133 gravissima,
2125 2062 2323 2131 quam
2376 2038 2640 2130 expendi

366 2147 629 2239 speciali
650 2152 922 2215 tractatu
950 2170 1093 2217 meo
1118 2146 1365 2239 dejure
1386 2148 1728 2239 liturqico,
1756 2147 1950 2237 'cujus
1981 2144 2262 2215 secunda
2281 2146 2428 2235 jam
2458 2143 2641 2214 editio

364 2253 625 2343 prodiit,
660 2259 721 2322 et
748 2254 828 2323 ad
853 2277 1052 2346 quem
1072 2256 1378 2324 lectorem
1401 2256 1687 2324 remitto·

1458 2545 1559 2624 §2

431 2717 709 2760 OBLIGATIO
744 2718 922 2764 QUOAD
959 2719 1352 2761 INTEGRITATEM
1393 2720 1590 2760 OFFICII
1628 2722 1738 2762 TUM
1767 2722 1866 2762 SUB
1903 2723 2096 2775 cuum,
2128 2721 2241 2761 TUM
2280 2720 2378 2760 SUB
2413 2717 2568 2757 POENA

1301 2820 1699 2860 RESTITUTIONIS

449 2995 579 3076 Qui
598 2996 838 3064 habent
860 2996 1278 3078 beneficium,
1304 3020 1437 3068 non
1455 3004 1714 3067 tantum
1736 3003 2028 3091 peceant,
2064 2997 2119 3065 si
2146 2994 2444 3064 officium
2469 2992 2627 3060 divi-

365 3124 528 3170 num
552 3123 686 3170 non
713 3103 1081 3194 persolvant
1106 3105 1379 3194 integre,
1412 3107 1524 3174 sed
1553 3108 1820 3198 insuper
1842 3111 2144 3174 tenentur
2168 3104 2249 3172 ad
2279 3100 2632 3170 restitutio-

364 3231 516 3277 nem
542 3232 660 3300 pro
678 3216 813 3280 rata
832 3210 1223 3299 omissioniS‚
1249 3212 1330 3280 ad
1373 3235 1674 3283 normam
1707 3213 2120 3304 sequentium
2177 3211 2579 3279 decretorum
2608 3228 2624 3273 τ

448 3314 818 3383 Concilium
851 3316 1281 3387 Lateranense
1304 3320 1426 3388 sub
1450 3319 1664 3389 Leone
1682 3319 1746 3388 X
1779 3344 1794 3387 ε
1824 3318 2199 3388 Statuimus
2242 3337 2517 3406 quoque,
2558 3321 2630 3378 ut

359 3418 639 3509 quilibet
666 3420 912 3489 liabens
938 3421 1345 3514 beneficium,
1371 3425 1599 3519 sipost
1618 3449 1730 3494 sex
1766 3449 2016 3494 menses
2046 3426 2130 3492 ab
2156 3422 2426 3491 obtento
2457 3421 2633 3488 bene-

356 3528 538 3618 ficio,
562 3528 862 3619 officium
888 3528 1197 3599 divinum
1219 3554 1355 3600 non
1369 3530 1638 3619 diderit,
1674 3533 1976 3624 leqitimo
2003 3528 2485 3622 impedimento
2517 3549 2631 3594 ces·

356 3647 568 3716 sante,
619 3637 876 3722 fructus
898 3659 1031 3705 non
1044 3637 1261 3727 faciat
1287 3661 1436 3706 suos
1467 3662 1593 3730 pro
1631 3651 1788 3708 rata
1820 3637 2196 3708 omissionis
2233 3630 2634 3704 recitationis

359 3743 575 3832 officii
588 3756 652 3811 et
688 3744 1027 3835 temporis.

446 3849 516 3917 S.
546 3849 701 3919 Pius
723 3848 822 3920 V
805 3874 873 3919 1n
906 3871 1022 3918 sua
1067 3853 1531 3923 constitutione
1550 3855 1996 3947 Exprooeimo
2027 3853 2183 3920 anni
2233 3850 2458 3920 1571:
2491 3850 2636 3916 Sta-

358 3954 608 4020 tuimus
630 3968 707 4023 ut
725 3958 843 4046 qui
866 3959 1065 4025 horas
1094 3981 1318 4027 omnes
1342 3962 1690 4030 canonicas
1712 3980 1846 4029 uno
1885 3959 1992 4029 vel
2029 3956 2351 4051 pluribus
2415 3952 2636 4022 diebus

355 4057 805 4147 intermiserit,
864 4086 1087 4132 omnes
1114 4063 1414 4157 beneficii
1428 4070 1717 4157 fructus,
1747 4068 1863 4159 qui
1905 4065 2025 4135 illi
2058 4065 2165 4133 vel
2217 4061 2363 4131 illis
2417 4057 2640 4128 diebus

354 4161 818 4253 responderent
835 4189 866 4252 ,·
888 4173 1004 4259 qui
1020 4194 1169 4239 vero
1194 4175 1631 4257 matutinum,
1653 4186 1919 4243 tantum
1943 4169 2339 4250 dimidiam;
2368 4167 2488 4257 qui
2512 4186 2639 4232 coe·-

357 4282 530 4340 teras
545 4269 719 4339 alias
731 4272 957 4356 horas,
970 4277 1187 4344 aliam
1206 4278 1588 4364 dimidiam;
1602 4283 1721 4372 qui
1734 4273 1970 4350 horam
1987 4275 2358 4369 sinqulam‚
2381 4283 2639 4341 sextam

346 4390 616 4465 partem
627 4381 972 4470 fructuum
995 4380 1189 4450 illius
1213 4384 1348 4453 diei
1379 4389 1680 4457 amittat.
1730 4388 1826 4456 De
1854 4408 1928 4456 eo
1965 4386 2081 4477 qui
2111 4383 2359 4452 adesset
2413 4380 2631 4456 chore,
