<?xml version="1.0" encoding="UTF-8"?>
<!DOCTYPE html PUBLIC "-//W3C//DTD XHTML 1.0 Transitional//EN"
    "http://www.w3.org/TR/xhtml1/DTD/xhtml1-transitional.dtd">
<html xmlns="http://www.w3.org/1999/xhtml" xml:lang="en" lang="en">
 <head>
  <title>
</title>
<meta http-equiv="Content-Type" content="text/html;charset=utf-8" />
  <meta name='ocr-system' content='tesseract 3.04.00' />
  <meta name='ocr-capabilities' content='ocr_page ocr_carea ocr_par ocr_line ocrx_word'/>
</head>
<body>
  <div class='ocr_page' id='page_1' title='image "./tractatusdecapi00bouigoog_0160.png"; bbox 0 0 2930 4982; ppageno 0'>
   <div class='ocr_carea' id='block_1_1' title="bbox 416 394 1726 450">
    <p class='ocr_par' dir='ltr' id='par_1_1' title="bbox 416 394 1726 450">
     <span class='ocr_line' id='line_1_1' title="bbox 416 394 1726 450; baseline -0.003 -2"><span class='ocrx_word' id='word_1_1' title='bbox 416 397 435 448; x_wconf 76' lang='grc'>1</span> <span class='ocrx_word' id='word_1_2' title='bbox 455 394 535 450; x_wconf 68' lang='grc'><strong>40</strong></span> <span class='ocrx_word' id='word_1_3' title='bbox 1387 398 1726 445; x_wconf 70' lang='lat' dir='ltr'>TRAGTATUS</span> 
     </span>
    </p>
   </div>
   <div class='ocr_carea' id='block_1_2' title="bbox 410 515 2703 1259">
    <p class='ocr_par' dir='ltr' id='par_1_2' title="bbox 410 515 2703 1259">
     <span class='ocr_line' id='line_1_2' title="bbox 417 515 2701 608; baseline -0.001 -23"><span class='ocrx_word' id='word_1_4' title='bbox 417 526 810 602; x_wconf 73' lang='lat' dir='ltr'><strong>«anteactae,</strong></span> <span class='ocrx_word' id='word_1_5' title='bbox 851 538 1202 608; x_wconf 84' lang='lat' dir='ltr'><strong>rerumque</strong></span> <span class='ocrx_word' id='word_1_6' title='bbox 1245 516 1550 608; x_wconf 82' lang='lat' dir='ltr'><strong>praeclare</strong></span> <span class='ocrx_word' id='word_1_7' title='bbox 1592 520 1918 605; x_wconf 83' lang='lat' dir='ltr'><strong>gestarum</strong></span> <span class='ocrx_word' id='word_1_8' title='bbox 1962 515 2413 606; x_wconf 86' lang='lat' dir='ltr'><strong>percipiendos</strong></span> <span class='ocrx_word' id='word_1_9' title='bbox 2448 535 2585 583; x_wconf 90' lang='lat' dir='ltr'><strong>esse</strong></span> <span class='ocrx_word' id='word_1_10' title='bbox 2621 517 2701 584; x_wconf 90' lang='lat' dir='ltr'><strong>ab</strong></span> 
     </span>
     <span class='ocr_line' id='line_1_3' title="bbox 419 620 2701 713; baseline -0.002 -21"><span class='ocrx_word' id='word_1_11' title='bbox 419 629 635 713; x_wconf 89' lang='lat' dir='ltr'><strong>«illis,</strong></span> <span class='ocrx_word' id='word_1_12' title='bbox 670 628 815 695; x_wconf 90' lang='lat' dir='ltr'><strong>licet</strong></span> <span class='ocrx_word' id='word_1_13' title='bbox 856 623 1255 706; x_wconf 83' lang='lat' dir='ltr'><strong>absentibus,</strong></span> <span class='ocrx_word' id='word_1_14' title='bbox 1307 620 1580 705; x_wconf 79' lang='lat' dir='ltr'><strong>fructus,</strong></span> <span class='ocrx_word' id='word_1_15' title='bbox 1622 620 2133 704; x_wconf 79' lang='lat' dir='ltr'><strong>distributioneS,</strong></span> <span class='ocrx_word' id='word_1_16' title='bbox 2181 626 2243 687; x_wconf 91' lang='lat' dir='ltr'><strong>et</strong></span> <span class='ocrx_word' id='word_1_17' title='bbox 2270 625 2701 709; x_wconf 82' lang='lat' dir='ltr'><strong>augmentum</strong></span> 
     </span>
     <span class='ocr_line' id='line_1_4' title="bbox 415 725 2703 819; baseline -0.001 -20"><span class='ocrx_word' id='word_1_18' title='bbox 415 759 449 799; x_wconf 87' lang='lat'>«</span> <span class='ocrx_word' id='word_1_19' title='bbox 479 733 1016 802; x_wconf 77' lang='lat' dir='ltr'><strong>distributionum</strong></span> <span class='ocrx_word' id='word_1_20' title='bbox 1065 729 1242 819; x_wconf 89' lang='lat' dir='ltr'><strong>quod</strong></span> <span class='ocrx_word' id='word_1_21' title='bbox 1283 727 1579 796; x_wconf 85' lang='lat' dir='ltr'><strong>dimanat</strong></span> <span class='ocrx_word' id='word_1_22' title='bbox 1618 749 1693 795; x_wconf 86' lang='lat' dir='ltr'><strong>ex</strong></span> <span class='ocrx_word' id='word_1_23' title='bbox 1742 727 2023 796; x_wconf 89' lang='lat' dir='ltr'><strong>aliorum</strong></span> <span class='ocrx_word' id='word_1_24' title='bbox 2070 726 2357 794; x_wconf 85' lang='lat' dir='ltr'><strong>absentia</strong></span> <span class='ocrx_word' id='word_1_25' title='bbox 2405 725 2520 814; x_wconf 89' lang='lat' dir='ltr'><strong>qui</strong></span> <span class='ocrx_word' id='word_1_26' title='bbox 2564 727 2703 796; x_wconf 89' lang='lat' dir='ltr'><strong>sine</strong></span> 
     </span>
     <span class='ocr_line' id='line_1_5' title="bbox 416 832 2703 929; baseline -0.001 -26"><span class='ocrx_word' id='word_1_27' title='bbox 416 841 770 929; x_wconf 87' lang='lat' dir='ltr'><strong>«legitima</strong></span> <span class='ocrx_word' id='word_1_28' title='bbox 818 858 1013 906; x_wconf 90' lang='lat' dir='ltr'><strong>causa</strong></span> <span class='ocrx_word' id='word_1_29' title='bbox 1062 836 1342 903; x_wconf 87' lang='lat' dir='ltr'><strong>chorum</strong></span> <span class='ocrx_word' id='word_1_30' title='bbox 1399 835 1739 903; x_wconf 88' lang='lat' dir='ltr'><strong>dimittunt</strong></span> <span class='ocrx_word' id='word_1_31' title='bbox 1752 859 1770 920; x_wconf 92' lang='lat'>;</span> <span class='ocrx_word' id='word_1_32' title='bbox 1824 834 2033 920; x_wconf 88' lang='lat' dir='ltr'><strong>tertio,</strong></span> <span class='ocrx_word' id='word_1_33' title='bbox 2082 834 2137 900; x_wconf 91' lang='lat' dir='ltr'><strong>si</strong></span> <span class='ocrx_word' id='word_1_34' title='bbox 2178 832 2442 900; x_wconf 84' lang='lat' dir='ltr'><strong>divinus</strong></span> <span class='ocrx_word' id='word_1_35' title='bbox 2486 834 2703 901; x_wconf 90' lang='lat' dir='ltr'><strong>cultus</strong></span> 
     </span>
     <span class='ocr_line' id='line_1_6' title="bbox 418 940 2703 1035; baseline -0 -26"><span class='ocrx_word' id='word_1_36' title='bbox 418 971 453 1010; x_wconf 87' lang='lat'>«</span> <span class='ocrx_word' id='word_1_37' title='bbox 478 944 728 1035; x_wconf 89' lang='lat' dir='ltr'><strong>aliquid</strong></span> <span class='ocrx_word' id='word_1_38' title='bbox 768 942 1139 1011; x_wconf 87' lang='lat' dir='ltr'><strong>detrimenti</strong></span> <span class='ocrx_word' id='word_1_39' title='bbox 1177 943 1411 1032; x_wconf 87' lang='lat' dir='ltr'><strong>capiat,</strong></span> <span class='ocrx_word' id='word_1_40' title='bbox 1458 941 1803 1010; x_wconf 90' lang='lat' dir='ltr'><strong>canonicos</strong></span> <span class='ocrx_word' id='word_1_41' title='bbox 1851 941 2181 1008; x_wconf 88' lang='lat' dir='ltr'><strong>immunes</strong></span> <span class='ocrx_word' id='word_1_42' title='bbox 2205 940 2492 1007; x_wconf 87' lang='lat' dir='ltr'><strong>revocari</strong></span> <span class='ocrx_word' id='word_1_43' title='bbox 2522 961 2703 1029; x_wconf 90' lang='lat' dir='ltr'><strong>posse</strong></span> 
     </span>
     <span class='ocr_line' id='line_1_7' title="bbox 416 1045 2695 1140; baseline 0.001 -26"><span class='ocrx_word' id='word_1_44' title='bbox 416 1077 448 1115; x_wconf 88' lang='lat'>«</span> <span class='ocrx_word' id='word_1_45' title='bbox 477 1050 559 1119; x_wconf 90' lang='lat' dir='ltr'><strong>ab</strong></span> <span class='ocrx_word' id='word_1_46' title='bbox 580 1049 899 1140; x_wconf 86' lang='lat' dir='ltr'><strong>Episcopo</strong></span> <span class='ocrx_word' id='word_1_47' title='bbox 918 1048 1328 1117; x_wconf 90' lang='lat' dir='ltr'><strong>utresideant</strong></span> <span class='ocrx_word' id='word_1_48' title='bbox 1350 1054 1412 1116; x_wconf 89' lang='lat' dir='ltr'><strong>et</strong></span> <span class='ocrx_word' id='word_1_49' title='bbox 1436 1048 1634 1116; x_wconf 90' lang='lat' dir='ltr'><strong>choro</strong></span> <span class='ocrx_word' id='word_1_50' title='bbox 1655 1047 1977 1115; x_wconf 87' lang='lat' dir='ltr'><strong>intersint.</strong></span> <span class='ocrx_word' id='word_1_51' title='bbox 2011 1071 2045 1111; x_wconf 66' lang='lat'><strong>&gt;³</strong></span> <span class='ocrx_word' id='word_1_52' title='bbox 2082 1045 2492 1137; x_wconf 86' lang='lat' dir='ltr'><strong>(Benedictus</strong></span> <span class='ocrx_word' id='word_1_53' title='bbox 2519 1045 2695 1131; x_wconf 89' lang='lat' dir='ltr'>XIV,</span> 
     </span>
     <span class='ocr_line' id='line_1_8' title="bbox 410 1152 2178 1259; baseline -0.002 -36"><span class='ocrx_word' id='word_1_54' title='bbox 410 1158 871 1226; x_wconf 81' lang='lat' dir='ltr'><strong>Institutiones</strong></span> <span class='ocrx_word' id='word_1_55' title='bbox 893 1156 1364 1240; x_wconf 69' lang='lat' dir='ltr'><strong>ecclesiasticae,</strong></span> <span class='ocrx_word' id='word_1_56' title='bbox 1395 1156 1549 1224; x_wconf 89' lang='lat' dir='ltr'><strong>inst.</strong></span> <span class='ocrx_word' id='word_1_57' title='bbox 1585 1154 1737 1259; x_wconf 68' lang='lat'><strong>107,</strong></span> <span class='ocrx_word' id='word_1_58' title='bbox 1766 1153 1809 1244; x_wconf 65' lang='grc' dir='ltr'>ἓ</span> <span class='ocrx_word' id='word_1_59' title='bbox 1837 1153 1904 1237; x_wconf 84' lang='grc'><strong>9,</strong></span> <span class='ocrx_word' id='word_1_60' title='bbox 1938 1176 2007 1222; x_wconf 90' lang='lat' dir='ltr'><strong>n.</strong></span> <span class='ocrx_word' id='word_1_61' title='bbox 2037 1152 2178 1242; x_wconf 72' lang='lat'><strong>64.)</strong></span> 
     </span>
    </p>
   </div>
   <div class='ocr_carea' id='block_1_3' title="bbox 1268 1411 1846 1501">
    <p class='ocr_par' dir='ltr' id='par_1_3' title="bbox 1268 1411 1846 1501">
     <span class='ocr_line' id='line_1_9' title="bbox 1268 1411 1846 1501; baseline -0.003 -27"><span class='ocrx_word' id='word_1_62' title='bbox 1268 1414 1560 1501; x_wconf 75' lang='lat' dir='ltr'>CAPUT</span> <span class='ocrx_word' id='word_1_63' title='bbox 1623 1411 1846 1473; x_wconf 82' lang='lat' dir='ltr'><strong>xvnl</strong></span> 
     </span>
    </p>
   </div>
   <div class='ocr_carea' id='block_1_4' title="bbox 1318 1580 1807 1627">
    <p class='ocr_par' dir='ltr' id='par_1_4' title="bbox 1318 1580 1807 1627">
     <span class='ocr_line' id='line_1_10' title="bbox 1318 1580 1807 1627; baseline 0.002 -1"><span class='ocrx_word' id='word_1_64' title='bbox 1318 1581 1395 1626; x_wconf 87' lang='lat' dir='ltr'><strong>DE</strong></span> <span class='ocrx_word' id='word_1_65' title='bbox 1439 1580 1656 1627; x_wconf 76' lang='lat' dir='ltr'><strong>scnoLA</strong></span> <span class='ocrx_word' id='word_1_66' title='bbox 1665 1581 1807 1627; x_wconf 86' lang='lat' dir='ltr'>STRO</span> 
     </span>
    </p>
   </div>
   <div class='ocr_carea' id='block_1_5' title="bbox 406 1747 2768 3411">
    <p class='ocr_par' dir='ltr' id='par_1_5' title="bbox 406 1747 2768 3411">
     <span class='ocr_line' id='line_1_11' title="bbox 495 1747 2700 1839; baseline -0 -20"><span class='ocrx_word' id='word_1_67' title='bbox 495 1750 671 1819; x_wconf 89' lang='lat' dir='ltr'><strong>Olim</strong></span> <span class='ocrx_word' id='word_1_68' title='bbox 704 1772 948 1818; x_wconf 90' lang='lat' dir='ltr'><strong>munus</strong></span> <span class='ocrx_word' id='word_1_69' title='bbox 971 1748 1401 1819; x_wconf 84' lang='lat' dir='ltr'><strong>scholasteriae</strong></span> <span class='ocrx_word' id='word_1_70' title='bbox 1430 1754 1567 1817; x_wconf 89' lang='lat' dir='ltr'><strong>erat</strong></span> <span class='ocrx_word' id='word_1_71' title='bbox 1597 1747 1876 1839; x_wconf 83' lang='lat' dir='ltr'><strong>simplex</strong></span> <span class='ocrx_word' id='word_1_72' title='bbox 1903 1747 2226 1834; x_wconf 87' lang='lat' dir='ltr'><strong>officium,</strong></span> <span class='ocrx_word' id='word_1_73' title='bbox 2252 1747 2592 1816; x_wconf 88' lang='lat' dir='ltr'><strong>amovibile</strong></span> <span class='ocrx_word' id='word_1_74' title='bbox 2618 1751 2700 1818; x_wconf 89' lang='lat' dir='ltr'><strong>ad</strong></span> 
     </span>
     <span class='ocr_line' id='line_1_12' title="bbox 411 1855 2698 1947; baseline 0 -23"><span class='ocrx_word' id='word_1_75' title='bbox 411 1862 645 1924; x_wconf 88' lang='lat' dir='ltr'><strong>nutum</strong></span> <span class='ocrx_word' id='word_1_76' title='bbox 677 1857 1054 1947; x_wconf 91' lang='lat' dir='ltr'><strong>superioris,</strong></span> <span class='ocrx_word' id='word_1_77' title='bbox 1086 1862 1149 1924; x_wconf 90' lang='lat' dir='ltr'><strong>et</strong></span> <span class='ocrx_word' id='word_1_78' title='bbox 1178 1856 1341 1924; x_wconf 90' lang='lat' dir='ltr'><strong>illud</strong></span> <span class='ocrx_word' id='word_1_79' title='bbox 1370 1856 1671 1923; x_wconf 89' lang='lat' dir='ltr'><strong>obtinens</strong></span> <span class='ocrx_word' id='word_1_80' title='bbox 1694 1855 2036 1923; x_wconf 88' lang='lat' dir='ltr'><strong>tenebatur</strong></span> <span class='ocrx_word' id='word_1_81' title='bbox 2062 1855 2493 1929; x_wconf 86' lang='lat' dir='ltr'><strong>adolescentes</strong></span> <span class='ocrx_word' id='word_1_82' title='bbox 2518 1857 2698 1925; x_wconf 89' lang='lat' dir='ltr'><strong>cleri-</strong></span> 
     </span>
     <span class='ocr_line' id='line_1_13' title="bbox 412 1948 2699 2053; baseline -0 -21"><span class='ocrx_word' id='word_1_83' title='bbox 412 1985 520 2032; x_wconf 90' lang='lat' dir='ltr'><strong>cos</strong></span> <span class='ocrx_word' id='word_1_84' title='bbox 548 1963 619 2030; x_wconf 91' lang='lat' dir='ltr'><strong>in</strong></span> <span class='ocrx_word' id='word_1_85' title='bbox 646 1964 834 2031; x_wconf 88' lang='lat' dir='ltr'><strong>bonis</strong></span> <span class='ocrx_word' id='word_1_86' title='bbox 864 1963 1166 2031; x_wconf 91' lang='lat' dir='ltr'><strong>moribus</strong></span> <span class='ocrx_word' id='word_1_87' title='bbox 1190 1968 1253 2030; x_wconf 92' lang='lat' dir='ltr'><strong>et</strong></span> <span class='ocrx_word' id='word_1_88' title='bbox 1281 1964 1428 2030; x_wconf 84' lang='lat' dir='ltr'><strong>vitae</strong></span> <span class='ocrx_word' id='word_1_89' title='bbox 1457 1963 1792 2030; x_wconf 87' lang='lat' dir='ltr'><strong>sanctitate</strong></span> <span class='ocrx_word' id='word_1_90' title='bbox 1828 1963 2109 2030; x_wconf 90' lang='lat' dir='ltr'><strong>erudire.</strong></span> <span class='ocrx_word' id='word_1_91' title='bbox 2141 1948 2391 2032; x_wconf 82' lang='lat' dir='ltr'><strong>Verum</strong></span> <span class='ocrx_word' id='word_1_92' title='bbox 2422 1969 2699 2053; x_wconf 88' lang='lat' dir='ltr'><strong>postmo-</strong></span> 
     </span>
     <span class='ocr_line' id='line_1_14' title="bbox 407 2068 2701 2161; baseline 0.001 -25"><span class='ocrx_word' id='word_1_93' title='bbox 407 2068 568 2136; x_wconf 91' lang='lat' dir='ltr'><strong>dum</strong></span> <span class='ocrx_word' id='word_1_94' title='bbox 602 2070 672 2137; x_wconf 91' lang='lat' dir='ltr'><strong>in</strong></span> <span class='ocrx_word' id='word_1_95' title='bbox 702 2071 1033 2161; x_wconf 83' lang='lat' dir='ltr'><strong>aliquibus</strong></span> <span class='ocrx_word' id='word_1_96' title='bbox 1060 2069 1342 2139; x_wconf 90' lang='lat' dir='ltr'><strong>ecclesiis</strong></span> <span class='ocrx_word' id='word_1_97' title='bbox 1370 2068 1755 2159; x_wconf 89' lang='lat' dir='ltr'><strong>hujusmodi</strong></span> <span class='ocrx_word' id='word_1_98' title='bbox 1784 2068 2075 2138; x_wconf 85' lang='lat' dir='ltr'><strong>officium</strong></span> <span class='ocrx_word' id='word_1_99' title='bbox 2102 2071 2171 2136; x_wconf 92' lang='lat' dir='ltr'><strong>in</strong></span> <span class='ocrx_word' id='word_1_100' title='bbox 2203 2070 2470 2137; x_wconf 90' lang='lat' dir='ltr'><strong>titulum</strong></span> <span class='ocrx_word' id='word_1_101' title='bbox 2511 2071 2701 2139; x_wconf 90' lang='lat' dir='ltr'><strong>bene-</strong></span> 
     </span>
     <span class='ocr_line' id='line_1_15' title="bbox 407 2173 2700 2266; baseline 0.002 -26"><span class='ocrx_word' id='word_1_102' title='bbox 407 2173 541 2241; x_wconf 90' lang='lat' dir='ltr'><strong>ficii</strong></span> <span class='ocrx_word' id='word_1_103' title='bbox 564 2179 627 2241; x_wconf 89' lang='lat' dir='ltr'><strong>et</strong></span> <span class='ocrx_word' id='word_1_104' title='bbox 651 2176 845 2243; x_wconf 90' lang='lat' dir='ltr'><strong>etiam</strong></span> <span class='ocrx_word' id='word_1_105' title='bbox 877 2176 1210 2266; x_wconf 89' lang='lat' dir='ltr'><strong>dignitatis</strong></span> <span class='ocrx_word' id='word_1_106' title='bbox 1232 2174 1659 2243; x_wconf 89' lang='lat' dir='ltr'><strong>constitutum</strong></span> <span class='ocrx_word' id='word_1_107' title='bbox 1686 2174 1829 2242; x_wconf 85' lang='lat' dir='ltr'><strong>fuit.</strong></span> <span class='ocrx_word' id='word_1_108' title='bbox 1866 2173 1947 2241; x_wconf 85' lang='lat' dir='ltr'><strong>Et</strong></span> <span class='ocrx_word' id='word_1_109' title='bbox 1978 2178 2130 2264; x_wconf 87' lang='lat' dir='ltr'><strong>quia</strong></span> <span class='ocrx_word' id='word_1_110' title='bbox 2155 2174 2318 2241; x_wconf 89' lang='lat' dir='ltr'><strong>illud</strong></span> <span class='ocrx_word' id='word_1_111' title='bbox 2337 2175 2700 2245; x_wconf 87' lang='lat' dir='ltr'><strong>obtinentes</strong></span> 
     </span>
     <span class='ocr_line' id='line_1_16' title="bbox 411 2280 2697 2370; baseline 0.001 -23"><span class='ocrx_word' id='word_1_112' title='bbox 411 2302 528 2370; x_wconf 92' lang='lat' dir='ltr'><strong>per</strong></span> <span class='ocrx_word' id='word_1_113' title='bbox 574 2282 735 2349; x_wconf 93' lang='lat' dir='ltr'><strong>alios</strong></span> <span class='ocrx_word' id='word_1_114' title='bbox 790 2304 908 2350; x_wconf 91' lang='lat' dir='ltr'><strong>suo</strong></span> <span class='ocrx_word' id='word_1_115' title='bbox 953 2282 1215 2351; x_wconf 90' lang='lat' dir='ltr'><strong>muneri</strong></span> <span class='ocrx_word' id='word_1_116' title='bbox 1262 2282 1759 2366; x_wconf 69' lang='lat' dir='ltr'><strong>satisfaciebant,</strong></span> <span class='ocrx_word' id='word_1_117' title='bbox 1816 2281 2191 2351; x_wconf 89' lang='lat' dir='ltr'><strong>Concilium</strong></span> <span class='ocrx_word' id='word_1_118' title='bbox 2236 2280 2697 2350; x_wconf 88' lang='lat' dir='ltr'><strong>Tridentinum</strong></span> 
     </span>
     <span class='ocr_line' id='line_1_17' title="bbox 416 2385 2698 2481; baseline 0.002 -29"><span class='ocrx_word' id='word_1_119' title='bbox 416 2385 588 2472; x_wconf 89' lang='lat' dir='ltr'><strong>(sess.</strong></span> <span class='ocrx_word' id='word_1_120' title='bbox 621 2387 733 2473; x_wconf 79' lang='lat'><strong>23,</strong></span> <span class='ocrx_word' id='word_1_121' title='bbox 767 2410 824 2455; x_wconf 90' lang='lat' dir='ltr'><strong>c.</strong></span> <span class='ocrx_word' id='word_1_122' title='bbox 865 2388 966 2472; x_wconf 87' lang='lat'><strong>18)</strong></span> <span class='ocrx_word' id='word_1_123' title='bbox 1007 2391 1224 2456; x_wconf 83' lang='lat' dir='ltr'><strong>statuit</strong></span> <span class='ocrx_word' id='word_1_124' title='bbox 1260 2395 1332 2457; x_wconf 90' lang='lat' dir='ltr'><strong>ut</strong></span> <span class='ocrx_word' id='word_1_125' title='bbox 1354 2412 1469 2481; x_wconf 90' lang='lat' dir='ltr'><strong>per</strong></span> <span class='ocrx_word' id='word_1_126' title='bbox 1494 2390 1732 2480; x_wconf 88' lang='lat' dir='ltr'><strong>seipsos</strong></span> <span class='ocrx_word' id='word_1_127' title='bbox 1770 2388 2020 2479; x_wconf 87' lang='lat' dir='ltr'><strong>explere</strong></span> <span class='ocrx_word' id='word_1_128' title='bbox 2048 2389 2380 2471; x_wconf 90' lang='lat' dir='ltr'><strong>deberent,</strong></span> <span class='ocrx_word' id='word_1_129' title='bbox 2414 2409 2551 2455; x_wconf 90' lang='lat' dir='ltr'><strong>non</strong></span> <span class='ocrx_word' id='word_1_130' title='bbox 2586 2388 2698 2456; x_wconf 89' lang='lat' dir='ltr'><strong>ob·</strong></span> 
     </span>
     <span class='ocr_line' id='line_1_18' title="bbox 417 2493 2699 2565; baseline 0.002 -7"><span class='ocrx_word' id='word_1_131' title='bbox 417 2493 734 2561; x_wconf 85' lang='lat' dir='ltr'><strong>stantibus</strong></span> <span class='ocrx_word' id='word_1_132' title='bbox 771 2496 1353 2563; x_wconf 87' lang='lat' dir='ltr'><strong>consuetudinibus</strong></span> <span class='ocrx_word' id='word_1_133' title='bbox 1385 2497 1579 2562; x_wconf 88' lang='lat' dir='ltr'><strong>etiam</strong></span> <span class='ocrx_word' id='word_1_134' title='bbox 1610 2497 2265 2565; x_wconf 79' lang='lat' dir='ltr'><strong>immemorabilibuS.</strong></span> <span class='ocrx_word' id='word_1_135' title='bbox 2296 2494 2456 2561; x_wconf 88' lang='lat' dir='ltr'><strong>Item</strong></span> <span class='ocrx_word' id='word_1_136' title='bbox 2483 2495 2699 2563; x_wconf 90' lang='lat' dir='ltr'><strong>decre·</strong></span> 
     </span>
     <span class='ocr_line' id='line_1_19' title="bbox 414 2596 2699 2691; baseline 0.004 -31"><span class='ocrx_word' id='word_1_137' title='bbox 414 2596 508 2662; x_wconf 82' lang='lat' dir='ltr'><strong>vit</strong></span> <span class='ocrx_word' id='word_1_138' title='bbox 548 2598 705 2686; x_wconf 87' lang='lat' dir='ltr'><strong>ipsis</strong></span> <span class='ocrx_word' id='word_1_139' title='bbox 734 2601 1168 2681; x_wconf 88' lang='lat' dir='ltr'><strong>necessarium</strong></span> <span class='ocrx_word' id='word_1_140' title='bbox 1196 2599 1332 2668; x_wconf 87' lang='lat' dir='ltr'><strong>fore</strong></span> <span class='ocrx_word' id='word_1_141' title='bbox 1356 2600 1762 2669; x_wconf 89' lang='lat' dir='ltr'><strong>doctoratum</strong></span> <span class='ocrx_word' id='word_1_142' title='bbox 1791 2606 1905 2669; x_wconf 88' lang='lat' dir='ltr'><strong>aut</strong></span> <span class='ocrx_word' id='word_1_143' title='bbox 1931 2601 2379 2691; x_wconf 88' lang='lat' dir='ltr'><strong>magisterium</strong></span> <span class='ocrx_word' id='word_1_144' title='bbox 2416 2600 2487 2667; x_wconf 91' lang='lat' dir='ltr'><strong>in</strong></span> <span class='ocrx_word' id='word_1_145' title='bbox 2518 2621 2699 2669; x_wconf 88' lang='lat' dir='ltr'><strong>sacra</strong></span> 
     </span>
     <span class='ocr_line' id='line_1_20' title="bbox 406 2702 2699 2799; baseline 0.003 -30"><span class='ocrx_word' id='word_1_146' title='bbox 406 2702 729 2794; x_wconf 84' lang='lat' dir='ltr'><strong>theologia</strong></span> <span class='ocrx_word' id='word_1_147' title='bbox 756 2706 860 2772; x_wconf 81' lang='lat' dir='ltr'><strong>vel</strong></span> <span class='ocrx_word' id='word_1_148' title='bbox 879 2707 1031 2795; x_wconf 88' lang='lat' dir='ltr'><strong>jure</strong></span> <span class='ocrx_word' id='word_1_149' title='bbox 1059 2707 1371 2774; x_wconf 90' lang='lat' dir='ltr'><strong>canonico</strong></span> <span class='ocrx_word' id='word_1_150' title='bbox 1403 2731 1419 2775; x_wconf 79' lang='lat' dir='ltr'><strong><em>z</em></strong></span> <span class='ocrx_word' id='word_1_151' title='bbox 1448 2709 1547 2775; x_wconf 85' lang='lat' dir='ltr'><strong>De</strong></span> <span class='ocrx_word' id='word_1_152' title='bbox 1568 2720 1800 2776; x_wconf 80' lang='lat' dir='ltr'><strong>coetero</strong></span> <span class='ocrx_word' id='word_1_153' title='bbox 1827 2731 1977 2776; x_wconf 82' lang='lat' dir='ltr'><strong>vero</strong></span> <span class='ocrx_word' id='word_1_154' title='bbox 2009 2709 2234 2799; x_wconf 81' lang='lat' dir='ltr'><strong>officia</strong></span> <span class='ocrx_word' id='word_1_155' title='bbox 2270 2706 2377 2775; x_wconf 85' lang='lat' dir='ltr'><strong>vel</strong></span> <span class='ocrx_word' id='word_1_156' title='bbox 2401 2706 2699 2796; x_wconf 75' lang='lat' dir='ltr'><strong>diqnita·</strong></span> 
     </span>
     <span class='ocr_line' id='line_1_21' title="bbox 411 2809 2695 2901; baseline 0.001 -25"><span class='ocrx_word' id='word_1_157' title='bbox 411 2821 504 2877; x_wconf 84' lang='lat' dir='ltr'><strong>tes</strong></span> <span class='ocrx_word' id='word_1_158' title='bbox 527 2809 672 2877; x_wconf 85' lang='lat' dir='ltr'><strong>illoe</strong></span> <span class='ocrx_word' id='word_1_159' title='bbox 695 2833 842 2901; x_wconf 84' lang='lat' dir='ltr'><strong>quoe</strong></span> <span class='ocrx_word' id='word_1_160' title='bbox 865 2809 1313 2878; x_wconf 74' lang='lat' dir='ltr'><strong>scholasterioe</strong></span> <span class='ocrx_word' id='word_1_161' title='bbox 1340 2810 1676 2897; x_wconf 81' lang='lat' dir='ltr'><strong>dicuntur,</strong></span> <span class='ocrx_word' id='word_1_162' title='bbox 1709 2836 1843 2881; x_wconf 79' lang='lat' dir='ltr'><strong>non</strong></span> <span class='ocrx_word' id='word_1_163' title='bbox 1866 2813 1999 2881; x_wconf 81' lang='lat' dir='ltr'><strong>nisi</strong></span> <span class='ocrx_word' id='word_1_164' title='bbox 2025 2812 2403 2881; x_wconf 83' lang='lat' dir='ltr'><strong>doctoribus</strong></span> <span class='ocrx_word' id='word_1_165' title='bbox 2428 2812 2536 2879; x_wconf 86' lang='lat' dir='ltr'><strong>vel</strong></span> <span class='ocrx_word' id='word_1_166' title='bbox 2558 2834 2695 2879; x_wconf 83' lang='lat' dir='ltr'><strong>ma-</strong></span> 
     </span>
     <span class='ocr_line' id='line_1_22' title="bbox 407 2917 2696 3010; baseline 0 -27"><span class='ocrx_word' id='word_1_167' title='bbox 407 2917 636 3005; x_wconf 75' lang='lat' dir='ltr'><strong>qistris</strong></span> <span class='ocrx_word' id='word_1_168' title='bbox 673 2930 796 2985; x_wconf 85' lang='lat' dir='ltr'><strong>aut</strong></span> <span class='ocrx_word' id='word_1_169' title='bbox 824 2918 1183 2986; x_wconf 82' lang='lat' dir='ltr'><strong>licentiatis</strong></span> <span class='ocrx_word' id='word_1_170' title='bbox 1221 2919 1295 2986; x_wconf 81' lang='lat' dir='ltr'><strong>in</strong></span> <span class='ocrx_word' id='word_1_171' title='bbox 1326 2941 1518 2986; x_wconf 84' lang='lat' dir='ltr'><strong>sacra</strong></span> <span class='ocrx_word' id='word_1_172' title='bbox 1531 2919 1821 3010; x_wconf 75' lang='lat' dir='ltr'><strong>paqina,</strong></span> <span class='ocrx_word' id='word_1_173' title='bbox 1853 2931 1975 2987; x_wconf 85' lang='lat' dir='ltr'><strong>aut</strong></span> <span class='ocrx_word' id='word_1_174' title='bbox 2003 2920 2251 3009; x_wconf 79' lang='lat' dir='ltr'><strong>injure</strong></span> <span class='ocrx_word' id='word_1_175' title='bbox 2272 2918 2606 3002; x_wconf 80' lang='lat' dir='ltr'><strong>canonico,</strong></span> <span class='ocrx_word' id='word_1_176' title='bbox 2634 2928 2696 2985; x_wconf 88' lang='lat' dir='ltr'><strong>et</strong></span> 
     </span>
     <span class='ocr_line' id='line_1_23' title="bbox 415 3022 2688 3118; baseline 0.002 -31"><span class='ocrx_word' id='word_1_177' title='bbox 415 3022 591 3090; x_wconf 83' lang='lat' dir='ltr'><strong>alias</strong></span> <span class='ocrx_word' id='word_1_178' title='bbox 624 3026 925 3113; x_wconf 81' lang='lat' dir='ltr'><strong>personis</strong></span> <span class='ocrx_word' id='word_1_179' title='bbox 966 3024 1239 3106; x_wconf 83' lang='lat' dir='ltr'><strong>idoneis,</strong></span> <span class='ocrx_word' id='word_1_180' title='bbox 1283 3038 1348 3094; x_wconf 86' lang='lat' dir='ltr'><strong>et</strong></span> <span class='ocrx_word' id='word_1_181' title='bbox 1384 3026 1503 3117; x_wconf 85' lang='lat' dir='ltr'><strong>qui</strong></span> <span class='ocrx_word' id='word_1_182' title='bbox 1526 3049 1649 3116; x_wconf 82' lang='lat' dir='ltr'><strong>per</strong></span> <span class='ocrx_word' id='word_1_183' title='bbox 1672 3049 1739 3094; x_wconf 86' lang='lat' dir='ltr'><strong>se</strong></span> <span class='ocrx_word' id='word_1_184' title='bbox 1773 3025 2044 3118; x_wconf 78' lang='lat' dir='ltr'><strong>ipsos&#39;id</strong></span> <span class='ocrx_word' id='word_1_185' title='bbox 2067 3048 2310 3094; x_wconf 83' lang='lat' dir='ltr'><strong>munus</strong></span> <span class='ocrx_word' id='word_1_186' title='bbox 2353 3025 2688 3116; x_wconf 76' lang='lat' dir='ltr'><strong>eoepleant,</strong></span> 
     </span>
     <span class='ocr_line' id='line_1_24' title="bbox 415 3128 2695 3223; baseline 0.002 -29"><span class='ocrx_word' id='word_1_187' title='bbox 415 3128 842 3217; x_wconf 80' lang='lat' dir='ltr'><strong>conferantur</strong></span> <span class='ocrx_word' id='word_1_188' title='bbox 865 3156 890 3197; x_wconf 90' lang='lat'><strong>.·</strong></span> <span class='ocrx_word' id='word_1_189' title='bbox 921 3145 987 3200; x_wconf 85' lang='lat' dir='ltr'><strong>et</strong></span> <span class='ocrx_word' id='word_1_190' title='bbox 1013 3133 1214 3200; x_wconf 82' lang='lat' dir='ltr'><strong>aliter</strong></span> <span class='ocrx_word' id='word_1_191' title='bbox 1243 3134 1433 3222; x_wconf 74' lang='lat' dir='ltr'><strong>facta</strong></span> <span class='ocrx_word' id='word_1_192' title='bbox 1458 3134 1751 3223; x_wconf 78' lang='lat' dir='ltr'><strong>provisio</strong></span> <span class='ocrx_word' id='word_1_193' title='bbox 1785 3133 1986 3201; x_wconf 79' lang='lat' dir='ltr'><strong>nulla</strong></span> <span class='ocrx_word' id='word_1_194' title='bbox 2004 3134 2093 3201; x_wconf 85' lang='lat' dir='ltr'><strong>sit</strong></span> <span class='ocrx_word' id='word_1_195' title='bbox 2117 3145 2181 3200; x_wconf 84' lang='lat' dir='ltr'><strong>et</strong></span> <span class='ocrx_word' id='word_1_196' title='bbox 2209 3131 2539 3219; x_wconf 79' lang='lat' dir='ltr'><strong>invalida,</strong></span> <span class='ocrx_word' id='word_1_197' title='bbox 2565 3154 2695 3199; x_wconf 83' lang='lat' dir='ltr'><strong>non</strong></span> 
     </span>
     <span class='ocr_line' id='line_1_25' title="bbox 411 3233 2695 3329; baseline 0.003 -31"><span class='ocrx_word' id='word_1_198' title='bbox 411 3233 828 3303; x_wconf 81' lang='lat' dir='ltr'><strong>obstantibus</strong></span> <span class='ocrx_word' id='word_1_199' title='bbox 862 3237 1198 3327; x_wconf 81' lang='lat' dir='ltr'><strong>quibusvis</strong></span> <span class='ocrx_word' id='word_1_200' title='bbox 1226 3238 1611 3329; x_wconf 74' lang='lat' dir='ltr'><strong>privileqiis</strong></span> <span class='ocrx_word' id='word_1_201' title='bbox 1641 3250 1706 3307; x_wconf 86' lang='lat' dir='ltr'><strong>et</strong></span> <span class='ocrx_word' id='word_1_202' title='bbox 1736 3238 2309 3308; x_wconf 78' lang='lat' dir='ltr'><strong>consuetudinibus</strong></span> <span class='ocrx_word' id='word_1_203' title='bbox 2334 3238 2537 3306; x_wconf 76' lang='lat' dir='ltr'><strong>etiam</strong></span> <span class='ocrx_word' id='word_1_204' title='bbox 2574 3239 2695 3305; x_wconf 89' lang='lat' dir='ltr'><strong>im·</strong></span> 
     </span>
     <span class='ocr_line' id='line_1_26' title="bbox 406 3342 2768 3411; baseline 0.004 -7"><span class='ocrx_word' id='word_1_205' title='bbox 406 3342 975 3411; x_wconf 77' lang='lat' dir='ltr'><strong>memorabilibus.</strong></span> <span class='ocrx_word' id='word_1_206' title='bbox 2759 3342 2768 3347; x_wconf 75' lang='grc'><strong>’</strong></span> 
     </span>
    </p>
   </div>
   <div class='ocr_carea' id='block_1_6' title="bbox 1296 3486 1789 3548">
    <p class='ocr_par' dir='ltr' id='par_1_6' title="bbox 1296 3486 1789 3548">
     <span class='ocr_line' id='line_1_27' title="bbox 1296 3486 1789 3548; baseline -0.002 0"><span class='ocrx_word' id='word_1_207' title='bbox 1296 3486 1585 3548; x_wconf 89' lang='lat' dir='ltr'><strong>CAPUT</strong></span> <span class='ocrx_word' id='word_1_208' title='bbox 1636 3488 1789 3547; x_wconf 93' lang='lat' dir='ltr'><strong>XIX</strong></span> 
     </span>
    </p>
   </div>
   <div class='ocr_carea' id='block_1_7' title="bbox 1236 3654 1854 3703">
    <p class='ocr_par' dir='ltr' id='par_1_7' title="bbox 1236 3654 1854 3703">
     <span class='ocr_line' id='line_1_28' title="bbox 1236 3654 1854 3703; baseline 0.002 -3"><span class='ocrx_word' id='word_1_209' title='bbox 1236 3656 1310 3700; x_wconf 83' lang='lat' dir='ltr'><strong>DE</strong></span> <span class='ocrx_word' id='word_1_210' title='bbox 1363 3654 1854 3703; x_wconf 73' lang='lat' dir='ltr'>HEBDOMADARIIS</span> 
     </span>
    </p>
   </div>
   <div class='ocr_carea' id='block_1_8' title="bbox 405 3800 2690 4527">
    <p class='ocr_par' dir='ltr' id='par_1_8' title="bbox 405 3800 2690 4527">
     <span class='ocr_line' id='line_1_29' title="bbox 495 3800 2688 3893; baseline 0 -27"><span class='ocrx_word' id='word_1_211' title='bbox 495 3800 548 3866; x_wconf 77' lang='grc' dir='ltr'><strong>Ι.</strong></span> <span class='ocrx_word' id='word_1_212' title='bbox 607 3801 783 3883; x_wconf 85' lang='lat' dir='ltr'><strong>Quid</strong></span> <span class='ocrx_word' id='word_1_213' title='bbox 804 3801 1060 3892; x_wconf 82' lang='lat' dir='ltr'><strong>fuerint</strong></span> <span class='ocrx_word' id='word_1_214' title='bbox 1101 3802 1497 3893; x_wconf 82' lang='lat' dir='ltr'><strong>antiquitus.</strong></span> <span class='ocrx_word' id='word_1_215' title='bbox 1543 3840 1634 3855; x_wconf 93' lang='lat'>—</span> <span class='ocrx_word' id='word_1_216' title='bbox 1665 3801 1887 3883; x_wconf 87' lang='lat' dir='ltr'><strong>Quum</strong></span> <span class='ocrx_word' id='word_1_217' title='bbox 1936 3803 2294 3893; x_wconf 89' lang='lat' dir='ltr'><strong>antiquitus</strong></span> <span class='ocrx_word' id='word_1_218' title='bbox 2326 3801 2688 3893; x_wconf 86' lang='lat' dir='ltr'><strong>capitulum</strong></span> 
     </span>
     <span class='ocr_line' id='line_1_30' title="bbox 421 3903 2690 3998; baseline 0.001 -29"><span class='ocrx_word' id='word_1_219' title='bbox 421 3908 619 3969; x_wconf 89' lang='lat' dir='ltr'><strong>totam</strong></span> <span class='ocrx_word' id='word_1_220' title='bbox 637 3907 1265 3976; x_wconf 86' lang='lat' dir='ltr'><strong>administrationem</strong></span> <span class='ocrx_word' id='word_1_221' title='bbox 1284 3915 1347 3974; x_wconf 87' lang='lat' dir='ltr'><strong>et</strong></span> <span class='ocrx_word' id='word_1_222' title='bbox 1358 3930 1586 3976; x_wconf 86' lang='lat' dir='ltr'><strong>curam</strong></span> <span class='ocrx_word' id='word_1_223' title='bbox 1604 3909 1979 3976; x_wconf 90' lang='lat' dir='ltr'><strong>animarum</strong></span> <span class='ocrx_word' id='word_1_224' title='bbox 1997 3930 2148 3976; x_wconf 90' lang='lat' dir='ltr'><strong>cum</strong></span> <span class='ocrx_word' id='word_1_225' title='bbox 2170 3903 2690 3998; x_wconf 90' lang='lat' dir='ltr'><strong>Episcopoetsub</strong></span> 
     </span>
     <span class='ocr_line' id='line_1_31' title="bbox 406 4009 2689 4106; baseline 0.002 -33"><span class='ocrx_word' id='word_1_226' title='bbox 406 4009 462 4097; x_wconf 88' lang='lat' dir='ltr'><strong>ej</strong></span> <span class='ocrx_word' id='word_1_227' title='bbox 471 4029 547 4075; x_wconf 91' lang='lat' dir='ltr'><strong>us</strong></span> <span class='ocrx_word' id='word_1_228' title='bbox 561 4011 880 4098; x_wconf 88' lang='lat' dir='ltr'><strong>regimine</strong></span> <span class='ocrx_word' id='word_1_229' title='bbox 895 4018 1167 4103; x_wconf 85' lang='lat' dir='ltr'><strong>gereret,</strong></span> <span class='ocrx_word' id='word_1_230' title='bbox 1180 4014 1654 4103; x_wconf 87' lang='lat' dir='ltr'><strong>deputabantur</strong></span> <span class='ocrx_word' id='word_1_231' title='bbox 1667 4037 1784 4106; x_wconf 88' lang='lat' dir='ltr'><strong>pro</strong></span> <span class='ocrx_word' id='word_1_232' title='bbox 1803 4015 2090 4105; x_wconf 88' lang='lat' dir='ltr'><strong>qualibet</strong></span> <span class='ocrx_word' id='word_1_233' title='bbox 2104 4013 2689 4083; x_wconf 88' lang='lat' dir='ltr'><strong>hebdomadaunus</strong></span> 
     </span>
     <span class='ocr_line' id='line_1_32' title="bbox 406 4115 2689 4212; baseline 0.003 -33"><span class='ocrx_word' id='word_1_234' title='bbox 406 4115 758 4184; x_wconf 86' lang='lat' dir='ltr'><strong>canonicus</strong></span> <span class='ocrx_word' id='word_1_235' title='bbox 787 4121 1116 4210; x_wconf 76' lang='lat' dir='ltr'><strong>presbyter</strong></span> <span class='ocrx_word' id='word_1_236' title='bbox 1148 4127 1211 4189; x_wconf 90' lang='lat' dir='ltr'><strong>et</strong></span> <span class='ocrx_word' id='word_1_237' title='bbox 1233 4143 1405 4190; x_wconf 88' lang='lat' dir='ltr'><strong>unus</strong></span> <span class='ocrx_word' id='word_1_238' title='bbox 1437 4120 1784 4190; x_wconf 89' lang='lat' dir='ltr'><strong>canonicus</strong></span> <span class='ocrx_word' id='word_1_239' title='bbox 1806 4123 2141 4209; x_wconf 88' lang='lat' dir='ltr'><strong>diaconus,</strong></span> <span class='ocrx_word' id='word_1_240' title='bbox 2169 4121 2410 4212; x_wconf 89' lang='lat' dir='ltr'><strong>quibus</strong></span> <span class='ocrx_word' id='word_1_241' title='bbox 2434 4119 2549 4186; x_wconf 87' lang='lat' dir='ltr'><strong>illa</strong></span> <span class='ocrx_word' id='word_1_242' title='bbox 2580 4119 2689 4185; x_wconf 87' lang='lat' dir='ltr'><strong>he·</strong></span> 
     </span>
     <span class='ocr_line' id='line_1_33' title="bbox 405 4218 2681 4319; baseline 0.002 -33"><span class='ocrx_word' id='word_1_243' title='bbox 405 4218 723 4288; x_wconf 89' lang='lat' dir='ltr'><strong>bdomada</strong></span> <span class='ocrx_word' id='word_1_244' title='bbox 750 4222 1131 4293; x_wconf 87' lang='lat' dir='ltr'><strong>cathedralis</strong></span> <span class='ocrx_word' id='word_1_245' title='bbox 1170 4229 1454 4297; x_wconf 78' lang='lat' dir='ltr'><strong>ecclesiae</strong></span> <span class='ocrx_word' id='word_1_246' title='bbox 1483 4228 1816 4297; x_wconf 88' lang='lat' dir='ltr'><strong>servitium</strong></span> <span class='ocrx_word' id='word_1_247' title='bbox 1854 4229 2214 4319; x_wconf 88' lang='lat' dir='ltr'><strong>specialiter</strong></span> <span class='ocrx_word' id='word_1_248' title='bbox 2243 4226 2681 4294; x_wconf 87' lang='lat' dir='ltr'><strong>incumberet.</strong></span> 
     </span>
     <span class='ocr_line' id='line_1_34' title="bbox 412 4324 2686 4415; baseline 0.002 -23"><span class='ocrx_word' id='word_1_249' title='bbox 412 4354 445 4392; x_wconf 89' lang='lat'>«</span> <span class='ocrx_word' id='word_1_250' title='bbox 479 4324 723 4395; x_wconf 90' lang='lat' dir='ltr'><strong>Diebus</strong></span> <span class='ocrx_word' id='word_1_251' title='bbox 739 4334 958 4396; x_wconf 89' lang='lat' dir='ltr'><strong>tamen</strong></span> <span class='ocrx_word' id='word_1_252' title='bbox 979 4329 1312 4401; x_wconf 81' lang='lat' dir='ltr'><strong>ferialibus</strong></span> <span class='ocrx_word' id='word_1_253' title='bbox 1332 4336 1628 4403; x_wconf 89' lang='lat' dir='ltr'><strong>canonici</strong></span> <span class='ocrx_word' id='word_1_254' title='bbox 1650 4357 1687 4403; x_wconf 90' lang='lat' dir='ltr'><strong>a</strong></span> <span class='ocrx_word' id='word_1_255' title='bbox 1707 4335 1905 4403; x_wconf 91' lang='lat' dir='ltr'><strong>choro</strong></span> <span class='ocrx_word' id='word_1_256' title='bbox 1923 4334 2376 4402; x_wconf 85' lang='lat' dir='ltr'><strong>eximebantur</strong></span> <span class='ocrx_word' id='word_1_257' title='bbox 2398 4355 2414 4415; x_wconf 91' lang='lat'>;</span> <span class='ocrx_word' id='word_1_258' title='bbox 2437 4331 2543 4398; x_wconf 91' lang='lat' dir='ltr'><strong>his</strong></span> <span class='ocrx_word' id='word_1_259' title='bbox 2567 4327 2686 4397; x_wconf 87' lang='lat' dir='ltr'><strong>sci-</strong></span> 
     </span>
     <span class='ocr_line' id='line_1_35' title="bbox 412 4434 2678 4527; baseline 0.002 -30"><span class='ocrx_word' id='word_1_260' title='bbox 412 4459 446 4498; x_wconf 86' lang='lat'>«</span> <span class='ocrx_word' id='word_1_261' title='bbox 480 4434 630 4503; x_wconf 89' lang='lat' dir='ltr'><strong>licet</strong></span> <span class='ocrx_word' id='word_1_262' title='bbox 653 4436 883 4505; x_wconf 91' lang='lat' dir='ltr'><strong>diebus</strong></span> <span class='ocrx_word' id='word_1_263' title='bbox 919 4435 1174 4505; x_wconf 86' lang='lat' dir='ltr'><strong>divinas</strong></span> <span class='ocrx_word' id='word_1_264' title='bbox 1196 4436 1420 4508; x_wconf 86' lang='lat' dir='ltr'><strong>laudes</strong></span> <span class='ocrx_word' id='word_1_265' title='bbox 1447 4440 1717 4509; x_wconf 87' lang='lat' dir='ltr'><strong>canebat</strong></span> <span class='ocrx_word' id='word_1_266' title='bbox 1746 4441 1956 4508; x_wconf 88' lang='lat' dir='ltr'><strong>clerus</strong></span> <span class='ocrx_word' id='word_1_267' title='bbox 1979 4442 2201 4509; x_wconf 91' lang='lat' dir='ltr'><strong>minor</strong></span> <span class='ocrx_word' id='word_1_268' title='bbox 2224 4460 2375 4509; x_wconf 91' lang='lat' dir='ltr'><strong>cum</strong></span> <span class='ocrx_word' id='word_1_269' title='bbox 2405 4435 2678 4527; x_wconf 86' lang='lat' dir='ltr'><strong>populo,</strong></span> 
     </span>
    </p>
   </div>
  </div>
 </body>
</html>
