2930 4982
1094 357 1171 403 nn
1217 357 1543 405 cunnus,
2347 351 2467 408 163

233 481 286 546 in
310 500 495 547 massa
520 478 853 546 communi
892 478 1146 546 tertiam
1176 480 1505 572 pensionis
1545 502 1675 549 suae
1716 485 1993 572 partem,
2036 483 2108 547 in
2159 479 2475 553 distribu-

231 587 394 654 tiones
419 587 933 656 convertendam.
963 585 1048 654 Et
1071 593 1330 655 notetur
1352 587 1770 680 Episcopum,
1796 587 1868 655 in
1892 590 2300 680 procuranda
2323 591 2480 660 cita-

229 701 404 760 torum
426 693 835 762 ‘decretorum
864 694 1258 778 executione,
1299 696 1495 763 etiam
1524 701 1834 786 tanquam
1871 695 2052 764 Sedis
2098 696 2482 790 Apostolicae

228 799 544 888 delegatum
582 822 773 890 agere
801 821 1008 891 posse.
1057 802 1125 867 4⁰
1153 801 1445 870 Tandem
1487 810 1614 869 nec'
1644 823 1761 893 per
1801 800 2189 870 contrariam
2223 803 2482 896 capitu-

229 904 402 971 lorum
430 905 654 974 Galliae
684 907 1223 976 consuetudinem
1254 908 1507 976 sublata
1533 907 1792 976 videtur
1814 907 2123 997 obligatio
2155 910 2482 978 servandae

228 1011 367 1079 illius
389 1011 785 1080 Tridentinae
812 1013 998 1103 legis.
1033 1013 1359 1103 Equidem
1388 1014 1790 1083 consuetudo
1820 1015 1960 1083 haec
1986 1018 2123 1103 jam
2160 1015 2227 1083 in
2261 1015 2490 1107 pleris-

229 1139 326 1206 que
347 1116 559 1188 Galliae
582 1119 974 1187 dioecesibus
997 1120 1143 1210 plus
1171 1142 1371 1211 quam
1400 1121 1911 1209 quadragenaria
1936 1128 2049 1188 est.
2075 1119 2202 1189 Sed
2230 1121 2495 1211 quando

229 1225 405 1312 agitur
444 1227 521 1294 de
563 1225 969 1295 Tridentinis
1022 1229 1383 1319 praeceptis,
1443 1227 1650 1295 obstat
1710 1234 2008 1296 constans
2058 1226 2494 1296 tribunalium

230 1328 640 1400 Romanorum
671 1332 881 1423 praxis
922 1355 1003 1400 ne
1042 1333 1114 1400 in
1145 1335 1550 1402 contrarium
1594 1334 1860 1402 inducta
1897 1335 2297 1403 consuetudo
2328 1332 2498 1423 legi-

230 1437 357 1506 tima
390 1441 660 1508 evadere
682 1446 899 1530 queat.
934 1441 1320 1509 Constanter
1359 1463 1596 1533 nempe
1625 1441 1976 1510 tribunalia
2008 1443 2177 1529 haec,
2212 1442 2502 1531 qualibet

229 1545 348 1625 data
371 1548 724 1632 occasione,
754 1547 1083 1616 declarant
1100 1549 1389 1638 obligare
1408 1548 1584 1638 leges
1608 1548 2042 1635 TridentinaS,
2073 1570 2205 1616 non
2238 1549 2501 1617 obstan-

230 1651 374 1720 tibus
403 1653 622 1744 longis
653 1655 723 1721 in
754 1655 1153 1723 contrarium
1183 1653 1795 1723 consuetudinibus.
1830 1653 1910 1723 Et
1937 1655 2030 1723 sic
2057 1661 2365 1746 perpetuo
2385 1659 2508 1720 tes-

229 1760 422 1823 tantur
433 1764 926 1849 permanentem
948 1757 1131 1826 Sedis
1149 1759 1537 1844 Apostolicae
1554 1759 1953 1827 voluntatem
1975 1781 2108 1826 non
2122 1753 2512 1827 assentiendi

228 1862 568 1933 istiusmodi
614 1865 1192 1933 consuetudinibus
1232 1864 1764 1933 Tridentinarum
1812 1866 2039 1955 legum
2085 1863 2505 1932 subversivis.

229 1968 352 2048 Qua
375 1979 581 2040 stante
609 1970 815 2062 praxi,
851 1972 1079 2062 nequit
1100 1970 1382 2061 supponi
1419 1973 1593 2039 ullus
1628 1971 1902 2039 Romani
1933 1970 2263 2039 Pontificis
2299 1966 2514 2058 quoad

227 2075 357 2146 istas
382 2080 886 2148 consuetudines
905 2099 1226 2145 assensus.
1254 2077 1426 2145 Hinc
1444 2098 1620 2144 anno
1651 2076 1849 2163 1850,
1877 2077 1983 2144 die
2004 2076 2090 2145 23
2114 2075 2511 2158 novembris,

226 2187 424 2272 quoad
480 2186 844 2274 capitulum
872 2184 1330 2271 Tergestinum
1371 2182 1471 2271 (de
1507 2182 1798 2269 Trieste),
1829 2204 1967 2248 non
2000 2184 2291 2249 obstante
2326 2183 2525 2268 longa

216 2290 351 2378 jam
382 2293 461 2356 in
496 2289 894 2354 contrarium
919 2287 1415 2371 consuetudine,
1442 2286 1733 2353 decisum
1769 2292 1863 2353 est
1893 2285 2099 2353 teneri
2131 2285 2524 2376 Episcopum

222 2398 300 2463 ad
363 2392 823 2481 assignandam
874 2397 1124 2483 partem
1173 2414 1317 2481 quae
1370 2392 1442 2460 in
1487 2390 1969 2460 distributiones
2019 2397 2514 2464 converteretur.

227 2502 564 2593 Proposito
583 2503 822 2591 quippe
841 2501 1066 2584 dubio,
1096 2523 1187 2568 an
1207 2512 1271 2568 et
1297 2500 1622 2592 quomodo
1647 2522 1957 2569 mauron
1974 2499 2342 2591 Episcopus
2353 2523 2521 2591 par·

238 2621 353 2677 tem
382 2606 724 2676 redituum
762 2607 1244 2697 capitularium
1285 2607 1693 2676 cathedralis
1740 2609 1796 2675 T
1795 2608 2138 2700 erqestinoe
2178 2608 2520 2697 assiqnarc

238 2739 344 2805 pro
393 2714 968 2783 distributionibus
1019 2714 1433 2805 quotidianis
1458 2767 1478 2803 ,
1531 2739 1713 2785 sacra
1780 2715 2208 2805 Congregatio
2263 2713 2528 2782 concilii

242 2824 600 2914 respondit:
629 2822 1065 2911 affirmative,
1092 2833 1155 2889 et
1174 2824 1551 2913 Episcopus
1567 2821 1893 2914 procedat
1918 2819 2011 2887 ad
2029 2821 2332 2909 formam
2355 2817 2530 2885 sacri

247 2927 492 2994 concilii
558 2924 980 3013 Tridentini,
1026 2928 1302 2993 sessione
1347 2927 1435 2992 22
1459 2976 1478 3011 ,
1539 2926 1755 3017 capite
1802 2924 1869 2992 3.
1930 2922 2031 3013 (ln
2088 2920 2530 3012 publicatione

251 3035 559 3122 periodica
589 3032 698 3100 cui
729 3032 956 3099 titulus
982 3030 1555 3122 Correspondance
1583 3029 1664 3098 de
1689 3034 1917 3113 Rome,
1946 3027 2239 3097 numeris
2267 3028 2311 3095 4
2349 3034 2528 3096 octo-

256 3137 368 3208 bris
393 3147 454 3209 et
482 3141 532 3207 4
564 3137 929 3206 decembris
964 3137 1193 3223 1850.)

330 3246 709 3316 Pnorosrrlo
740 3245 828 3313 4⁸.
861 3282 950 3297 —
974 3244 1139 3335 Leqi
1171 3242 1572 3312 Tridentinae
1609 3245 1987 3334 satisfacere
2008 3265 2196 3336 posse
2223 3244 2538 3314 videntur

261 3351 566 3421 hodierna
593 3351 892 3442 capitula
926 3350 1178 3421 Gallice
1206 3350 1410 3418 aliter
1437 3373 1638 3439 quam
1662 3372 1785 3442 per
1808 3351 2293 3443 separationem
2323 3351 2537 3419 tertiae

251 3461 455 3548 partis
507 3459 582 3527 in
625 3457 1118 3526 distributiones
1162 3457 1615 3526 convertendae
1624 3478 1655 3543 ;
1697 3458 1994 3528 videlicet
2036 3483 2158 3550 per
2206 3459 2537 3538 mulctas,

265 3578 484 3635 contra
509 3564 806 3633 absentes
832 3575 1147 3647 statutaS,
1179 3586 1378 3654 usque
1401 3563 1494 3631 ad
1514 3565 2040 3633 concurrentiam
2073 3565 2288 3632 tertiae
2315 3562 2541 3654 partis

258 3672 605 3762 pensionis·
639 3710 728 3725 -
761 3669 1085 3759 Equidem
1130 3670 1254 3736 hOc
1297 3671 1492 3736 modo
1533 3671 1751 3737 forsan
1790 3693 1925 3736 non
1968 3671 2218 3752 satisfit,
2259 3671 2546 3756 rigorose

267 3778 601 3870 loquendo,
651 3780 884 3846 litterae
929 3774 1299 3843 Tridentini
1344 3774 1672 3864 praecepti.
1727 3773 1817 3841 At
1859 3772 2087 3840 satisfit
2127 3774 2354 3854 menti,
2396 3774 2550 3866 quia

271 3885 407 3954 satis
435 3886 780 3975 attingitur
807 3905 1038 3974 scopus
1078 3904 1117 3950 a
1155 3879 1556 3949 Tridentinis
1583 3878 1881 3948 Patribus
1909 3879 2218 3948 intentus.
2261 3878 2550 3953 Aliunde

276 3998 477 4060 autem
531 3993 689 4059 huic
743 3990 1016 4059 faciliori
1069 3988 1420 4080 implendae
1476 3987 1634 4078 legis
1685 3988 1879 4056 modo
1930 3990 2288 4057 consentire
2318 3988 2547 4060 Sedem

279 4096 728 4187 Apostolicam,
752 4103 863 4166 aut
883 4098 1107 4165 saltem
1129 4095 1408 4164 libenter
1433 4115 1906 4162 consensuram·
1924 4094 2169 4182 quoties
2186 4097 2552 4186 rogabitur,

282 4204 421 4273 satis
447 4206 670 4295 colligi
702 4211 904 4296 potest
931 4226 1007 4271 ex
1026 4203 1342 4293 Ragusini
1378 4201 1646 4292 capituli
1675 4202 1991 4293 exemplo.
2020 4201 2392 4272 Nimirum:

369 4310 708 4402 Ragusinae
750 4310 1130 4379 cathedralis
1174 4309 1475 4377 canonici
1520 4310 1895 4398 pensionem
1941 4330 1980 4376 a
2025 4308 2359 4377 Gubernio
2404 4302 2566 4368 reci·

291 4412 502 4503 piunt,
548 4417 891 4507 nullosque
946 4416 1190 4485 habent
1243 4416 1491 4483 reditus
1540 4414 1931 4504 quotidianis
1998 4402 2569 4480 distributionibus
