2930 4982
1175 313 1251 358 ou
1297 311 1625 360 carneus.
2429 308 2555 366 297

306 433 432 500 «ait
456 432 795 521 Fagnanus
815 433 981 524 (inc.
1009 434 1184 501 Cum
1205 454 1429 501 omnes
1451 432 1531 501 de
1559 435 1825 501 constit.
1851 432 2005 503 libri
2035 433 2556 530 rdecretalium),

304 563 333 602 «
356 540 654 608 sublatam
696 560 831 608 esse
868 555 1363 629 quamcumque
1391 539 1926 609 consuetudinem
1994 540 2393 664 inserviendi
2440 566 2558 637 per

302 671 333 711 «
355 645 791 716 substitutum
774 668 844 713 1n
867 646 1353 715 cathedralibus
1383 645 1697 715 ecclesiis.
1730 669 1767 711 »

363 747 434 820 ll.
453 752 645 821 Addit
667 751 1102 821 nihilominus
1130 753 1309 821 idem
1330 751 1685 843 Fagnanus
1708 751 1997 822 ibidem·
1982 805 1999 820 .
2026 778 2062 819 α
2079 752 2553 828 Verumtamen

292 882 321 922 «
360 856 543 927 Sacra
561 858 990 948 Congregatio
1015 859 1268 927 censuit
1290 858 1523 928 debere
1545 858 1950 950 Episcopum
1980 861 2327 929 concedere
2353 862 2556 933 facul-

294 984 325 1025 «
354 964 537 1030 tatem
560 962 1024 1053 capitularibus
1051 984 1187 1031 sese
1212 963 1499 1032 invicem
1528 964 1968 1048 substituendi
2027 966 2098 1033 in
2129 967 2387 1035 servitio
2413 973 2555 1038 tum

293 1091 322 1133 α
346 1067 647 1152 ecclesiae,
682 1075 829 1137 tum
856 1069 1079 1153 chori;
1133 1069 1295 1137 dum
1325 1075 1547 1138 tamen
1576 1093 1708 1139 non
1732 1070 1816 1140 iis
1857 1071 2266 1162 temporibus
2311 1073 2560 1143 substi-

291 1177 600 1242 «tuantur
615 1175 854 1263 quibus
868 1174 1125 1244 servitio
1150 1176 1431 1246 ecclesiae
1446 1178 1733 1247 adstricti
1756 1184 1943 1262 sunt3
1977 1179 2135 1247 item
2158 1178 2559 1270 Episcopum

287 1303 316 1341 «
341 1300 567 1347 curare
589 1281 815 1349 debere
842 1282 1052 1349 uthac
1073 1282 1506 1351 substituendi
1538 1284 1833 1353 facultate
1858 1307 1994 1355 non
2018 1286 2403 1355 abutantur.
2423 1285 2553 1356 Sed

286 1409 317 1449 «
340 1384 459 1452 hoc
487 1387 816 1455 decretum
844 1387 1001 1455 alias
1023 1388 1373 1457 declaravit
1392 1390 1636 1459 habere
1665 1391 1885 1459 locum
1907 1391 2365 1460 tantummodo
2389 1393 2561 1462 inter

285 1514 316 1554 ι(
336 1498 694 1580 praesenteS.
722 1517 756 1557 >³
797 1492 1083 1561 Praesens
1114 1498 1331 1561 autem
1377 1501 1677 1564 censetur
1695 1494 1889 1564 etiam
1918 1495 1974 1564 is
2000 1495 2120 1586 qui
2150 1495 2231 1564 ad
2263 1495 2559 1564 medium

281 1596 533 1666 milliare
554 1604 734 1667 extra
761 1599 1002 1667 moenia
1022 1604 1378 1690 pernoctat,
1404 1599 1476 1668 in
1498 1601 1642 1671 loco
1674 1606 1918 1685 tamen,
1946 1601 2125 1670 unde
2154 1603 2353 1691 possit
2383 1622 2560 1670 com-

279 1704 446 1770 mode
469 1705 550 1772 ad
575 1704 920 1774 servitium
945 1706 1269 1775 accedere.

352 1807 453 1879 Ill.
478 1810 631 1880 lllas
658 1810 1194 1901 Congregationis
1224 1812 1488 1896 concilii
1513 1812 1996 1898 declarationes,
2037 1833 2185 1902 quae
2209 1813 2560 1903 explanant

275 1919 574 2000 quatenus
599 1916 851 2008 possint
874 1918 1174 1985 canonici
1218 1918 1506 2006 aliquem
1533 1917 1657 1985 sibi
1692 1918 2104 2001 substituere,
2132 1918 2325 1985 refert
2356 1917 2562 1987 Bene-

271 2018 465 2090 dictus
490 2021 647 2092 XIV
677 2024 748 2091 in
775 2024 910 2091 suis
939 2022 1499 2092 Institutionibus
1520 2022 1975 2093 ecclesiasticis
1996 2023 2174 2114 (inst.
2209 2022 2431 2113 107,§
2462 2021 2559 2115 3),

268 2145 333 2192 ex
357 2150 492 2217 quo
518 2129 695 2197 libro
727 2151 832 2197 eas
850 2129 1278 2198 exscribimus
1304 2153 1322 2198 ε

352 2233 571 2297 Sacra
604 2234 1125 2324 Gonqreqatia..
1175 2234 1424 2324 scepius
1454 2233 1857 2313 declaravit,
1897 2231 2151 2299 decreto
2203 2232 2313 2311 12,
2375 2254 2567 2300 versu

264 2356 687 2422 oMNEstno,
720 2361 858 2406 non
887 2361 1019 2407 esse
1044 2339 1381 2407 sublatam
1412 2339 1907 2430 capitularibus
1932 2338 2334 2428 facultatem
2362 2360 2430 2406 se
2452 2338 2564 2405 in·

266 2440 470 2511 vicem
521 2442 1011 2529 substituendi,
1054 2444 1417 2516 dummodo
1462 2444 1685 2516 eodem
1727 2458 2020 2538 tempore
2055 2444 2462 2514 substituens
2494 2454 2560 2514 et

219 2580 228 2587 «κ
265 2547 664 2619 substitutus
723 2550 934 2620 eidem
995 2553 1269 2621 servitio
1323 2551 1642 2621 adstricti
1710 2574 1846 2621 non
1912 2552 2057 2621 sint
2120 2551 2241 2642 (15
2301 2551 2563 2621 decem-

265 2650 391 2722 bris
426 2656 664 2749 1605).

355 2785 392 2826 «
414 2761 542 2829 Die
574 2764 654 2828 12
687 2764 1045 2854 decembris
1066 2786 1241 2832 anno
1291 2765 1492 2852 1643,
1525 2771 1589 2832 et
1635 2764 1677 2830 2
1723 2763 2091 2831 decembris
2142 2782 2316 2827 anno
2359 2761 2559 2847 1644,

270 2891 306 2931 a
352 2871 704 2954 postquam
746 2870 1014 2935 asseruit
1052 2869 1321 2937 concedi
1349 2891 1533 2959 posse
1561 2869 1645 2936 ab
1700 2867 2023 2957 Episcopo
2068 2864 2440 2932 facultatem
2491 2872 2569 2932 ut

270 2994 301 3033 (t
348 2971 717 3038 canonicus
749 2971 961 3041 ‘choro
984 2972 1274 3042 addictus
1302 2972 1508 3040 alium
1538 2994 1616 3039 ex
1646 2970 1911 3058 collegis
1935 2969 2098 3056 suis,
2126 2975 2287 3036 tunc
2317 2968 2573 3036 immu-·

272 3100 304 3139 «
347 3098 508 3144 nem
539 3083 603 3145 et
645 3077 955 3166 liberum,
992 3076 1302 3157 sufficiat,
1332 3098 1407 3144 ac
1455 3076 1944 3145 distributiones
1990 3082 2390 3163 assequatur,
2429 3075 2567 3145 haec

277 3207 306 3245 (ι
349 3183 588 3252 deinde
615 3185 1026 3275 superaddit:
1067 3183 1171 3250 ita
1190 3193 1415 3250 tamen
1441 3194 1521 3249 ut
1549 3180 1942 3271 hujusmodi
1964 3181 2300 3272 facultate
2324 3180 2566 3248 substi-

281 3312 311 3352 ι(
347 3289 589 3359 tuendi
616 3313 754 3360 non
778 3292 1177 3372 abutantur,
1205 3300 1272 3357 et
1300 3288 1665 3357 canonicus
1709 3288 2120 3356 substituens
2168 3288 2262 3355 sit
2267 3310 2565 3378 praesens

278 3419 308 3458 «
351 3395 424 3464 in
452 3398 756 3466 civitate.
787 3397 1058 3489 Insuper
1091 3398 1197 3465 die
1230 3397 1317 3464 24
1343 3397 1560 3465 martii
1587 3396 1783 3483 1612,
1815 3397 1902 3464 ita
1930 3396 2265 3464 constituit
2295 3418 2311 3461 z
2348 3397 2563 3462 Sacra

277 3522 308 3562 ‹<
334 3502 781 3596 Conqreqatio
803 3503 1147 3594 respondit
1166 3501 1261 3570 ad
1261 3503 1573 3592 primum
1580 3553 1603 3584 ,
1626 3524 1729 3570 eos
1748 3514 2019 3569 tantum
2044 3501 2166 3590 qui
2188 3500 2260 3566 in
2285 3500 2569 3566 civitate

278 3631 308 3670 α
338 3609 452 3677 ubi
479 3624 577 3679 est
603 3609 1035 3690 cathedralis,
1057 3609 1165 3674 vel
1195 3608 1271 3673 in
1300 3608 1438 3696 ejus
1461 3607 1798 3673 suburbiis
1830 3618 1989 3673 sunt
2008 3615 2400 3693 praesenteS,
2430 3623 2567 3667 non

280 3738 310 3780 (ι
340 3729 569 3786 autem
599 3716 775 3784 alios
791 3737 986 3806 posse
1003 3712 1423 3781 substituere.
1457 3711 1568 3778 Ad
1589 3709 1978 3794 secundum,
2002 3729 2276 3774 causam
2304 3728 2440 3772 non
2464 3728 2564 3772 re-

280 3845 310 3885 «
346 3824 533 3914 quiri
559 3822 660 3891 ad
676 3817 1250 3892 substituendum.
1305 3815 1504 3900 Quod
1541 3837 1689 3884 vero
1714 3813 1981 3881 monuit
2012 3809 2460 3901 Conqreqatio
2486 3823 2565 3879 ut

281 3950 311 3990 ι(
350 3931 692 4021 Episcopo
721 3927 904 3996 cordi
925 3928 1018 3995 sit
1046 3949 1128 3994 ne
1147 3922 1461 3994 canonici
1488 3945 1566 3991 ea
1591 3917 2375 4009 substituendifacultate
2398 3917 2568 3986 ¹abu-

279 4056 310 4095 «
356 4047 628 4123 tantur,
660 4058 731 4103 eo
755 4033 1071 4124 respexit,
1127 4054 1210 4100 ne
1255 4029 1766 4099 substitutiones
1801 4022 2197 4117 hujusmodi
2249 4023 2391 4090 sint
2448 4025 2563 4092 ni-

279 4163 310 4204 «
351 4143 577 4210 mium
599 4144 1001 4233 frequenteS,
1025 4137 1206 4229 quod
1225 4137 1552 4228 Episcopi
1573 4136 1701 4203 erit
1723 4133 2030 4201 arbitrio.
2053 4158 2088 4196 ))
2123 4132 2340 4199 Aliam
2371 4132 2568 4198 refert

277 4242 435 4333 (loco
464 4247 686 4339 citato)
716 4248 1107 4315 decisionem
1136 4243 1523 4312 Benedictus
1550 4239 1731 4329 XlV,
1779 4261 1908 4330 qua
1940 4238 2306 4307 declaratur
2339 4235 2568 4301 absen-

276 4354 365 4421 tes
393 4375 431 4422 a
451 4353 707 4423 civitate
733 4358 796 4423 et
825 4351 1155 4422 suburbiis
1184 4371 1316 4419 non
1355 4369 1539 4438 posse
1569 4344 1696 4416 sibi
1732 4346 2017 4436 aliquem
2046 4342 2471 4414 substituere,
2505 4331 2567 4391 et
