2930 4982
401 329 425 381 1
444 327 522 381 24
1369 330 1713 380 TRACTATUS

397 455 788 525 nonicorum
814 455 880 522 in
914 454 1162 522 statutis
1181 452 1452 542 aliisque
1468 446 1997 541 dispositionibus
2020 471 2037 533 ;
2071 469 2193 516 nec
2216 452 2472 518 tenetur
2499 452 2685 520 emit-

396 565 528 628 tere
553 559 1012 650 professionem
1042 558 1219 637 fidei,
1250 578 1370 624 nec
1409 554 1714 643 insigniri
1744 552 2057 644 gradibus
2087 554 2475 622 academicis
2499 553 2683 646 (quos

397 666 689 755 alioquin
737 664 1096 754 requireret
1142 663 1292 731 coad
1292 662 1422 752 juti
1460 660 1759 749 munus),
1790 660 2084 750 quandiu
2113 661 2271 728 vivit
2314 661 2679 751 coadjutuS,

398 770 505 838 sed
536 776 784 836 tantum
809 770 1071 859 quando
1103 769 1200 835 illi
1231 774 1490 836 mortuo
1514 765 1815 835 succedit.

488 875 795 943 Interesse
814 874 1097 966 capitulo
1124 875 1531 965 prohibetur,
1551 873 1747 942 etiam
1767 872 2027 940 absente
2052 872 2230 963 coadj
2241 877 2373 940 uto.
2402 872 2681 942 Effectus

399 978 708 1047 inhabilis
755 980 835 1047 ad
883 980 1219 1049 servitium
1268 980 1592 1065 Ecclesiae,
1621 978 1803 1047 verbi
1840 978 2066 1068 gratia,
2110 979 2165 1047 si
2197 979 2420 1047 evadat
2446 1000 2698 1061 caecuss

397 1084 634 1151 amittit
652 1087 765 1175 jus
788 1086 867 1153 ad
899 1089 1391 1163 successionem.
2205 1082 2216 1097 “

486 1188 633 1259 Non
663 1214 893 1261 verum
921 1199 1013 1261 est
1044 1195 1167 1286 ipsi
1195 1195 1414 1264 deberi
1445 1218 1671 1264 omnes
1695 1194 2215 1287 praeeminentias
2247 1191 2541 1281 coadjuto
2570 1191 2679 1260 de-

398 1295 584 1378 bitaS,
616 1321 736 1389 pro
763 1322 892 1389 quo
918 1302 1066 1369 vide
1110 1304 1289 1370 varia
1317 1304 1571 1371 decreta
1610 1302 1815 1371 Sacrae
1852 1298 2381 1390 Congregationis
2408 1295 2678 1364 Rituum

399 1422 437 1469 a
460 1401 905 1474 Scarfantonio
935 1409 1131 1475 relata
1161 1407 1230 1498 (t.
1267 1408 1318 1493 l,
1349 1431 1496 1500 pag.
1521 1409 1607 1476 68
1632 1413 1694 1476 et
1722 1407 1834 1490 69,
1863 1408 2055 1474 editio
2080 1404 2416 1482 Lucensis,
2454 1401 2672 1491 1723).

488 1507 659 1589 Quid
684 1510 762 1579 de
789 1512 1030 1581 talibus
1059 1515 1474 1605 coadjutoriis
1501 1514 1710 1604 quoad
1743 1513 2041 1602 generale
2089 1511 2387 1579 Ecclesiae
2425 1510 2677 1577 bonum

399 1615 809 1684 sentiendum
842 1618 945 1703 sit,
971 1620 1123 1687 satis
1145 1620 1363 1710 colligi
1389 1626 1595 1711 potest
1624 1642 1699 1688 ex
1733 1619 2148 1708 sequentibus
2178 1616 2501 1685 Benedicti
2524 1614 2681 1684 XIV

398 1719 1064 1794 animadversionibus
1095 1748 1111 1792 ε
1150 1751 1185 1791 «
1211 1725 1402 1794 Juxta
1440 1745 1652 1794 sacros
1699 1745 2003 1810 canoneS,
2063 1723 2511 1812 synodumque
2535 1721 2682 1790 Tri-

409 1851 443 1889 «
472 1826 832 1918 dentinam,
891 1830 1066 1898 haud
1108 1833 1575 1922 permittuntur
1614 1830 2014 1919 coadjutores
2050 1850 2124 1895 ea
2176 1826 2568 1913 conditione,
2608 1832 2680 1894 ut

410 1958 443 1997 «
476 1933 555 2000 ad
586 1936 1001 2005 canonicatus
1026 1937 1132 2004 vel
1182 1937 1491 2006 inferiora
1534 1936 1851 2005 beneficia
1880 1934 2326 2002 admittantur.
2360 1932 2529 2000 Nam
2558 1932 2681 1999 hu-

407 2064 441 2103 «
467 2040 760 2127 jusmodi
820 2044 1233 2133 coadjutoriis
1267 2045 1494 2112 alienae
1549 2043 1775 2111 mortis
1803 2041 2196 2109 desiderium
2241 2039 2551 2106 inhaerere
2582 2059 2680 2105 so·

411 2144 578 2224 «let,
601 2149 773 2234 quod
802 2149 1081 2217 maxime
1108 2150 1481 2218 adversatur
1505 2149 1701 2241 capiti
1726 2145 2153 2229 Detestanda,
2173 2151 2269 2214 De
2289 2144 2682 2213 concessione

411 2277 445 2316 «
468 2253 863 2341 proebendoe,
895 2254 969 2323 in
1003 2268 1208 2324 sexto.
1245 2257 1549 2325 Attamen
1584 2255 1863 2323 Romani
1907 2255 2276 2338 PontificeS‚
2312 2253 2425 2342 qui
2465 2250 2680 2319 solum

411 2383 443 2420 «
473 2358 540 2425 id
587 2366 876 2449 possunt,
908 2360 1257 2450 aliquando
1286 2364 1695 2452 coadjutores
1723 2362 2111 2445 concedunt,
2152 2361 2240 2428 ita
2267 2365 2340 2426 ut
2368 2361 2436 2426 in
2486 2378 2681 2425 cano-

409 2486 444 2527 «
471 2461 723 2532 nicatus
753 2470 815 2533 et
849 2465 1154 2536 inferiora
1177 2468 1492 2538 beneficia
1519 2468 1752 2538 deinde
1791 2468 2243 2556 subrogentur.
2290 2491 2325 2530 »
2377 2464 2680 2553 (Institu-

405 2567 612 2646 tiones
640 2569 1112 2659 ecclesiasticae,
1142 2576 1292 2643 inst.
1334 2575 1488 2664 107,
1520 2576 1561 2667 ξ
1588 2576 1655 2655 9,
1681 2598 1748 2644 n.
1777 2572 1918 2665 65.)

489 2673 593 2741 An
623 2674 805 2744 lucra
854 2683 1294 2769 provenientia
1330 2703 1404 2749 ex
1452 2682 1851 2771 punctaturis
1878 2684 1940 2748 et
1979 2678 2281 2747 absentiis
2324 2674 2683 2744 canonico-

398 2804 573 2867 rum,
609 2806 752 2872 quae
801 2788 1223 2875 praesentibus
1255 2794 1655 2868 accrescunt,
1683 2788 2034 2856 debeantur
2066 2783 2395 2853 canonicis
2424 2782 2681 2870 coadju-

397 2889 672 2976 toribUS,
716 2892 848 2959 sive
899 2876 1113 2984 potius
1153 2894 1512 2983 coadjutis‘?
1568 2933 1659 2946 —
1704 2894 1898 2963 Sacra
1946 2889 2372 2979 Congregatio
2420 2886 2679 2955 concilii

400 2994 512 3086 (10
539 2999 796 3086 augusti
825 2998 1018 3090 1730)
1044 3001 1412 3091 respondit:
1443 3000 1682 3069 Deberi
1714 2995 2043 3068 canonicis
2070 2993 2418 3085 coadjutis.
2464 2991 2677 3084 (Apud

395 3098 820 3170 Benedictum
849 3103 1026 3188 XlV,
1064 3106 1206 3173 loco
1234 3104 1480 3195 citato.)

412 3283 419 3290 ‚
483 3205 630 3275 Non
652 3211 955 3301 competit
977 3211 1334 3300 coadjutori
1352 3211 1773 3300 privilegium
1797 3206 2132 3277 abessendi
2148 3227 2184 3274 a
2207 3205 2406 3273 choro
2428 3207 2489 3268 et
2507 3198 2679 3266 nihi·

394 3313 682 3382 lominus
714 3309 1010 3383 lucrandi
1038 3317 1287 3386 fructus
1315 3318 1417 3386 sui
1446 3316 1749 3385 beneficii
1786 3337 1860 3383 ex
1885 3336 2077 3383 causa
2109 3311 2468 3381 studiorum
2494 3331 2510 3390 3
2545 3327 2675 3395 quo

397 3423 612 3485 tamen
648 3420 989 3511 privilegio
1029 3424 1315 3513 gaudent
1342 3422 1665 3509 canonici,
1692 3421 1815 3490 sub
1867 3421 2057 3489 certis
2097 3415 2493 3508 quibusdam
2521 3431 2676 3480 con-

394 3524 775 3594 ditionibus.

1309 3698 1599 3759 CAPUT
1655 3695 1768 3755 XV

1030 3886 1105 3930 DE
1147 3847 1457 3930 CANONIGIS
1504 3879 2055 3929 SUPERNUMERARIIS

485 4072 543 4137 1.
585 4095 617 4134 «
656 4071 813 4141 Tres
841 4078 994 4141 sunt
1017 4073 1291 4141 istorum
1317 4069 1784 4138 canonicorum
1812 4062 2538 4158 supranumerariorum
2562 4056 2677 4124 dif-

396 4200 433 4242 «
461 4177 747 4246 ferentiae
782 4203 798 4246 ε
842 4178 1087 4263 Prima,
1114 4201 1341 4248 eorum
1369 4178 1484 4267 qui
1515 4181 1669 4245 sunt
1698 4176 1895 4243 creati
1926 4196 1963 4240 a
2009 4172 2186 4260 Papa
2212 4190 2364 4236 cum
2426 4184 2676 4255 exspec-

395 4308 432 4349 «
460 4284 680 4372 tativa,
718 4286 1040 4352 nimirum
1066 4285 1308 4373 quibus
1332 4284 1507 4373 Papa
1532 4282 1806 4351 contulit
1825 4278 2281 4348 canonicatum
2312 4281 2373 4340 et
2392 4271 2679 4362 praeben·

399 4415 434 4455 «
463 4390 611 4458 dam
643 4393 856 4480 primo
905 4396 1277 4459 vacaturam
1325 4390 1393 4457 in
1433 4388 1747 4472 ecclesia;
1806 4383 2087 4457 secunda
2115 4402 2343 4450 eorum
2388 4377 2676 4468 quisunt
