2930 4982
1197 367 1278 413 DE
1324 367 1654 416 eumuna.
2444 365 2467 419 ¹
2486 364 2517 419 3
2531 364 2565 419 3

284 483 475 551 rarios
547 483 778 572 quales
858 484 1054 552 hodie
1120 491 1393 574 exstant,
1469 489 1648 556 verbi
1718 488 1946 577 gratia,
2024 487 2096 554 in
2164 487 2401 577 Gallia,
2479 499 2572 560 sat

285 595 750 664 recentioribus
823 597 1163 688 incoepisse
1238 599 1667 691 temporibus.
1748 598 1818 667 ld
1889 604 2106 667 tamen
2176 599 2571 671 doctioribus

276 702 769 790 expendendum
799 703 1126 792 relinque.

1353 878 1475 957 §3

277 1056 339 1094 AN
370 1057 637 1100 LEGleA
662 1061 745 1099 SIT
770 1059 997 1100 CREATlo
1020 1059 1274 1099 CANONICI
1305 1060 1447 1099 MERE
1477 1059 1803 1113 HONORARII,
1828 1059 1918 1105 Qm
1950 1059 2182 1099 sennem·
2219 1059 2562 1101 nummum

869 1156 1155 1197 INSERVIAT
1182 1157 1445 1198 ECCLESIAE
1474 1159 1562 1197 CUI
1588 1118 1951 1198 Anscmnlwn.

354 1326 676 1397 Vidimus
705 1350 924 1419 supra,
960 1349 1091 1396 non
1132 1328 1388 1396 admitti
1421 1333 1734 1416 tanquam
1769 1326 2012 1395 licitam
2044 1348 2082 1394 a
2117 1326 2424 1414 Fagnano
2458 1350 2564 1397 re·

269 1436 633 1524 ceptionem
666 1434 964 1501 canonici
985 1433 1228 1522 absque
1256 1432 1628 1523 praebenda,
1657 1431 1784 1499 nisi
1811 1430 1922 1498 fiat
1939 1454 2020 1499 ex
2044 1453 2266 1512 causa,
2285 1444 2465 1522 puta
2485 1447 2562 1503 ut

269 1552 559 1631 receptus
638 1539 959 1607 inserviat
1029 1538 1522 1628 antiquioribus
1600 1536 1934 1606 canonicis
1993 1548 2057 1604 et
2120 1537 2425 1606 ecclesiae.
2486 1542 2563 1607 In

280 1647 612 1714 Thesauro
638 1651 874 1714 autem
914 1644 1402 1712 resolutionum
1459 1666 1658 1713 sacrae
1710 1643 2244 1734 Congregationis
2297 1643 2562 1712 concilii

266 1752 445 1841 (tom.
472 1753 683 1838 LVII,
715 1774 864 1844 pag.
901 1751 967 1842 8)
996 1752 1201 1820 videri
1227 1758 1432 1843 potest
1455 1751 1784 1843 quomodo
1812 1750 2194 1819 secretarius
2218 1750 2298 1819 ad
2334 1772 2559 1820 casum

270 1854 362 1923 ibi
395 1859 797 1952 propositum
835 1880 1071 1948 anceps
1105 1859 1371 1944 haereat,
1409 1864 1472 1926 et
1513 1858 1737 1926 saltem
1779 1863 2093 1948 tanquam
2134 1857 2410 1926 dubium
2446 1880 2557 1927 re-

149 2048 167 2063 .
264 1960 520 2053 linquat
547 1971 774 2034 utrum
803 1966 1002 2056 possit
1039 1965 1272 2053 aliquis
1299 1964 1424 2031 sub
1462 1966 1730 2032 nomine
1758 1964 2063 2035 canonici
2101 1965 2448 2031 honorarii
2473 1967 2561 2033 ita

259 2070 489 2161 recipi,
524 2078 601 2139 ut
622 2071 805 2139 omni
830 2076 1036 2139 careat
1055 2073 1208 2162 jure
1236 2069 1561 2138 canoniali
1592 2076 2023 2160 praeterquam
2063 2069 2146 2137 ad
2168 2069 2552 2156 honorifica,

229 2177 580 2256 nominis,
613 2174 819 2260 stalli‚'
839 2185 902 2244 et
928 2177 1315 2266 insignium.
1349 2175 1715 2244 Recentiori
1743 2176 1939 2243 etiam
1969 2180 2291 2263 tempore,
2322 2198 2558 2266 nempe

250 2279 363 2346 die
397 2281 444 2346 6
479 2282 970 2367 augustiiSOS,
1004 2282 1078 2346 in
1106 2282 1497 2347 documento
1526 2300 1725 2366 supra
1753 2278 2163 2366 transcripto,
2195 2280 2412 2346 videre
2441 2286 2557 2367 est,

252 2384 597 2472 quomodo
623 2384 1003 2452 secretarius
1030 2406 1164 2452 non
1196 2384 1428 2469 audeat
1464 2383 1753 2452 absolute
1780 2384 2104 2452 affirmare
2134 2405 2316 2475 posse
2353 2387 2556 2454 creari

247 2491 606 2559 canonicos
644 2491 1045 2573 honorarios,
1076 2491 1201 2560 nisi
1241 2490 1364 2559 sub
1387 2490 1790 2560 restrictione
1817 2512 1855 2559 a
1894 2489 2206 2581 Fagnano
2231 2494 2546 2585 apposita,

252 2593 315 2661 id
340 2600 465 2675 est,
497 2617 572 2663 ex
592 2618 810 2685 causa,
838 2597 922 2664 ita
945 2604 1018 2664 ut
1039 2597 1398 2666 inserviant
1420 2598 1729 2665 ecclesiae.

335 2702 427 2769 At
486 2724 918 2794 quaecumque
974 2704 1168 2772 fuerit
1221 2705 1345 2771 hac
1396 2705 1474 2772 de
1527 2726 1598 2771 re
1645 2706 2011 2795 priscorum
2059 2706 2545 2775 canonistarum

260 2807 502 2898 opini0‚
536 2803 623 2877 de
653 2809 819 2877 facto
854 2811 1129 2878 invaluit
1161 2832 1306 2878 mos
1331 2809 1716 2899 hujusmodi
1754 2810 2103 2878 canonicos
2139 2832 2317 2893 mere
2343 2810 2550 2878 hono-

262 2914 453 2982 rarios
487 2914 869 3005 recipiendi,
899 2920 974 2982 ut
1007 2916 1280 2983 advertit
1304 2914 1507 2982 Nardi
1536 2914 1681 3005 (Dei
1710 2913 2021 2998 Parochi‚
2048 2919 2099 2978 t.
2141 2911 2223 2997 ll,
2259 2935 2326 3002 p.
2363 2913 2542 3006 307).

269 3042 298 3081 «
330 3017 530 3111 Viget
573 3008 768 3088 hodie
809 3018 940 3110 (ait)
981 3021 1054 3087 in
1087 3020 1391 3086 universo
1422 3019 1582 3086 orbe
1620 3017 1937 3084 catholico
1972 3037 2127 3084 usus
2162 3015 2551 3090 honorarios

267 3147 297 3187 α
332 3127 683 3195 canonicos
726 3124 992 3194 creandi
1050 3123 1365 3214 quosdam
1408 3123 1677 3191 clericos
1717 3121 2007 3190 doctrina
2047 3128 2109 3190 et
2150 3116 2402 3192 meritis
2441 3127 2548 3194 in-

268 3254 298 3293 «
335 3231 581 3321 signeS.
626 3230 698 3299 Id
747 3230 994 3315 Romae,
1041 3253 1191 3320 quae
1229 3230 1560 3321 exemplar
1601 3234 1694 3296 est
1740 3230 1985 3297 caeteris
2017 3229 2328 3317 ecclesiiS‚
2366 3231 2427 3299 id
2474 3234 2546 3301 in

272 3361 300 3400 α
331 3337 714 3425 Germania,
760 3337 962 3423 ltalia,
995 3338 1270 3428 aliisque
1297 3335 1679 3427 regionibus
1707 3336 2173 3426 frequentatur.
2217 3335 2292 3405 In
2337 3337 2545 3408 Gallia

274 3467 306 3506 «
342 3446 506 3512 item
556 3444 763 3513 solent
806 3446 855 3512 ii
898 3447 1279 3530 sacerdotes,
1324 3467 1613 3536 quorum
1658 3444 1908 3512 eximia*
1947 3445 2353 3513 aestimantur
2391 3468 2547 3536 erga

268 3574 299 3613 (ι
330 3550 721 3640 religionem
746 3556 944 3639 gesta,
976 3552 1163 3619 titulo
1188 3553 1658 3620 canonicorum
1687 3550 2194 3619 honorariorum
2223 3552 2544 3620 condeco-

264 3678 297 3718 «
328 3656 462 3723 rari
504 3662 566 3723 et
613 3654 965 3723 cathedrali
1001 3656 1288 3744 capitulo
1329 3657 1629 3725 adscribi.
1663 3680 1699 3720 »
1737 3655 2050 3743 intelligit
2088 3661 2306 3721 autem
2346 3654 2544 3723 Nardi

263 3758 634 3830 honorarios
668 3761 929 3854 proprie
954 3761 1159 3828 dictos
1183 3784 1202 3842 3
1238 3760 1415 3827 addit
1432 3762 1614 3827 enim
1643 3784 1658 3823 ι
1698 3783 1735 3821 «
1762 3758 2131 3825 Canonicus
2156 3758 2544 3831 honorarius

264 3891 293 3929 α
318 3869 432 3955 jus
472 3889 608 3936 non
633 3868 827 3936 habet
855 3868 936 3935 ad
975 3868 1437 3937 canonicatum
1468 3869 1890 3934 vacaturum:
1926 3863 1993 3930 id
2021 3863 2199 3931 enim
2236 3873 2397 3946 esset
2431 3870 2543 3960 jus

267 3996 296 4036 «
324 3995 392 4041 ex
399 3975 761 4065 spectativae
779 3999 796 4059 3
820 3997 1013 4067 porro
1034 3976 1372 4067 exspectati
1379 3996 1474 4043 vae
1489 3996 1526 4042 a
1542 3971 1816 4042 concilio
1830 3969 2213 4040 Tridentino
2226 3975 2544 4067 abrogatae

268 4102 299 4140 «
333 4086 484 4149 sunt
504 4082 678 4173 (sess.
710 4104 888 4162 xxiv,
923 4104 983 4151 c.
1025 4082 1155 4173 19).
1180 4082 1337 4150 Item
1369 4103 1505 4149 non
1524 4079 1719 4147 habet
1738 4100 1962 4147 vocem
1994 4080 2062 4147 in
2086 4082 2390 4172 capituIO,
2420 4106 2540 4154 nec

268 4188 437 4276 «jus
466 4187 645 4255 aliud
670 4188 1157 4277 quodcumque,
1202 4194 1635 4279 praeterquam
1663 4184 1743 4252 ad
1772 4185 2059 4254 nominis
2090 4192 2151 4254 et
2173 4187 2535 4278 insignium

266 4314 297 4352 «
335 4292 716 4360 honorifica.
747 4292 1072 4362 Differunt
1090 4294 1467 4383 hujusmodi
1489 4292 1786 4359 canonici
1805 4291 2136 4360 honorarii
2159 4315 2196 4361 a
2215 4315 2538 4382 suprann-

264 4419 298 4461 ιι
335 4399 632 4468 merariis
662 4422 823 4490 quos
857 4400 1190 4469 constituit
1221 4398 1538 4470 Summus
1569 4397 1857 4466 Pontifex
1898 4419 2055 4465 cum
2093 4396 2533 4484 exspectativa‚
