2930 4982
1206 312 1288 359 DE
1333 310 1665 359 cunnus.
2506 303 2581 359 71

288 454 402 524 pro
431 431 544 499 tali
573 431 937 500 secundum
969 433 1443 523 reputationem
1473 433 1626 517 loci,
1653 436 1845 522 atque
1875 431 1965 499 ita
1992 429 2409 500 verissimum
2455 453 2594 501 ma-

288 546 474 609 net...
507 562 640 607 non
671 561 861 629 posse
892 539 1053 607 tradi
1077 546 1324 607 certam
1367 540 1664 628 regulam
1701 539 1779 607 de
1807 537 2259 628 dignitatibus»,
2294 538 2401 606 sed
2433 560 2591 607 con·

287 647 612 714 suetudini
643 649 747 736 cuj
761 669 963 736 usque
992 647 1278 715 ecclesiae
1306 647 1373 714 id
1403 646 1905 735 relinquendum
1934 666 2091 713 esse.
2183 666 2186 669 ·

375 778 407 816 «
430 752 559 821 llla
571 755 750 821 enim
780 753 1041 845 (nempe
1061 752 1884 845 consuetudo).plurimum
1911 756 2214 843 operatur
2230 752 2308 819 ad
2333 750 2594 843 dignos-

254 861 559 941 cendum
590 884 894 950 quaenam
926 863 1008 929 sit
1036 864 1251 952 prima
1281 862 1568 951 dignitas
1609 862 1678 928 in
1735 860 1956 949 aliqua
1993 859 2297 941 ecclesia3
2340 865 2402 926 et
2443 859 2586 929 ideo

282 967 647 1035 attenditur¹
682 970 896 1058 potius
937 969 1204 1037 solitum
1245 969 1452 1058 ipsius
1486 968 2036 1055 ecclesiae,·quam
2062 967 2172 1055 jus
2209 987 2578 1034 commune.

373 1099 409 1137 «
437 1075 505 1139 4.
542 1073 860 1157 Probatur
877 1076 1074 1143 etiam
1103 1075 1387 1164 dignitas
1407 1096 1543 1142 esse
1569 1074 1716 1142 talis
1741 1072 1860 1140 ubi
1879 1072 2076 1139 etiam
2130 1070 2429 1139 obtinens
2475 1072 2587 1139 ha·

282 1180 385 1249 bet
403 1180 1040 1248 administrationem
1063 1204 1281 1248 rerum
1312 1181 1894 1249 ecclesiasticarum
1928 1200 2080 1246 cum
2103 1176 2583 1266 jurisdictione.

373 1314 413 1352 «
440 1287 508 1354 5.
537 1287 784 1355 Pariter
805 1289 1089 1377 dignitas
1117 1289 1361 1356 dicitur
1397 1288 1513 1355 ubi
1543 1288 1727 1354 illam
1753 1286 2057 1354 obtinens
2109 1284 2308 1351 babet
2331 1304 2586 1373 praero-

276 1393 522 1480 gativas
553 1394 817 1461 sedendi
844 1399 990 1462 ante
1022 1394 1206 1477 alios,
1237 1399 1370 1461 tam
1403 1394 1474 1460 in
1504 1395 1705 1462 choro
1731 1414 1932 1482 quam
1963 1393 2036 1457 in
2066 1389 2376 1479 capitulo,
2425 1410 2578 1456 curn

276 1499 547 1566 nomine
577 1501 936 1588 dignitatis,
968 1501 1271 1590 quamvis
1306 1488 1831 1590 jurisdictionem
1868 1519 2001 1564 non
2033 1496 2284 1564 habeat.
2331 1520 2364 1557 n
2401 1494 2581 1585 (Bar-

274 1603 452 1691 bosa,
486 1609 581 1673 De
608 1607 967 1693 canonicis,
997 1628 1142 1698 cap.
1172 1607 1235 1674 4.
1246 1607 1266 1697 )

372 1737 408 1775 «
436 1711 529 1779 Ex
557 1714 800 1802 quibus
843 1715 1065 1804 primo
1095 1714 1432 1802 colligitur
1480 1712 1983 1803 praeposituram
2023 1731 2153 1777 non
2198 1730 2331 1776 esse
2363 1692 2584 1796 digni·

270 1829 498 1901 tatem,
528 1822 682 1911 quia
712 1845 845 1890 non
874 1822 1068 1890 habet
1101 1844 1341 1893 nomen
1376 1844 1612 1891 sonans
1637 1824 1707 1889 111
1738 1821 2123 1910 dignitatem
2153 1840 2191 1886 a
2209 1821 2361 1908 jure
2390 1840 2578 1886 com-

269 1930 459 1996 muni
493 1928 968 2010 introductum,
1003 1933 1065 1995 et
1097 1935 1568 2019 consequenter
1604 1930 1899 2001 officium
1933 1927 2376 2017 appellatur...
2439 1924 2576 1992 Hoc

266 2035 721 2112 verissimum,
760 2036 1013 2102 etiamsi
1058 2038 1442 2126 praepositus
1479 2035 1723 2102 sederet
1784 2041 1933 2101 ante
1963 2054 2194 2101 omnes
2245 2034 2309 2098 in
2346 2030 2568 2116 choro,

263 2143 420 2231 quia
447 2162 565 2230 per
584 2142 708 2209 hoc
726 2147 1278 2208 ,noncenseretur
1304 2142 1545 2209 habere
1574 2140 1988 2229 dignitatem,
2021 2138 2147 2206 nisi
2195 2160 2268 2204 ex
2298 2157 2570 2204 consue-

263 2247 500 2314 tudine
531 2246 864 2327 Ecclesiae,
909 2247 1012 2311 vel
1037 2247 1119 2312 de
1164 2246 1639 2312 consuetudine
1670 2246 1801 2310 loci
1839 2245 2016 2309 aliud
2057 2244 2281 2307 fuisset
2323 2240 2572 2304 iustitu-

257 2360 473 2426 tum3
515 2350 1191 2437 quiapraeeminentia
1237 2349 1506 2416 sedendi
1552 2353 1646 2415 est
1677 2349 1943 2436 signum
1985 2351 2387 2437 persomme,
2439 2365 2567 2410 non

258 2454 657 2545 dignitatis3
697 2455 796 2524 vel
828 2455 954 2525 nisi
984 2457 1201 2547 prima
1244 2458 1314 2524 in
1362 2457 1712 2525 cathedrali
1741 2461 1853 2524 aut
1899 2455 2230 2545 collegiata
2267 2474 2377 2521 5511
2421 2473 2565 2520 con·

260 2563 554 2632 ventuali
604 2561 915 2646 existeret,
966 2564 1067 2631 vel
1106 2564 1374 2631 haberet
1410 2564 1533 2631 sub
1563 2587 1629 2631 se
1659 2564 1908 2631 clerum
1935 2571 1997 2631 et
2022 2563 2320 2654 capellas.
2367 2586 2401 2625 1)
2456 2559 2568 2650 (De

266 2670 690 2762 praepositura
717 2669 850 2758 agit
878 2669 1120 2738 iterum
1146 2669 1452 2755 Barbosa,
1484 2695 1540 2739 c.
1572 2671 1640 2754 9,
1673 2682 1743 2739 n⁰
1779 2670 1913 2761 14.)

360 2803 395 2841 ι(
420 2776 722 2844 Secundo
752 2776 1084 2865 colligitur
1125 2777 1641 2845 primiceriatum
1668 2778 2147 2857 esseot'ficium,
2182 2797 2313 2841 non
2351 2773 2564 2860 digni-

271 2888 513 2949 tatem..
529 2933 545 2949 .
565 2882 756 2949 Tunc
776 2882 1252 2971 primiceriatus
1273 2890 1368 2951 est
1385 2884 1690 2971 dignitaS,
1717 2882 1979 2970 quando
1997 2881 2314 2970 probatur
2351 2880 2564 2966 ipsum

273 2989 606 3056 communi
626 2988 935 3078 opinione
959 2988 1264 3055 habitum
1292 2989 1486 3070 tuisse
1506 3010 1628 3077 pro
1651 2988 1963 3074 dignitate
1994 3013 2011 3072 ;
2047 2985 2202 3052 alias
2221 2995 2425 3051 555115.
2451 3036 2456 3041 .

364 3123 397 3159 «
422 3096 641 3163 Tertio
673 3093 1008 3181 colligitur
1034 3092 1414 3160 Plebaniam
1438 3091 1730 3159 officium
1762 3092 2092 3181 appellari,
2127 3113 2256 3158 non
2290 3090 2566 3178 dignita-

278 3208 481 3269 tem...
512 3201 762 3269 etiamsi
791 3200 1110 3289 plebanus
1140 3198 1405 3266 haberet
1427 3221 1653 3267 curam
1683 3198 2049 3265 animarum
2074 3204 2135 3264 et
2167 3198 2564 3287 baptismum

278 3311 331 3370 et
370 3306 680 3391 chrisma,
731 3310 1069 3395 possetque
1116 3306 1483 3395 capellanos
1542 3303 1645 3372 sui
1688 3304 2066 3394 plebanatus
2110 3303 2564 3371 excommuni-

280 3432 437 3493 care,
470 3403 722 3478 mittere
751 3412 1059 3494 edictum,
1083 3418 1149 3478 et
1168 3414 1580 3495 confirmare,
1607 3411 1919 3500 quoniam
1948 3411 2100 3478 talia
2126 3433 2254 3478 non
2283 3412 2564 3478 facerent

278 3519 675 3605 dignitatem,
714 3540 881 3586 cum
920 3525 1177 3606 possent
1222 3521 1301 3587 de
1347 3518 1815 3588 consuetudine
1862 3518 2057 3585 etiam
2099 3518 2179 3584 ad
2224 3516 2563 3583 canoniam

280 3625 590 3718 pertinere
612 3623 857 3690 ratione
874 3643 1007 3688 suae
1038 3626 1426 3712 praebendae,
1455 3630 1519 3690 et
1540 3629 1760 3690 tamen
1787 3622 2142 3690 canonicus
2174 3642 2307 3685 non
2328 3618 2566 3684 dicitur

279 3745 400 3796 esse
422 3731 494 3796 in
517 3730 850 3817 dignitate.

366 3862 398 3900 «
455 3836 708 3905 Verum
757 3834 1021 3923 qua-ndo
1088 3830 1395 3900 Plebania
1451 3836 1614 3897 esset
1668 3829 1740 3895 iti
1807 3804 2161 3915 collegiata,
2229 3827 2560 3918 ipsiusque

280 3943 551 4009 ecclesiae
570 3941 895 4031 plebanus
922 3946 1083 4008 esset
1111 3946 1327 4030 caput,
1354 3938 1746 4027 haberetque
1781 3934 2330 4026 praeeminentiam
2361 3942 2424 4003 et
2453 3939 2563 4026 ju-

282 4042 756 4113 risdictionem
739 4069 809 4113 m
859 4046 1200 4114 canonicos
1230 4046 1537 4132 ecclesiae,
1570 4052 1729 4112 tunc
1768 4041 2177 4111 censeretur
2161 4065 2230 4110 1n
2259 4043 2569 4131 dignitate

283 4156 681 4223 constitutus.
728 4237 735 4243 ⁵
2247 4141 2252 4142 ἶ

374 4288 407 4327 «
433 4263 680 4343 Quarto
707 4261 1032 4350 colligitur
1054 4263 1229 4350 quod
1257 4262 1503 4329 dictum
1528 4264 1622 4327 est
1653 4261 1731 4327 de
1756 4259 2084 4342 Plebanis,
2112 4258 2285 4326 idem
2310 4275 2566 4344 quoque

288 4363 628 4436 dicendum
648 4368 727 4434 de
752 4366 1101 4434 Prioribus,
