2930 4982
1184 308 1262 354 n!
1308 307 1635 356 metronis,
2424 303 2463 358 4
2473 302 2547 359 59

268 424 516 497 deferre
547 427 764 495 aestivo
803 426 1163 517 praesertim
1196 431 1485 517 tempore
1519 448 1710 516 grave
1744 426 1903 496 forte
1933 432 2090 497 erat.
2132 426 2226 497 De
2264 429 2553 499 almutiis

267 535 517 605 mentio
558 533 629 600 fit
665 532 735 600 in
779 532 1054 601 concilio
1096 530 1444 600 Basileensi
1478 532 1649 622 (sess.
1696 533 1855 623 21):
1905 534 2231 604 Canonici
2252 536 2553 606 ecclesias

268 638 737 731 inqrediantur
759 638 1081 706 almutias
1097 638 1206 706 vel
1230 637 1465 728 byreta
1489 650 1777 707 tenentes
1809 639 1880 707 in
1903 642 2139 730 capite.

1359 913 1476 993 §3

263 1088 338 1138 DE
376 1087 709 1133 NECEssAmo
739 1088 889 1130 smus
936 1086 1268 1131 APOSTOLICAE
1304 1090 1537 1130 INDULTO
1568 1090 1637 1130 m·
1682 1090 1936 1131 CANONICI
1973 1064 2278 1132 JNsmmbos
2312 1089 2423 1147 UTI,
2459 1090 2559 1132 AU'I’

1091 1187 1217 1226 11.1.A
1255 1187 1472 1237 Mummi:
1512 1186 1724 1226 Possum·

364 1383 400 1425 «
445 1357 616 1428 Usus
671 1381 784 1428 seu
834 1359 1066 1429 delatio
1112 1383 1332 1452 cappae
1371 1367 1435 1429 et
1476 1360 1776 1450 rochetti,
1827 1361 1990 1453 quin
2040 1363 2175 1439 imo
2217 1361 2412 1431 etiam
2462 1361 2558 1430 al-

275 1491 313 1530 «
356 1467 606 1543 mutiae‚
658 1488 795 1537 non
848 1466 1247 1558 permittitur
1301 1467 1630 1551 canonicis
1682 1469 2132 1549 ecclesiarum,
2195 1473 2323 1537 tam
2373 1467 2560 1535 colle-

265 1595 312 1649 Ι«
351 1573 673 1662 giatarum
701 1594 903 1662 quam
933 1572 1430 1657 cathedralium,
1449 1574 1592 1665 3nisi
1621 1573 1898 1664 speciale
1927 1572 2258 1641 indultum
2286 1572 2563 1642 habeant

273 1704 311 1743 α
356 1700 393 1746 a
439 1678 601 1746 Sede
643 1679 1034 1768 Apostolica‚
1077 1701 1230 1747 cum
1274 1681 1541 1748 illorum
1591 1680 1956 1769 insignium
1998 1679 2316 1749 concessio
2357 1682 2441 1749 sit
2483 1682 2560 1751 de

270 1811 311 1852 «
351 1785 677 1875 regalibus
719 1783 982 1854 Summi
1020 1783 1379 1873 Pontificis,
1420 1809 1634 1879 neque
1676 1786 1890 1874 quoad
1923 1808 1996 1852 ea
2034 1786 2395 1875 quidquam
2432 1793 2559 1852 sta-

272 1916 311 1955 «
355 1898 536 1958 tuere
564 1892 811 1982 possint
836 1890 1167 1981 Episcopi.
1201 1891 1530 1958 Omnibus
1560 1892 1689 1958 illis
1713 1891 1950 1979 quibus
1975 1913 2049 1958 ex
2080 1893 2389 1980 peculiari
2426 1893 2559 1980 pri-

269 2024 310 2064 «
355 1998 784 2086 vilegioillius
815 1994 1074 2088 (nempe
1109 1996 1414 2086 rochetti)
1444 2019 1604 2063 usus
1634 1996 1986 2085 permissus
2016 2018 2147 2063 non
2171 1996 2557 2082 ostenditur,

272 2129 311 2168 «
355 2104 743 2191 intelligitur
766 2126 802 2170 a
825 2105 975 2191 jure
1007 2103 1374 2192 prohibitus
1396 2129 1414 2190 3
1458 2108 1532 2170 ut
1552 2103 1630 2168 de
1644 2103 1929 2170 rochetto
1954 2124 2028 2169 ac
2049 2105 2242 2170 etiam
2258 2103 2336 2189 de
2361 2123 2561 2191 cappa

275 2235 316 2276 «
362 2214 627 2277 testatur
653 2209 973 2278 Corradus
1006 2211 1235 2300 (Praoe.
1276 2210 1516 2309 benef,
1547 2209 1594 2276 l.
1630 2209 1697 2292 2,
1724 2230 1782 2275 c.
1836 2207 1968 2298 14),
2008 2209 2123 2276 ubi
2153 2209 2343 2299 plura
2374 2208 2566 2277 refert

272 2341 312 2380 (ε
357 2314 891 2404 congregationis
928 2317 1178 2387 rituum
1203 2315 1479 2395 decreta,
1517 2337 1591 2384 ac
1632 2337 1907 2382 numero
1937 2314 2023 2381 26
2050 2315 2183 2382 ait:
2217 2313 2563 2405 Episcopos

270 2447 310 2487 «
356 2421 429 2488 in
457 2421 582 2488 hac
612 2419 879 2488 materia
904 2422 1249 2489 habituum
1278 2427 1338 2488 et
1363 2422 1729 2510 insignium
1756 2422 1821 2487 in
1854 2421 2051 2488 choro
2078 2443 2192 2511 per
2219 2421 2561 2488 canonicos

269 2550 307 2590 α
356 2528 849 2615 gestandorum,
885 2550 959 2595 ac
983 2530 1176 2599 etiam
1209 2528 1382 2597 circa
1407 2527 1974 2614 illorumcoloreS,
2008 2527 2262 2595 nullam
2296 2551 2561 2618 prorsus

271 2657 311 2700 «
357 2635 802 2702 auctoritatem
829 2635 1088 2716 habere,
1124 2657 1277 2703 cum
1306 2635 1527 2710 omnia
1549 2634 1632 2704 Pa
1645 2657 1738 2723 pae
1763 2635 1895 2704 sint
1918 2642 2258 2704 reservata.
2284 2660 2320 2699 »
2355 2635 2563 2725 (Scar-

267 2739 619 2826 fantonius,
664 2746 710 2808 t.
743 2740 798 2828 l,
835 2766 904 2832 p.¹
940 2740 1052 2827 37,
1076 2740 1228 2810 edit.
1264 2740 1488 2827 Lucae,
1527 2741 1747 2830 1723.)
1789 2768 1823 2806 ε(
1851 2740 2107 2808 Novum
2130 2742 2397 2826 signum
2432 2739 2563 2807 sive

281 2865 320 2907 «
363 2843 657 2918 habitum
698 2846 770 2913 in
817 2847 1016 2915 choro
1062 2869 1387 2916 assumere
1438 2852 1502 2913 et
1551 2847 1801 2913 deferre
1847 2867 1983 2912 non
2035 2845 2276 2911 debent
2319 2844 2564 2933 absque

273 2972 316 3015 ι(
364 2946 545 3019 Sedis
587 2952 1313 3043 ,Apostolicaeffiindultm
1361 2950 1854 3041 »÷(Monacelli‚.
1894 2952 1993 3018 tit.
2048 2950 2123 3034 2,
2177 2955 2222 3016 t.
2275 2947 2390 3035 lv,
2450 2951 2565 3020 ad-

265 3063 406 3132 not.
450 3057 591 3150 28.)
2250 3107 2253 3114 ,

372 3189 405 3228 «
451 3163 696 3232 Notum
739 3166 983 3256 quippe
1012 3169 1106 3232 est
1149 3162 1555 3253 Episcopum
1594 3161 1877 3249 ins-ignia
1909 3160 2305 3228 beneficiatis
2341 3182 2565 3230 conce-

272 3294 312 3335 «
352 3269 506 3341 dere
549 3293 682 3339 non
724 3291 931 3361 posse,
977 3292 1123 3361 quae
1170 3270 1252 3338 ab
1295 3269 1668 3358 Apostolica
1716 3267 1880 3337 Sede
1925 3272 2078 3335 sunt
2125 3269 2559 3356 concedenda,

275 3404 315 3444 α
362 3378 463 3445 uti
504 3377 575 3445 S.
635 3379 885 3446 rituum
931 3376 1361 3465 Congregatio
1399 3377 1539 3466 jam
1586 3376 1665 3443 ab
1710 3397 1882 3443 anno
1923 3374 2097 3443 1604
2143 3374 2239 3464 (in
2274 3375 2562 3465 Cluensi)

275 3509 315 3549 (ε
360 3483 750 3553 declaravit:
783 3487 916 3554 Nec
949 3483 1249 3551 canonici
1259 3506 1386 3550 >nec
1414 3483 1542 3549 aliz·
1563 3504 1846 3573 cappam
1875 3479 2123 3571 deferre
2142 3482 2404 3570 possint
2430 3480 2568 3546 sine

266 3614 316 3655 .«
362 3613 668 3681 expressa
699 3603 763 3664 et
793 3589 1076 3680 speciali
1105 3588 1381 3655 licentia
1417 3586 1603 3654 Sedis
1636 3586 2054 3676 Apostolicoe.
2099 3611 2134 3650 >³
2172 3585 2589 3673 (Thesaurus,

265 3679 549 3766 resolut.
583 3697 651 3766 S.
686 3692 1218 3785 Congregationis
1235 3690 1534 3773 concilii,
1571 3695 1746 3756 tomo
1774 3688 1932 3755 anni
1967 3688 2162 3769 1828,
2187 3712 2253 3777 p.
2281 3687 2467 3777 264.)

361 3802 437 3871 In
471 3804 610 3893 ipsa
651 3802 1085 3892 capitulorum
1126 3798 1445 3866 erectione
1482 3795 1649 3863 solet
1690 3794 2005 3863 Summus
2042 3792 2332 3860 Pontifex
2371 3793 2568 3861 habi-

267 3915 419 3982 tum
456 3916 517 3975 et
556 3909 776 3998 aliqua
802 3908 1085 3995 insignia
1125 3904 1593 3973 canonicorum
1629 3900 2061 3971 determinare
2087 3901 2220 3968 si've
2259 3923 2375 3992 per
2403 3902 2566 3992 seip-

271 4037 422 4086 sum
442 4017 578 4086 sive
598 4039 716 4108 per
734 4016 1123 4103 delegatum.
1152 4011 1277 4080 Pro
1308 4012 1611 4101 capitulis
1640 4008 1970 4078 hodiernis
1996 4007 2244 4094 Galliae,
2271 4007 2426 4077 Pius
2449 4006 2568 4078 VII

271 4123 345 4194 in
374 4124 558 4196 bulla
587 4121 1350 4211 concordatipotestatem
1382 4140 1569 4185 suam
1590 4116 1919 4186 Cardinali
1942 4115 2240 4206 Caprarae
2267 4117 2347 4183 ad
2376 4114 2566 4181 effec-

245 4228 821 4320 .tum,hujusmodi
861 4227 1144 4315 insignia
1176 4224 1567 4308 concedendi
1597 4245 1888 4313 expresse
1912 4222 2275 4314 delegavit3
2320 4223 2376 4288 is
2417 4235 2566 4283 vero

271 4333 460 4411 illam
491 4335 932 4425 subdelegavit
955 4334 1170 4425 primo
1194 4333 1431 4401 futuris
1450 4330 1811 4424 Episcopis.
