2930 4982
427 399 513 456 60
1400 404 1747 452 'rnAcrAws

418 534 706 597 ruminet
754 527 1219 595 canonicorum
1254 531 1594 610 statutum,
1639 527 1977 595 accedente
2016 550 2336 599 consensu
2381 531 2711 623 Episcopi.

421 634 749 725 (Barbosa,
774 634 914 703 loco
936 633 1184 723 citato.)

504 743 569 810 5.
607 741 667 809 A
697 742 830 810 solo
860 740 1029 830 Papa
1052 738 1276 826 augeri
1305 742 1509 827 potest
1540 737 2009 807 canonicorum
2039 763 2357 812 numerus
2372 744 2441 811 iu
2467 745 2715 837 triplici

412 849 706 939 sequenti
740 870 932 916 casu:
981 844 1228 936 primo,
1262 844 1524 934 quando
1568 843 1852 913 Ecclesia
1889 845 2054 915 facta
2078 855 2176 917 est.
2201 862 2570 918 *ntcmerata
2596 873 2716 941 per

407 963 721 1026 statutum
745 953 1007 1022 Summi
1024 950 1393 1030 Pontificis;
1425 949 1734 1029 secundo,
1756 952 2017 1041 quando
2041 954 2207 1023 facta
2231 962 2325 1024 est
2355 970 2711 1027 numerata

410 1084 526 1153 per
553 1062 927 1129 diuturnam
975 1057 1556 1143 consuetudinem;
1603 1057 1825 1138 tertio,
1872 1061 2316 1147 quandolicet
2351 1077 2709 1134 numerata

406 1170 601 1238 suerit
627 1174 887 1235 tantum
920 1188 1036 1257 per
1069 1165 1467 1256 Episcopum
1509 1170 1572 1232 et
1600 1165 1990 1256 capitulum,
2039 1168 2335 1237 canonici
2367 1172 2709 1257 juramen-

405 1282 548 1344 tum
582 1297 802 1342 coram
829 1273 1000 1364 Papa
1027 1273 1389 1340 emiserunt
1416 1272 1495 1338 de
1521 1274 1982 1360 nonaugendo
2007 1295 2308 1344 numero.
2335 1275 2528 1346 Extra
2562 1280 2707 1349 illos

403 1389 530 1449 tres
558 1403 743 1449 casus
767 1373 967 1470 potest
1006 1400 1326 1446 numerus
1356 1378 1582 1465 augeri
1625 1389 1748 1466 per·
1764 1378 2163 1469 Episcopum
2195 1403 2352 1449 cum
2394 1386 2699 1475 capitulo,

399 1486 598 1554 etiam
628 1489 699 1554 in
728 1484 1012 1553 ecclesiis
1053 1483 1448 1570 numeratis3
1502 1489 1708 1573 potest
1747 1484 2000 1552 scilicet.-
2032 1484 2395 1577 Episcopus
2424 1490 2503 1558 de
2545 1512 2703 1559 oon-

400 1614 595 1661 sensu
621 1592 888 1681 capituli
917 1592 1229 1680 abrogare
1257 1596 1568 1658 statutum
1605 1590 1686 1658 de
1711 1611 1844 1657 nou
1872 1591 2172 1680 augendo
2212 1616 2513 1664 numero.

486 1697 551 1767 6.
591 1723 624 1761 ι(
652 1696 1224 1788 supernumerarii
1242 1695 1551 1765 *canonici
1598 1696 1696 1763 illi
1725 1696 2062 1776 dicuntur,
2098 1698 2217 1787 qui
2254 1699 2324 1767 in
2356 1705 2700 1773 canonico·

410 1832 443 1870 «
470 1829 620 1875 rum
654 1807 1001 1893 collegium
1037 1811 1419 1895 cooptantur
1459 1811 1522 1871 et
1566 1805 1866 1872 canonici
1914 1812 2219 1874 creantur
2259 1808 2699 1881 ultra=nume-

401 1940 434 1978 «
463 1935 614 1981 rum
643 1922 893 1980 certum
923 1912 1423 2002 praebendarum
1443 1917 1506 1978 et
1533 1912 2062 1992 canonicatuum,
2098 1913 2340 2002 absque
2366 1916 2501 1983 ulla
2535 1941 2696 2007 prae-

399 2045 431 2082 (ι
462 2018 670 2086 benda
695 2017 852 2107 ipsis
882 2016 1094 2083 statim
1136 2017 1532 2084 attributa...
1568 2042 1584 2097 ;
1622 2018 1689 2083 in
1719 2017 2009 2084 ecclesiis
2038 2018 2305 2104 scilicet,
2342 2020 2412 2086 in
2455 2023 2695 2110 quibus

395 2125 948 2211 «consuetudine,
995 2125 1362 2214 privilegiO,
1401 2124 1504 2191 vel
1543 2129 1776 2192 statuto
1806 2131 1901 2191 est
1938 2137 2151 2193 certus
2180 2149 2497 2197 numerus
2533 2152 2695 2220 prae-

395 2259 430 2300 «
457 2234 820 2301 bendarum
865 2234 1274 2314 constitutus,
1310 2232 1537 2298 nonin
1579 2231 1759 2298 aliis:
1816 2231 1973 2319 quia
2009 2231 2124 2298 ubi
2171 2255 2300 2300 non
2333 2241 2427 2302 est
2479 2244 2692 2305 certus

391 2363 776 2408 «numerus
817 2339 1312 2429 praebendarum
1353 2339 1456 2405 vel
1485 2340 1981 2414 canonicorum,
2014 2339 2068 2406 si
2110 2361 2286 2408 unus
2327 2348 2438 2409 aut
2469 2343 2689 2434 plures

390 2470 426 2512 «
452 2445 849 2536 recipiantur
874 2447 942 2512 in
966 2445 1340 2523 canonicoS,
1367 2445 1416 2511 ii
1445 2466 1810 2514 numerum
1845 2466 1976 2512 non
2032 2447 2371 2515 excedunt.
2403 2446 2492 2515 lta
2519 2449 2689 2516 Azor

386 2580 419 2618 «
450 2554 519 2621 in
549 2552 1085 2620 Institutionibus
1111 2551 1387 2636 moral.‚
1422 2564 1620 2642 parte
1648 2552 1715 2635 2,
1745 2551 1795 2619 l.
1831 2573 1921 2633 ιιι,
1956 2572 2011 2618 c.
2052 2553 2161 2638 11,
2188 2574 2254 2641 q.
2290 2552 2395 2619 14.
2421 2578 2454 2617 »
2503 2553 2686 2642 (Bar-

380 2662 555 2736 bosa,
590 2663 685 2726 De
731 2682 911 2745 ean.,
940 2681 1079 2748 cap.
1110 2659 1177 2740 3,
1206 2681 1275 2726 n.
1311 2657 1450 2748 12.)

467 2766 532 2832 7.
551 2762 813 2831 Certum
842 2769 937 2831 est
965 2785 1320 2831 numerum
1340 2762 1849 2831 canonicatuum
1878 2769 1941 2831 et
1971 2764 2468 2852 praebendarum
2498 2789 2684 2857 posse

376 2871 443 2939 in
472 2872 799 2961 aliquibus
827 2871 1080 2966 casibus
1099 2872 1180 2939 ab
1205 2871 1549 2961 Episcopo,
1600 2892 1720 2938 con
1731 2874 2046 2940 sentiente
2069 2873 2390 2962 capitulo,
2416 2876 2672 2944 minui:

374 2977 466 3045 sic
502 2981 678 3045 enim
720 2978 1001 3046 decrevit
1034 2978 1407 3047 Concilium
1433 2976 1898 3045 Tridentinum
1947 2980 2123 3064 (sess.
2181 2979 2295 3061 24,
2332 3003 2391 3048 c.
2450 2981 2559 3068 15,
2599 2983 2677 3050 de

374 3081 518 3172 res.)
549 3108 565 3151 :
606 3086 691 3150 In
732 3084 1010 3151 ecclesiis
1054 3084 1551 3153 cathedralibus
1591 3087 1657 3152 'et
1700 3084 2071 3174 colleqiatis
2111 3086 2502 3175 insiqnz’buS,
2561 3086 2679 3155 ubi

365 3191 763 3277 frequentes,
795 3187 1083 3277 adeoque
1110 3201 1329 3256 tenues
1355 3200 1513 3258 sunt
1545 3190 1924 3279 praebendae
1948 3190 2153 3258 simul
2159 3227 2162 3230 ·
2179 3213 2329 3257 cum
2356 3190 2673 3280 distribu-

376 3294 662 3361 tionibus
689 3294 1113 3383 quotidianis,
1140 3307 1217 3363 ut
1241 3295 1627 3363 sustinendo
1655 3295 1910 3362 decenti
1932 3294 2403 3361 canonicorum
2426 3296 2676 3384 qradui

358 3422 492 3492 pro
519 3399 650 3468 loci
673 3412 738 3467 et
758 3422 1199 3491 personarum
1228 3402 1563 3491 qualitate
1593 3423 1726 3467 non
1767 3400 2139 3488 sufficiant,
2176 3401 2375 3467 liceat
2397 3401 2670 3491 Episco-

364 3507 472 3598 pis
502 3528 651 3574 eum
689 3527 998 3572 consensu
1019 3506 1331 3594 capituli,
1366 3505 1473 3573 vel
1500 3505 1767 3594 aliquot
1795 3503 2135 3593 simplicia
2164 3504 2477 3594 beneficia
2508 3512 2667 3594 (non

373 3627 597 3682 tamen
634 3611 995 3704 reqularia)
1038 3613 1118 3679 iis
1144 3613 1336 3679 unire
1354 3636 1380 3692 ,·
1430 3611 1540 3679 vel
1581 3612 1640 3679 si
1672 3612 1797 3679 lzac
1847 3612 2109 3679 ratione
2148 3612 2490 3702 provideri
2532 3636 2665 3682 non

361 3722 598 3811 possit,
623 3718 955 3809 aliquibus
991 3741 1073 3785 ex
1098 3718 1185 3786 eis
1212 3719 1572 3809 suppressis
1604 3717 1784 3808 (cum
1796 3729 2253 3810 patronorum
2276 3739 2587 3786 consensu
2609 3716 2667 3783 si

365 3825 443 3891 de
460 3827 619 3915 jure
634 3838 1049 3917 patronatus
1086 3826 1414 3893 laicorum
1445 3824 1632 3915 sint),
1676 3848 1962 3915 quarum
1999 3827 2263 3914 fructus
2290 3837 2355 3891 et
2369 3845 2661 3915 proven·

369 3942 475 3996 tus
500 3930 910 4019 reliquarum
924 3931 1446 4022 praebendarum
1480 3930 2057 3997 distributionibus
2089 3928 2496 4019 quotidianis
2529 3952 2662 4018 ap-

358 4036 703 4128 plicentur
731 4058 838 4104 eas
879 4037 972 4105 ad
989 4037 1374 4127 pauciorem
1405 4057 1758 4101 numerum
1805 4035 2109 4103 reducere
2124 4057 2154 4119 ,·
2183 4037 2282 4103 ita
2324 4046 2548 4106 tamen
2583 4046 2659 4101 ut

370 4154 470 4210 tot
491 4141 822 4233 supersint
841 4165 986 4225 quae
1013 4141 1235 4210 divino
1277 4140 1495 4209 cultui
1521 4139 1935 4221 celebrande,
1976 4164 2055 4209 ae
2078 4139 2399 4230 diqnitati
2426 4139 2657 4206 Eccle-

366 4250 482 4318 sioe
506 4246 844 4316 commode
887 4248 1161 4316 valeant
1188 4247 1599 4338 respondere.

446 4355 549 4423 Ad
599 4360 842 4423 rectam
889 4354 1385 4441 intelligentiam
1427 4356 1630 4444 hujus
1673 4352 2040 4422 Tridentini
2083 4352 2320 4421 decreti
2348 4352 2648 4442 quaedam

350 4461 740 4529 advertenda
759 4466 913 4529 sunt
935 4484 950 4529 :
962 4459 1190 4551 primo
1197 4512 1216 4547 ,
1240 4460 1508 4530 facultas
1523 4482 1825 4530 concessa
1842 4461 2160 4552 Episcopo
2169 4457 2644 4550 supprimendi,
