2930 4982
332 337 367 391 ‚⁹2
377 339 411 391 6
1301 344 1644 392 TRACTATUS

332 467 519 533 initio
544 466 645 532 sui
670 470 972 533 tractatus
1001 470 1097 533 De
1130 463 1376 532 tuenda
1396 463 1747 531 concordia
1775 464 1953 532 inter
1992 465 2399 556 Episcopum
2424 479 2485 533 et
2514 490 2617 534 ca-

323 571 651 661 pitulum.
2375 663 2379 667 .

418 676 770 746 Discordiae
806 683 1025 745 autern
1068 699 1227 767 quas
1272 683 1589 744 memorat
1629 677 1926 745 laudatus
1974 685 2199 747 auctor
2227 679 2477 747 nemini
2508 681 2624 748 ad-

332 782 660 849 mirationi
691 803 824 850 esse
855 782 1114 868 debent,
1147 782 1392 863 nedum
1423 782 1748 850 scandalo.
1786 781 1955 849 Cum
2004 785 2183 850 enim
2212 784 2625 853 hierarchicae

335 891 402 955 in
431 888 714 956 Ecclesia
742 895 1075 979 potestates
1102 889 1242 958 aliae
1296 890 1438 957 aliis
1487 889 1978 977 subnectantur,
2032 890 2242 957 multa
2272 891 2630 960 necessario

333 993 491 1061 oriri
520 993 886 1061 debuerunt
910 994 1110 1062 dubia
1127 994 1332 1062 donec
1352 995 1872 1084 uniuscujusque
1899 995 2061 1062 fines
2088 994 2443 1062 ultimatim
2483 995 2626 1062 fue-

335 1099 467 1165 rint
487 1099 917 1166 determinati.
948 1100 1228 1169 Ecclesia
1252 1123 1430 1187 ver0,
1445 1100 1729 1191 Spiritus
1746 1102 1949 1169 sancti
1968 1100 2385 1190 inspiratione
2403 1101 2622 1179 ducta,

340 1226 472 1272 non
502 1206 714 1271 statim
743 1205 825 1272 ab
853 1205 1041 1274 initio
1068 1207 1327 1296 legibus
1348 1214 1664 1297 praecavet
1685 1209 1962 1275 orituras
1990 1207 2164 1275 circa
2197 1208 2488 1275 instituta
2511 1227 2629 1273 sua

337 1310 746 1377 difficultates
769 1333 993 1379 omnes
1018 1340 1034 1399 3
1065 1313 1175 1380 sed
1202 1313 1440 1380 sensim
1465 1315 1664 1382 variis
1685 1315 2178 1383 occurrentibus
2199 1312 2479 1393 casibuS‚
2513 1333 2629 1403 eig-

339 1417 668 1505 perientiae
689 1418 1095 1487 documentis
1123 1420 1373 1498 innixa,
1417 1423 1736 1488 rationem
1774 1442 2034 1510 quoque
2062 1419 2306 1487 habens
2333 1419 2632 1486 locorum
2687 1441 2702 1456 ·

302 1530 305 1533 ’
339 1525 401 1586 et
423 1525 819 1610 temporum,
863 1542 1049 1589 suam
1087 1522 1368 1612 complet
1416 1522 1889 1611 legislationem
1911 1550 1930 1609 ;
1964 1528 2157 1609 atque
2185 1521 2274 1588 ita
2317 1520 2635 1587 extr-uitur

341 1625 639 1693 mirabile
678 1628 838 1694 illud
884 1630 1056 1717 juris
1111 1628 1526 1696 ecclesiastici
1584 1627 1965 1714 aedificium,
2013 1630 2205 1719 cujus
2246 1627 2633 1718 sapientiam

341 1731 540 1799 simul
564 1754 718 1800 cum
749 1734 929 1801 suavi
959 1735 1361 1820 fortitudine,
1397 1735 1698 1802 divinum
1728 1735 1977 1824 aliquid
2003 1735 2268 1818 redolet,
2298 1734 2385 1800 ita
2414 1738 2488 1800 ut
2510 1739 2639 1800 stu-

342 1859 568 1928 porem
594 1839 786 1907 etiam
809 1840 887 1908 iis
928 1843 1043 1930 qui
1074 1842 1231 1909 foris
1267 1847 1420 1910 sunt
1446 1862 1581 1909 non
1620 1842 1819 1909 semel
1862 1842 2253 1910 excitaverit.
2284 1841 2454 1909 Cum
2482 1860 2639 1928 ergo

342 1947 744 2014 contendunt
770 1947 916 2014 duae
940 1953 1276 2038 potestates
1301 1948 1749 2015 ecclesiasticae
1781 1949 1859 2015 de
1897 1950 2168 2017 materia
2203 1948 2272 2015 in
2314 1947 2642 2015 limitibus

343 2053 529 2140 quasi
548 2053 889 2143 utriusque
904 2054 1401 2146 posita,nullum
1419 2055 1573 2122 inde
1595 2077 1710 2144 per
1734 2077 1800 2122 se
1824 2057 2109 2144 exsurgit
2127 2077 2375 2146 sponsae
2396 2053 2662 2123 Christi·

343 2157 644 2226 Ecclesiae
669 2161 939 2228 dedecus
967 2167 1077 2228 aut
1109 2162 1391 2245 macula,
1427 2183 1583 2228 cum
1613 2167 1847 2250 praesto
1881 2164 1963 2229 sit
2006 2184 2263 2252 semper
2295 2183 2643 2252 supremus

346 2268 928 2334 controversiarum
976 2269 1200 2358 judex,
1247 2269 1365 2358 qui
1411 2270 1637 2337 omnia
1671 2277 2041 2359 componat,
2091 2269 2199 2337 ille
2251 2290 2487 2358 nempe
2529 2271 2641 2335 cui

349 2371 528 2439 dedit
562 2372 859 2440 Christus
888 2359 1237 2461 pascendos
1265 2396 1469 2462 agnos
1520 2380 1581 2442 et
1621 2398 1793 2460 oveS,
1839 2376 2216 2465 ligandique
2245 2383 2307 2443 et
2352 2375 2643 2442 solvendi

344 2482 742 2565 potestatem.
775 2478 1078 2567 Exsurgit
1095 2481 1547 2549 tantummodo
1567 2483 1813 2550 occasio
1833 2504 1963 2571 qua
1984 2480 2415 2548 institutiones
2436 2480 2640 2547 eccle—

345 2580 613 2647 siasticae
673 2582 855 2647 novis
907 2582 1463 2651 enuntiationibus
1519 2584 1959 2651 determinatae
2032 2582 2238 2671 magis
2302 2603 2377 2648 ac
2427 2582 2641 2671 magis

345 2685 581 2753 divinae
626 2687 952 2777 sapientiae
996 2689 1224 2757 decore
1281 2690 1753 2780 resplendeant.
1790 2688 1962 2756 Hinc
1998 2695 2061 2756 et
2107 2693 2322 2755 sancte
2368 2694 2643 2778 possunt

345 2791 469 2860 viri
493 2794 905 2863 ecclesiastici
932 2796 1011 2862 de
1035 2795 1270 2863 talibus
1300 2795 1579 2882 litigare,
1614 2794 1679 2860 id
1702 2800 1815 2878 est,
1852 2794 2204 2863 dubiorum
2235 2794 2437 2883 hujus
2459 2793 2638 2862 modi

344 2894 706 2987 legitimam
732 2902 1118 2970 solutionem
1146 2923 1458 2990 quaerere.
1494 2899 1682 2980 Quod
1717 2901 1935 2969 autem
1977 2902 2307 2969 interdum
2337 2923 2413 2969 ex
2455 2901 2646 2969 devio

348 3004 575 3071 affectu
601 3008 824 3076 minus
855 3013 1026 3076 recte
1077 3008 1402 3083 contentio
1442 3006 1770 3093 efferveat,
1799 3009 1923 3076 hoc
1952 3009 2165 3076 evenit
2187 3030 2302 3098 per
2344 3007 2644 3075 accidens

345 3131 418 3177 ex
446 3111 735 3179 humana
780 3113 1182 3194 infirmitate,
1218 3136 1365 3203 quae
1394 3114 1887 3181 institutionum
1917 3113 2490 3182 ecclesiasticarum
2515 3113 2646 3179 uti-

345 3216 508 3282 litati
529 3224 588 3283 et
613 3218 980 3286 intrinsecae
1006 3219 1282 3286 bonitati
1314 3220 1483 3286 nihil
1508 3220 1841 3287 detrahere
1877 3226 2101 3309 potest.
2130 3218 2424 3286 Fuerunt
2448 3218 2641 3286 innu-

347 3342 544 3387 merae
567 3324 1090 3411 metropolitanos
1130 3324 1297 3391 inter
1335 3324 1434 3389 vel
1484 3325 1882 3413 patriarchas
1907 3330 1969 3392 et
2008 3324 2357 3417 Episcopos
2380 3330 2643 3392 conten-

349 3427 593 3495 tiones:
625 3428 760 3495 imo
789 3449 922 3495 non
952 3450 1173 3517 paucae
1190 3430 1539 3520 Episcopos
1567 3430 1737 3497 inter
1760 3437 1821 3498 et
1844 3430 2203 3499 Summum
2227 3430 2635 3500 Pontificem.

348 3533 508 3615 Quis
535 3555 685 3602 vero
715 3535 873 3602 adeo
902 3535 1204 3618 insaniat,
1237 3541 1307 3602 ut
1325 3535 1405 3602 de
1430 3537 1723 3603 instituta
1746 3540 1816 3604 in
1840 3537 2127 3611 Ecclesia
2155 3539 2256 3606 vel
2280 3524 2641 3629 pontificia,

349 3641 450 3709 vel
490 3642 1007 3732 metropolitana,
1036 3643 1136 3711 vel
1178 3643 1526 3734 episcopali
1565 3643 1908 3733 dignitate,
1939 3646 2189 3736 aliquid
2219 3646 2461 3713 sinistri
2514 3665 2644 3712 au-

352 3754 601 3818 tumet?

441 3852 612 3920 lllud
665 3861 878 3925 tamen
915 3857 1382 3925 advertendum
1413 3859 1587 3925 circa
1636 3880 1709 3924 ea
1752 3859 1830 3924 de
1886 3856 2124 3944 quibus
2171 3857 2380 3923 acturi
2417 3871 2645 3925 sumus

356 3958 797 4049 capitulorum
803 3963 980 4051 jura,
1008 3963 1266 4031 facilem
1290 3964 1468 4031 hisce
1491 3962 1892 4052 temporibus
1920 3983 2053 4029 non
2082 3983 2214 4029 esse
2225 3962 2485 4050 jurium
2504 3962 2648 4031 illo-

355 4086 508 4132 rum
551 4066 1012 4153 cognitionem,
1046 4068 1153 4138 -ob
1191 4088 1415 4158 graves
1450 4068 1810 4157 praesertim
1852 4067 2263 4149 mutationeS,
2297 4089 2373 4135 ex
2417 4089 2645 4136 recen-

357 4169 597 4238 tiorum
627 4176 996 4262 temporum
1042 4175 1525 4266 tempestatibus
1567 4172 1813 4263 ubique
1841 4174 1970 4241 fere
2000 4179 2264 4243 exortas.
2305 4175 2475 4243 Hinc
2510 4198 2644 4246 non

358 4297 595 4365 paucas
639 4297 971 4366 speramus
1011 4300 1126 4369 per
1168 4280 1848 4369 quantulumcumque
1876 4285 2217 4349 tractatum
2255 4281 2459 4366 hunc,
2487 4304 2644 4353 con-

360 4383 675 4451 tentiones
704 4387 766 4450 et
785 4373 1188 4453 difficultates
1218 4408 1401 4474 posse
1425 4387 1791 4477 praepediri.
1823 4386 2220 4469 Quaestiones
2246 4390 2427 4459 enim
2451 4393 2642 4461 etiam
