2930 4982
1150 311 1230 359 DE
1276 311 1580 360 cunnus
1592 342 1606 356 .
2409 308 2488 368 29
2499 310 2537 365 5

266 434 428 503 nihil*
451 433 876 503 conducentes
916 432 1062 500 soni
1107 430 1390 502 adhibiti
1432 439 1606 500 sunt.
1648 431 1834 522 (Vide
1871 431 2285 503 Cardinalem
2332 435 2538 527 Bona,

265 544 349 609 De
381 538 607 608 divina
644 533 1067 630 psalmodia,
1105 558 1165 607 c.
1202 539 1310 616 17,
1345 537 1387 629 ξ
1430 536 1527 630 3.)
1573 537 1744 607 Hinc
1793 536 2082 629 plurima
2122 545 2189 609 et
2229 562 2267 610 a
2311 540 2545 614 Sancta

269 646 438 727 Sede,
463 646 624 714 etin
653 643 949 715 conciliis
976 643 1492 734 provincialibus
1532 644 1780 713 sancita
1809 644 2080 733 decreta,
2109 647 2190 715 ad
2232 650 2542 719 extermi-

264 756 532 824 nandum
556 743 837 847 profanae
863 758 927 821 et
955 752 1286 822 theatralis
1311 755 1585 825 musicae
1613 754 1924 824 abusum.
1951 754 2044 823 Ex
2067 755 2311 844 quibus
2328 760 2424 828 sic
2444 761 2539 829 vi·-

262 860 427 929 detur
450 859 980 929 concludendum
1018 880 1036 927 ε

336 969 396 1035 1⁰
416 966 564 1036 Non
591 967 862 1034 vetitum
905 965 1174 1055 quidem
1218 987 1354 1035 esse
1396 968 1470 1035 in
1498 963 1740 1034 divinis
1769 964 2005 1034 officiis
2034 986 2302 1035 omnem
2335 974 2541 1041 musi-

261 1073 446 1144 calem
468 1078 767 1158 cantum,
799 1072 910 1140 sed
936 1075 1105 1140 certe
1133 1072 1330 1141 illum
1357 1071 1475 1162 qui
1498 1073 1746 1141 theatra
1778 1073 2052 1161 redolet,
2084 1094 2206 1143 nec
2235 1076 2307 1142 in
2342 1076 2546 1147 finem

257 1179 597 1248 excitandae
628 1176 985 1246 devotionis
1007 1180 1197 1266 aptus
1221 1183 1337 1245 est.

334 1285 404 1352 2ο
436 1310 470 1350 α
494 1285 820 1365 Quatenus
839 1281 1119 1371 pertinet
1139 1282 1223 1350 ad
1248 1302 1439 1349 usum
1472 1283 1882 1353 musicalium
1910 1285 2543 1376 instrumentorum,

265 1390 465 1458 «licet
485 1392 672 1478 juxta
708 1386 1184 1455 Coeremoniale
1211 1387 1700 1476 Episcoporum
1742 1409 1877 1456 non
1918 1391 2003 1456 sit
2031 1390 2433 1480 permissum
2474 1394 2545 1462 in

261 1522 292 1561 «
313 1494 713 1565 iis'adhiberi
735 1493 861 1562 nisi
891 1495 1306 1584 organicum,
1342 1498 1405 1561 et
1441 1494 1605 1561 illud
1633 1494 1940 1583 gravitate
1975 1496 2268 1585 plenum,
2309 1498 2549 1568 nihilo·

264 1625 293 1664 «
316 1603 536 1669 minus
563 1599 970 1668 introductus
989 1598 1110 1666 fuit
1132 1598 1202 1666 in
1231 1597 1521 1667 Ecclesia
1549 1619 1706 1666 usus
1733 1600 1869 1667 sive
1895 1600 2107 1690 potius
2134 1600 2378 1671 abusus
2405 1621 2552 1672 om·

264 1708 409 1774 «nis
425 1704 684 1796 generis
707 1704 1317 1786 instrumentorum,
1344 1702 1610 1792 quinon
1636 1703 1852 1772 solum
1878 1711 2165 1773 removet
2188 1727 2226 1775 a
2253 1707 2548 1777 fidelium

261 1813 645 1881 «mentibus
700 1810 1138 1892 devotionem,
1207 1830 1443 1878 verum
1493 1811 1690 1879 etiam
1750 1831 2083 1879 sacrorum
2134 1814 2544 1883 canticorum

260 1919 510 1986 «verba
532 1916 863 2004 obscurat,
894 1936 1291 2005 sensumque
1319 1916 1548 2006 sepelit
1565 1923 1628 1983 et
1649 1915 1889 1984 obruit.
1928 1942 1968 1981 »
2006 1917 2540 2008 (Scarl'antonius,

253 2030 291 2089 t.
321 2023 371 2108 1,
403 2049 471 2115 p.
516 2024 667 2108 142,
716 2023 913 2092 editio
952 2022 1292 2110 Lucensis,
1334 2022 1560 2111 1723.)
1612 2022 1811 2091 Porro
1854 2024 2050 2091 talem
2079 2023 2364 2093 abusum
2396 2046 2549 2116 pro·

253 2137 574 2199 moventes
606 2137 670 2199 et
697 2130 1138 2222 permittentes
1172 2131 1372 2199 etiam
1408 2130 1661 2199 lethalis
1691 2132 1903 2222 culpae
1936 2136 2190 2200 reatum
2227 2129 2418 2201 facile
2442 2131 2549 2199 in-

249 2258 511 2304 currere
552 2258 759 2326 posse,
792 2235 1025 2326 prohat
1063 2235 1426 2305 Cardinalis
1458 2237 1828 2326 Cajetanus.
1887 2237 1985 2325 (ln
2032 2238 2163 2305 div.
2198 2236 2547 2320 Thomam,

335 2348 477 2411 aest.
511 2342 590 2409 91
649 2343 804 2409 212.

248 2365 480 2518 unam
505 2394 655 2519 νει-,ο
696 2342 871 2519 ἰηῑέΐ
907 2452 1342 2520 instrumenta
1397 2448 1667 2519 abusive
1701 2450 2070 2519 introducta
2105 2451 2549 2521 enumeranda

252 2554 548 2624 videntur
567 2561 713 2624 tum
740 2558 906 2627 illud
936 2558 1106 2648 quod
1139 2577 1401 2649 serpens
1428 2556 1561 2625 sive
1586 2556 1900 2647 ophicleis
1923 2563 2368 2648 nuncupatur,
2404 2564 2547 2625 tum

250 2682 486 2752 magna
506 2662 827 2752 barbyton
855 2662 971 2755 (1).
1002 2663 1174 2734 Cum
1202 2665 1381 2732 enim
1408 2662 1490 2731 ad
1515 2664 1583 2731 id
1603 2664 2056 2733 tantummodo
2110 2665 2548 2733 adhibeantur

248 2773 316 2832 ut
344 2766 600 2835 easdem
628 2790 894 2855 prorsus
923 2776 1105 2837 notas
1127 2771 1427 2837 emittant
1450 2790 1646 2858 quaea
1665 2769 2043 2839 cantoribus
2067 2773 2222 2835 sunt
2244 2787 2549 2857 pronun·

246 2869 516 2958 flandae,
541 2892 674 2937 non
694 2873 901 2939 alium
934 2874 1173 2941 hahent
1192 2874 1497 2941 effectum
1523 2895 1726 2960 quam
1756 2873 1958 2940 verba
1994 2871 2317 2940 obruendi
2364 2876 2426 2937 et
2480 2871 2550 2938 in

247 2975 474 3043 fractis
503 2976 639 3044 suis
682 2977 859 3044 sonis
914 2978 1283 3067 sepeliendi.
1316 2977 1452 3043 Nec
1481 2977 1735 3044 dicatur
1770 2975 2038 3044 inducta
2062 2997 2137 3042 ea
2184 2974 2378 3043 fuisse
2406 2974 2552 3043 ins-

252 3086 578 3148 trumenta
606 3085 679 3150 ut
698 3082 1077 3172 supplerent
1102 3083 1250 3172 exig
1260 3104 1426 3149 uum
1444 3087 1787 3149 cantorum
1809 3103 2169 3149 numerum
2191 3103 2552 3171 eorumque

256 3186 660 3256 deficientem
715 3190 1044 3279 peritiam.
1091 3189 1241 3258 Non
1268 3187 1452 3258 enim
1489 3189 1844 3258 deficerent
1880 3191 2114 3258 multis
2145 3191 2217 3257 in
2248 3189 2406 3257 locis
2433 3189 2550 3257 ubi

256 3294 390 3362 talis
422 3296 600 3383 viget
621 3295 864 3363 abusus
894 3295 1300 3364 sufficienter
1350 3295 1543 3385 periti
1572 3300 1888 3365 cantores·
1931 3294 2003 3367 Si
2039 3302 2259 3364 autem
2303 3294 2547 3363 alicubi

257 3396 578 3484 deficiant,
604 3401 857 3468 deficiat
888 3402 980 3469 ibi
1006 3407 1239 3469 cantus
1275 3401 1741 3490 eclesiasticuS,
1792 3424 1925 3471 non
1960 3406 2180 3471 autem
2211 3400 2280 3468 in
2313 3422 2546 3469 mons-

260 3509 547 3574 truosum
572 3506 823 3595 aliquid
843 3529 880 3572 a
904 3507 1034 3574 fine
1054 3507 1355 3576 Ecclesiae
1382 3508 1702 3593 alienum,
1752 3514 2245 3578 transmutetur.
2293 3506 2417 3576 vix
2448 3511 2546 3573 to—

259 3608 557 3681 lerandus
585 3612 839 3679 videtur
866 3611 1264 3700 ophicleidos
1293 3634 1450 3679 usus
1481 3619 1558 3679 ut
1578 3614 1883 3701 imperito
1907 3614 2158 3683 cantori
2182 3617 2357 3687 recta
2378 3613 2547 3679 into-

261 3717 420 3787 natio
444 3718 798 3788 emissione
825 3738 1025 3806 quam
1055 3715 1439 3783 tenuissima
1463 3717 1862 3783 insinuetur.

339 3823 421 3892 V.
446 3825 560 3897 Ad
576 3844 931 3914 quemnam
948 3822 1268 3913 pertineat
1294 3819 1518 3888 electio
1540 3820 1834 3908 magistri
1857 3822 2121 3912 capellae
2170 3827 2232 3890 et
2268 3823 2547 3895 musico·

264 3935 447 3998 rum?
476 3968 573 3983 —
605 3956 638 3995 «
667 3929 955 3998 Pertinet
999 3930 1082 3998 ad
1128 3927 1519 4020 capitulum,
1569 3927 1703 3996 sive
1740 3928 1936 3997 aliam
1980 3932 2542 4022 congregationem

261 4036 773 4125 ecclesiasticam,
809 4037 1092 4126 aliasque
1115 4057 1439 4127 personaS,
1477 4059 1590 4127 per
1611 4058 1774 4126 quas
1800 4038 2044 4107 eisdem
2088 4039 2545 4112 subministra-

266 4144 362 4207 tur
385 4143 698 4211 salarium
729 4144 861 4211 sive
887 4165 1163 4232 merces3
1196 4145 1281 4212 ita
1312 4148 1388 4211 ut
1411 4142 1773 4234 Episcopus
1804 4166 1933 4215 non
1966 4148 2165 4238 possit
2208 4151 2552 4240 praedictas

325 4380 386 4440 (l)
411 4380 817 4432 lustramentum
842 4394 1025 4446 nempe
1047 4382 1211 4433 cordis
1230 4394 1381 4446 grave
1399 4383 1695 4435 sonantibus
1716 4387 2041 4439 instructum.
