2930 4982
1173 349 1252 394 nn
1296 347 1626 395 cunnus.
2420 339 2544 398 429

265 462 342 534 Et
362 464 452 533 ita
488 487 743 557 semper
772 464 1085 533 intellexit
1105 471 1168 533 et
1195 465 1544 533 declaravit
1580 464 1770 535 Sacra
1794 465 2224 556 Congregatio
2249 469 2541 539 concilii.

264 570 336 640 In
384 576 559 639 tomo
613 571 729 641 Vll
784 572 1112 640 Thesauri
1138 571 1646 652 resolutionum,
1691 574 1924 662 pagina
1963 572 2123 655 212,
2164 576 2548 647 secretarius

262 676 437 745 dictae
466 676 1006 767 Congregationis
1048 679 1140 747 sic
1195 679 1390 746 refert
1413 679 1579 746 duas
1608 678 2070 749 declarationes
2090 680 2174 749 ad
2200 680 2372 750 hanc
2403 702 2546 751 rem

264 781 688 873 pertinentes:

297 882 300 885 ’
352 913 386 952 ι(
422 887 499 956 In
538 887 973 957 Salernitana
1004 888 1346 979 propositis
1395 888 1567 956 inter
1595 894 1823 956 caetera
1871 888 2052 957 hisce
2101 888 2396 958 dubiis...
2449 890 2544 962 ΙΙ.

268 1019 302 1061 «
325 980 435 1063 A'n
476 1016 706 1062 eorum
753 994 1108 1062 consilium
1160 992 1608 1062 adhibendum
1647 994 1719 1062 in
1773 993 2259 1065 constituendis
2313 996 2550 1086 requlis

268 1098 828 1167 «universalibus
893 1100 1269 1193 seminarii,
1319 1099 1632 1168 electione
1696 1101 2119 1190 sinqulorum
2191 1123 2556 1192 puerorum

263 1194 993 1288 «introducendorum,
1047 1205 1359 1274 electione
1399 1207 1905 1297 maqistrorum,
1959 1207 2288 1275 librorum
2335 1208 2559 1299 leyen-

261 1336 298 1376 «
328 1309 658 1379 dorum...
691 1323 755 1379 et
774 1311 1099 1379 similibus
1129 1316 1166 1380 P
1191 1352 1281 1364 —
1307 1311 1712 1404 Responsum
1742 1314 1868 1382 fuit
1895 1313 2007 1383 Ad
2047 1316 2129 1383 II
2158 1316 2229 1383 in
2252 1315 2557 1384 omnibus

264 1443 298 1485 «
342 1417 454 1485 llis
480 1439 614 1484 esse
642 1415 1071 1502 adhibendos,
1104 1420 1268 1486 utin
1292 1419 1463 1487 libro
1487 1418 1576 1488 Vl
1606 1419 2059 1503 Decretomm,
2090 1444 2156 1512 p.
2187 1421 2298 1489 22.
2334 1447 2367 1485 n

347 1549 382 1589 «
410 1523 493 1592 In
544 1524 815 1592 Oscensi
843 1526 1170 1616 proposita
1198 1524 1322 1593 sub
1354 1547 1655 1594 mensem
1685 1528 1962 1596 octobris
2024 1526 2222 1608 1585,
2287 1528 2374 1595 ita
2432 1528 2555 1596 ha-

258 1653 292 1694 «
323 1626 571 1697 betur:
607 1629 800 1697 Alias
827 1631 1042 1697 Sacra
1069 1631 1507 1722 Conqreqatio
1528 1630 1624 1698 ad
1642 1632 2275 1722 interpretationem
2308 1630 2557 1701 decreti

259 1726 293 1807 s«
323 1732 578 1823 capitis
614 1733 719 1813 18,
751 1733 1046 1801 sessionis
1075 1733 1185 1817 23,
1224 1737 1504 1815 censuit,
1537 1736 1955 1827 Episcopum
2012 1739 2351 1805 Oscensem
2397 1759 2552 1803 cum

263 1864 296 1904 (ι
324 1838 615 1907 consilio
661 1837 1134 1929 deputatorum
1178 1841 1409 1923 teneri,
1462 1854 1605 1908 tam
1645 1842 1826 1909 circa
1866 1843 2394 1924 institutionem,
2420 1842 2553 1911 dis·

265 1969 298 2011 «
326 1945 667 2037 ciplinam
709 1957 774 2013 et
807 1968 1021 2014 mores
1063 1948 1477 2029 clericorum,
1522 1971 1811 2037 quam...
1835 1948 2206 2038 providere.
2243 1975 2277 2011 »

344 2051 442 2120 lta
471 2051 671 2119 etiam
713 2057 932 2119 tenent
972 2053 1266 2121 doctores
1303 2076 1624 2121 consensu
1676 2056 2003 2122 unanimi.
2054 2054 2243 2124 Unde
2264 2056 2461 2124 etiam
2484 2056 2555 2124 in

256 2156 470 2226 Gallia
504 2164 792 2225 auctores
843 2158 957 2247 qui
998 2166 1322 2248 negarunt
1361 2161 1444 2227 ad
1498 2159 1567 2226 id
1613 2158 1892 2247 obligari
1942 2160 2289 2250 Episcopos
2353 2162 2558 2250 hujus

259 2260 579 2350 regioniS‚
605 2265 1080 2353 exemptionem
1113 2265 1286 2332 hanc
1312 2265 1690 2332 tribuerunt
1721 2266 1859 2355 juri
1903 2265 2166 2356 speciali
2206 2265 2456 2349 Galliae,
2486 2272 2561 2334 ut

258 2369 441 2439 infra
464 2367 791 2434 videbitur
818 2392 835 2452 3
867 2390 999 2436 non
1019 2376 1236 2436 autem
1261 2369 1333 2438 in
1356 2369 1637 2438 dubium
1664 2378 2058 2439 revocarunt
2095 2372 2558 2464 obligationem

259 2496 300 2544 a
330 2473 611 2543 concilio
635 2471 1018 2544 Tridentino
1041 2474 1438 2567 impositam.

351 2583 491 2653 lmo
542 2583 860 2667 Ferraris,
912 2583 1184 2673 loquens
1209 2583 1412 2651 simul
1441 2589 1583 2650 tum
1610 2583 1689 2651 de
1717 2584 2171 2656 commissione
2198 2608 2318 2678 pro
2340 2587 2557 2656 admi-

261 2692 645 2760 nistratione
685 2690 1036 2783 spirituali,
1080 2696 1224 2758 tum
1254 2691 1333 2758 de
1364 2691 1826 2760 commissione
1848 2711 1967 2781 pro
1995 2692 2558 2761 administratione

270 2797 642 2885 temporali,
680 2798 775 2864 sic
819 2797 1098 2864 affirmat
1126 2820 1144 2864 ι
1198 2822 1233 2861 «
1274 2796 1449 2863 Hinc
1480 2796 1836 2886 Episcopus
1866 2803 2124 2864 tenetur
2152 2797 2428 2866 omnino
2452 2820 2558 2866 re-

278 2923 317 2965 «
348 2898 609 2989 quirere
667 2901 1012 2992 consilium
1087 2902 1552 2990 praedictorum
1626 2902 2089 2991 deputatorum
2161 2906 2509 2993 respective
2537 2928 2559 2974 ι

271 3026 310 3069 α
338 3002 524 3085 aIiaS,
552 3010 738 3072 actus
761 3025 895 3071 non
913 3004 1112 3083 valet3
1144 3025 1297 3070 cnm
1317 3004 1444 3071 tale
1475 3005 1826 3071 consilium
1844 3004 2133 3073 videatur
2173 3006 2559 3095 requisitum

272 3134 308 3175 (ι
338 3132 377 3178 a
404 3111 684 3178 concilio
698 3132 836 3203 pro
856 3110 1086 3200 forma
1109 3134 1146 3174 >2
1176 3108 1282 3199 (ad
1300 3109 1576 3177 verbum
1594 3110 2082 3196 Seminarium,
2110 3134 2179 3180 n.
2217 3114 2345 3198 11).
2377 3112 2561 3183 Unde

261 3218 522 3287 videtur
537 3238 718 3309 posse
745 3215 1080 3300 concludi,
1108 3215 1290 3285 verbi
1307 3216 1547 3305 gratia,
1591 3238 1725 3284 non
1749 3219 1954 3285 teneri
1981 3217 2313 3290 Rectorem
2362 3220 2555 3290 semi-

259 3324 440 3393 narii
486 3324 565 3391 ad
606 3315 1051 3416 executionem
1085 3322 1401 3412 deducere
1443 3324 1921 3393 ordinationem
1945 3323 2391 3418 Episcopalem
2439 3330 2556 3396 ali-

261 3428 429 3519 quid
477 3429 650 3498 circa
693 3451 927 3513 moreS,
973 3429 1388 3522 disciplinam
1412 3432 1964 3500 institutionemve
1994 3435 2554 3504 seminaristarum

260 3535 745 3626 disponentem,
790 3535 844 3603 si
900 3534 1257 3626 Episcopus
1303 3538 1688 3616 inconsultis
1740 3538 1993 3607 duobus
2038 3541 2353 3632 deputatis
2403 3562 2554 3628 pro·

263 3642 553 3711 cesserit.
582 3640 918 3710 Ordinatio
943 3641 1214 3728 scilicet,
1241 3648 1459 3732 utpote
1489 3645 1788 3712 destituta
1811 3646 2179 3713 conditione
2200 3647 2311 3716 illa
2332 3666 2554 3711 neces·

265 3748 464 3834 saria,
497 3747 780 3815 invalida
807 3752 968 3815 tunc
997 3754 1361 3814 remaneret
1392 3770 1513 3816 nec
1541 3749 1873 3838 obligandi
1898 3752 2031 3818 vim
2065 3752 2352 3818 haberet.
2442 3751 2445 3756 '

359 3849 476 3920 lv.
496 3852 872 3942 Episcopus
892 3874 1119 3919 eorum
1138 3851 1322 3920 consi
1326 3853 1353 3918 l
1358 3853 1504 3921 ium
1521 3854 1710 3946 sequi
1736 3877 1870 3922 non
1889 3866 2174 3922 tenetur.
2194 3889 2287 3903 —
2306 3878 2340 3917 «
2362 3850 2538 3920 Licet
2576 3917 2579 3922 .

276 3982 310 4023 a
340 3963 563 4026 autem
588 3958 947 4050 Episcopus
989 3964 1282 4027 teneatur
1327 3961 1784 4052 deputatorum
1811 3959 2162 4029 consilium
2198 3962 2555 4048 requirere,

276 4089 313 4129 α
340 4086 477 4132 non
510 4069 727 4132 tamen
758 4070 1015 4133 tenetur
1056 4068 1261 4156 sequi.
1303 4066 1653 4136 Seminarii
1700 4066 1989 4155 deputati
2019 4070 2080 4132 et
2114 4065 2223 4133 alii
2251 4066 2557 4136 officiales

280 4195 316 4236 ι(
343 4169 589 4239 habent
650 4175 872 4237 votum
928 4173 1396 4251 consultivum‚
1450 4193 1585 4254 non
1635 4177 1854 4237 autem
1897 4168 2277 4239 decisivum.
2340 4173 2557 4264 (Sacra

282 4301 317 4340 ι(
344 4275 767 4366 Congregatio
790 4278 1050 4344 concilii
1086 4277 1283 4364 1620,
1316 4280 1490 4366 apud
1531 4274 1911 4360 Barbosam,
1944 4277 2085 4345 loco
2121 4279 2336 4356 citato,
2363 4299 2433 4341 n.
2467 4273 2549 4351 6;

281 4405 318 4447 <a
344 4390 405 4450 et
429 4381 792 4467 Amanum,
815 4384 887 4450 in
906 4382 1307 4473 Compendio
1334 4369 2321 4461 canonicarum‘resoiutionum,
2346 4380 2392 4444 l.
2440 4373 2549 4457 lll,
2580 4421 2589 4434 ,
