2930 4982
356 375 479 432 558
1316 381 1669 431 nacnws
1715 397 1720 402 ,

354 533 393 574 ιι
428 506 534 575 sed
557 507 708 596 jure
733 504 1051 593 delegato,
1084 525 1257 594 quae,
1281 510 1549 573 vacante
1568 504 1973 594 episcopatu,
2005 506 2075 570 in
2102 493 2461 595 capitulum
2504 528 2643 574 non

358 612 674 692 «transit,
715 611 972 679 etiamsi
1020 608 1341 701 Episcopo
1398 615 1722 701 competat
1772 629 1848 676 ex
1901 610 2188 698 generali
2242 612 2645 701 delegatione

355 747 389 784 «
417 718 600 789 Sedis
625 718 1036 808 Apostolicae.
1083 742 1119 782 »
1171 715 1434 785 Fatetur
1472 723 1688 808 postea
1715 715 2071 814 Fagnanus
2121 718 2380 816 multos
2388 723 2645 788 contra-

345 828 600 912 dicere,
656 826 766 893 sed
796 824 947 891 citat
974 846 1092 915 pro
1112 835 1238 892 555
1272 826 1584 892 sententia
1618 821 1913 891 auctores
1940 824 2057 914 qui
2059 824 2311 893 dicunt
2336 847 2478 893 eam
2510 833 2646 897 5555

346 932 694 1017 veriorem,
716 949 1148 998 communem
1176 936 1239 997 et
1266 915 1636 999 tenendam.
1673 928 1811 997 Hoc
1827 929 2243 1024 principium
2289 932 2528 1000 deinde
2555 935 2644 1003 515

343 1038 626 1131 5ΡΡ11551
659 1061 675 1106 z
706 1062 743 1101 «
766 1036 861 1105 Ex
897 1059 1027 1127 quo
1057 1037 1428 1106 notabiliter
1451 1037 1684 1116 infero,
1716 1026 1806 1103 ut
1820 1040 2092 1126 potestas
2122 1041 2162 1104 5
2184 1038 2642 1130 concilioTri-

347 1171 380 1209 «
408 1146 676 1213 dentino
703 1143 1037 1235 Episcopis
1067 1141 1375 1211 attributa
1404 1149 1719 1233 tanquam
1746 1139 1929 1210 Sedis'
1970 1142 2357 1232 Apostolicae
2390 1145 2642 1235 delega-

348 1253 509 1331 «tis,
542 1252 850 1319 defuncto
877 1251 1221 1340 Episcopo,
1276 1251 1345 1317 in
1398 1250 1764 1341 capitulum
1804 1253 2277 1317 non‘transeat.
2336 1250 2543 1320 Secus
2587 1254 2641 1322 si

353 1385 386 1423 «
416 1363 735 1449 competat
761 1358 887 1425 illis
915 1363 1193 1447 utroque
1213 1359 1391 1448 3515,
1416 1357 1665 1425 55111551
1687 1355 2016 1424 ordinario
2044 1359 2106 1423 et
2136 1357 2427 1446 delegato
2468 1385 2485 1443 ;
2534 1383 2639 1429 ve·

352 1490 386 1530 «
410 1466 533 1533 luti
556 1466 609 1533 si
629 1464 982 1533 concilium
1019 1465 1127 1532 det
1149 1464 1280 1532 illis
1299 1464 1672 1532 facultatem
1696 1463 2086 1555 procedendi
2112 1455 2320 1531 etiam
2342 1488 2424 1533 au
2434 1469 2638 1535 ctori—

348 1597 383 1638 «
412 1577 537 1640 tate
573 1571 947 1662 apostoliea.
982 1570 1260 1660 Ideoque
1288 1570 1485 1639 Sacra
1513 1569 1941 1659 Congregatio
1972 1571 2229 1638 censuit
2262 1571 2631 1641 facultatem

351 1703 385 1744 «
413 1677 838 1748 transferendi
887 1676 1202 1745 beneficia
1244 1661 1570 1766 simplicia
1596 1659 1681 1743 ab
1710 1676 1997 1744 ecelesiis
2019 1677 2344 1767 collapsis,
2375 1700 2624 1770 compe-

352 1817 386 1856 «
410 1794 647 1857 tentem
676 1785 994 1875 Episcopo
1015 1782 1195 1873 (exc.
1220 1783 1287 1865 7,
1315 1804 1467 1850 sess.
1500 1782 1613 1868 21,
1638 1781 1821 1851 Trid.
1830 1782 1852 1872 )
1890 1784 2166 1852 transire
2214 1785 2283 1852 in
2320 1785 2639 1878 vicarium

349 1922 386 1964 ι(
412 1893 865 1986 capitularem,
908 1890 1056 1957 sede
1084 1895 1390 1976 vacante,
1445 1890 1691 1980 quippe
1734 1890 2070 1958 decretum
2094 1891 2258 1959 illud
2316 1913 2453 1961 non
2485 1873 2641 1963 dicit

352 2029 386 2069 α
417 2000 800 2091 simpliciter
829 1996 1206 2063 auctoritate
1234 1995 1603 2090 apostolica,
1642 1997 1752 2063 sed
1781 1996 1998 2064 addita
2025 1998 2348 2089 particula
2399 1998 2637 2090 etiam,

347 2134 381 2174 ιι
408 2127 555 2199 quae
585 2110 681 2174 est
721 2103 1119 2194 implicativa
1133 2100 1613 2192 jurisdictionis
1640 2085 2086 2172 ordinariae.»

430 2215 500 2283 2⁹
547 2209 897 2281 Sententia
957 2209 1333 2310 affirmans.
1385 2246 1477 2259 —
1544 2208 1747 2277 Tenet
1803 2209 1875 2278 in
1905 2210 2304 2332 capitulum
2345 2213 2637 2284 transire

333 2305 855 2412 jurisdictionem
872 2315 1342 2408 permanenter
1358 2299 1718 2410 delegatam
1752 2338 2013 2385 muneri
2031 2318 2404 2409 episcopali
2447 2321 2639 2409 (Nam

339 2426 549 2535 quoad
575 2423 1043 2517 delegationem
1075 2421 1544 2515 transitoriam
1555 2443 1592 2516 a
1619 2420 1792 2514 Ρ5Ρ5
1820 2422 2054 2491 factam
2094 2423 2290 2493 511551
2315 2424 2637 2520 Episcopo

338 2542 454 2622 pro'
478 2531 699 2616 aliquo
718 2528 973 2616 negotio
994 2510 1396 2623 particulari,
1418 2528 1761 2595 communi
1790 2550 1984 2597 sensu
2012 2530 2246 2618 docent
2275 2535 2628 2601 5550515155

333 2636 515 2704 1115111
556 2640 709 2701 5515
756 2632 1073 2726 Episcopo
1101 2633 1419 2720 extingui,
1462 2655 1582 2700 nec
1633 2634 1907 2701 transire
1944 2635 2024 2702 ad
2053 2637 2457 2727 capitulum.)
2494 2638 2620 2706 Pro

334 2742 447 2810 illa
484 2762 638 2809 vero
666 2738 979 2806 sententia
1007 2736 1371 2804 affirmante
1400 2743 1522 2806 stat
1549 2739 1717 2805 inter
1744 2739 1902 2807 alios
1927 2740 2212 2810 Barbosa
2246 2741 2377 2830 (Ius
2422 2743 2621 2828 eccl.,

334 2848 381 2915 l.
412 2870 504 2926 111,
527 2868 586 2914 5.
621 2844 736 2931 32,
779 2854 846 2912 n.
883 2842 1072 2934 107);
1119 2865 1193 2911 55
1229 2843 1479 2912 ratione
1502 2843 1720 2931 nixus,
1745 2845 1919 2934 quod
1935 2847 2304 2936 jurisdictio
2331 2849 2421 2916 ita
2449 2848 2628 2919 dele-

336 2959 482 3044 gata
527 2958 602 3018 ut
655 2955 965 3042 perpetuo
1008 2950 1269 3016 muneri
1298 2938 1668 3049 Episcopali
1718 2957 2123 3036 annectatur,
2183 2954 2506 3021 censenda
2547 2956 2626 3023 sit

335 3059 635 3150 quaedam
662 3057 946 3124 extensio
969 3061 1033 3122 et
1049 3043 1348 3145 quaedam
1373 3077 1524 3155 pars
1538 3056 2013 3145 jurisdictionis
2042 3058 2456 3150 episcopalis,
2481 3080 2619 3151 quae

333 3182 463 3253 per
478 3163 651 3231 'viam
681 3151 924 3250 regulae
958 3161 1029 3228 in
1052 3161 1439 3251 capitulum,
1476 3162 1623 3230 sede
1652 3184 1879 3247 vacua,
1911 3163 2164 3231 transit.

392 3271 484 3337 3⁰
515 3267 862 3356 Quidquid
877 3269 967 3335 sit
995 3266 1278 3335 theorice
1298 3268 1629 3336 sententia
1667 3269 2045 3365 affirmans,
2075 3281 2222 3338 tuto
2250 3254 2323 3338 ἰνι
2337 3272 2622 3362 praxim

328 3373 564 3443 deduci
586 3394 781 3461 posse
817 3372 1101 3439 videtur.
1151 3411 1242 3424 —
1289 3373 1448 3442 Tota
1480 3376 1826 3445 difficultas
1853 3400 1929 3444 ex
1979 3399 2053 3444 eo
2105 3364 2399 3468 procedit
2450 3380 2620 3468 quod

327 3481 560 3553 solutio
582 3478 856 3570 pendeat
874 3499 911 3545 a
948 3483 1175 3549 mente
1188 3479 1568 3567 delegantis,
1592 3482 1660 3548 id
1696 3488 1814 3563 est,
1838 3483 2089 3587 Sanctae
2110 3483 2320 3574 Sedis,
2349 3492 2414 3552 et
2442 3509 2522 3554 ex
2551 3508 2620 3554 eo

324 3589 497 3680 quod
521 3592 806 3656 mentem
832 3606 1018 3652 suam
1049 3582 1283 3653 Sancta
1307 3584 1504 3655 Sedes
1527 3592 1908 3679 nunquam
1926 3614 2217 3682 expresse
2252 3592 2619 3661 manifesta-

327 3697 523 3764 verit.
514 3694 643 3763 Si
634 3694 815 3761 55151
839 3676 1191 3760 concilium
1210 3691 1390 3784 (1)51
1421 3686 2613 3801 8515151Ρο111111555,35115(1151155515

321 3801 606 3888 aliquam
632 3786 1005 3890 ΕΡ1555Ρ15
989 3819 1059 3864 15
1085 3805 1476 3888 perpetuum
1497 3784 1898 3905 delegando,
1928 3804 2100 3872 clare
2124 3796 2607 3896 expressissent,

319 3900 631 3973 eamdem
644 3904 1188 4003 jurisdictionem,
1226 3906 1373 3974 sede
1410 3929 1630 3990 vacua,
1675 3909 1745 3976 in
1771 3912 2129 4001 capitulum
2163 3914 2607 3998 transituram,

320 4010 422 4076 vel
467 4031 597 4076 non
629 4013 1089 4096 transituram,
1129 3996 1402 4079 cessaret
1451 4013 1619 4080 inter
1680 4017 2043 4085 canonistas
2080 4012 2448 4088 conflictus,
2504 4004 2610 4090 'Sic

317 4123 533 4183 autem
579 4120 782 4182 stante
822 4118 1196 4216 quaestione,
1246 4124 1447 4208 potest
1488 4119 1611 4186 hac
1640 4119 1742 4187 via
1767 4121 2058 4192 deveniri
2102 4125 2186 4192 ad
2212 4110 2606 4195 solutionem

198 4272 203 4275 -
310 4223 685 4312 practicam.
726 4222 788 4287 1ο
835 4210 1194 4293 Probabilis
1227 4225 1455 4295 saltem
1485 4233 1580 4323 est
1609 4229 1924 4296 sententia
1956 4230 2319 4319 affirmans,
2370 4253 2605 4324 nempe

352 4433 449 4493 -(1)
480 4434 668 4494 Nempe
693 4431 1079 4482 ’1ἰ·111551.151151.Δ
1160 4445 1165 4451 ’
