2930 4982
1164 333 1243 380 nn
1289 333 1610 383 cunnus.
2411 328 2538 385 ⁴25

267 464 404 514 eum
445 448 718 517 consilio
754 448 1041 519 duorum
1084 452 1561 521 canonicorum
1628 476 1790 544 quos
1830 454 1967 546 ipsi
2007 455 2339 548 eleyerint
2378 477 2542 526 eon-

264 552 576 622 stituent
601 554 874 631 Illorum
923 556 1170 626 scilicet
1219 559 1685 627 canonicorum
1728 560 2000 629 consilio
2029 560 2393 655 Episcopus
2436 564 2536 633 uti

262 660 434 728 debet
475 654 830 750 generatim
879 684 998 754 pro
1051 664 1406 733 universali
1455 665 1783 754 regimine
1847 666 2206 751 seminarii,
2274 674 2536 761 excepta

261 762 803 837 administratione
848 790 1070 837 rerum
1113 769 1599 860 temporalium,
1650 771 1758 838 cui
1790 769 1915 839 alio
1962 773 2153 841 modo
2188 795 2301 864 per
2342 794 2534 864 syno-

260 871 405 939 dum
430 872 831 963 providetur.
864 868 1019 942 Haec
1050 894 1197 941 vero
1220 874 1433 966 prima
1460 876 1865 962 commissio,
1907 882 2130 969 utpote
2152 878 2235 945 ab
2257 878 2394 948 aliis
2419 900 2537 971 pro

258 974 801 1048 administratione
869 980 1210 1070 temporali
1276 980 1642 1049 constitutis
1719 982 1994 1063 diversa,
2050 983 2269 1051 vocari
2339 992 2539 1075 potest

255 1085 619 1154 commissio
663 1108 789 1176 pro
830 1084 1423 1155 administratione
1465 1087 1818 1209 spirituali
1852 1087 2385 1157 seminariorum.
2429 1089 2543 1160 Al-

251 1197 466 1261 teram
513 1192 899 1282 hujusmodi
947 1194 1471 1267 commissionem
1525 1194 1900 1261 invenimus
1939 1214 2069 1262 non
2102 1195 2327 1263 minus
2367 1194 2544 1265 clare

250 1296 659 1366 constitutam
705 1300 820 1367 his
841 1298 1132 1389 ejusdem
1173 1300 1447 1368 decreti.
1493 1301 1747 1369 verbis.
1795 1299 1976 1383 Quia
2008 1298 2105 1368 ad
2134 1300 2401 1392 colleqii
2426 1303 2542 1395 fa-

252 1401 574 1471 bricam..
590 1394 759 1486 ,ad
797 1402 1115 1472 alendam
1141 1403 1573 1494 juventutem
1626 1416 1692 1472 et
1744 1403 1836 1471 ad
1873 1405 2044 1471 alios
2080 1416 2394 1496 sumptus
2439 1428 2539 1476 re·

252 1504 429 1575 ditus
481 1456 648 1576 suffit
717 1509 1101 1597 necessarii,
1157 1509 1489 1600 Episcopi
1560 1532 1712 1577 eum
1779 1508 2064 1577 consilio
2122 1507 2411 1578 duorum
2465 1510 2545 1582 de

252 1611 533 1702 capitulo
587 1614 883 1705 itemque
933 1611 1225 1682 duorum
1272 1612 1353 1681 de
1407 1615 1576 1683 clero
1630 1615 2012 1683 civitatis...
2072 1613 2542 1705 beneficiorum

252 1720 830 1810 quorumcumque
842 1731 1118 1810 partem
1170 1720 1479 1810 aliquam
1529 1719 1909 1804 detrahent,
1960 1732 2026 1788 et
2060 1720 2223 1789 huic
2259 1719 2541 1813 colleqio

252 1824 713 1915 applicabunt.
762 1820 886 1893 Ista
916 1847 1069 1893 vero
1103 1825 1391 1895 secunda
1450 1827 1825 1923 commissio
1876 1849 1913 1894 a
1960 1827 2159 1916 priori
2216 1829 2543 1918 reperitur

252 1930 515 1999 omnino
588 1929 913 2000 distincta.
983 1929 1173 1999 Prior
1242 1931 1424 1998 enim
1494 1936 1743 1999 constat
1805 1931 2060 1999 duobus
2126 1931 2456 2001 canonicis
2502 1952 2542 2002 a

253 2034 388 2104 solo
422 2036 749 2128 *Episcopo
802 2036 1068 2105 electis:
1119 2037 1263 2104 haec
1325 2035 1587 2104 duobus
1631 2037 1991 2121 canonicis,
2045 2058 2334 2128 quorum
2381 2037 2545 2107 alter

250 2138 332 2206 ab
382 2139 725 2231 Episcopo,
775 2142 947 2209 'alter
985 2163 1023 2209 a
1070 2142 1353 2231 capitulo
1389 2142 1701 2232 eligitur3
1751 2149 1816 2209 et
1840 2142 2109 2231 insuper
2154 2142 2417 2211 duobus
2463 2141 2545 2211 de

253 2241 427 2308 clero
464 2243 764 2326 civitatis,
818 2266 1106 2334 quorum
1150 2267 1327 2312 unus
1376 2245 1461 2312 ab
1518 2245 1868 2335 Episcop0,
1915 2245 2073 2312 alter
2115 2267 2152 2312 a
2191 2245 2361 2313 clero
2417 2243 2548 2313 eli·-

250 2347 508 2436 gendus
547 2357 658 2416 est.
686 2348 798 2417 Isti
829 2371 976 2416 vero
998 2354 1301 2438 quatuor,
1321 2351 1508 2440 juxta
1527 2356 1819 2418 tenorem
1853 2349 2116 2434 decreti,
2144 2353 2549 2418 constituun-

248 2458 357 2522 tur
403 2454 768 2524 consilium.
791 2453 1103 2548 Episcopi
1149 2455 1216 2523 in
1266 2455 1694 2547 procurandis
1735 2456 2081 2526 seminario
2129 2455 2453 2526 reditibus
2482 2461 2548 2526 et

247 2559 316 2628 in
366 2561 564 2629 modo
632 2562 779 2631 illos
858 2562 1104 2630 reditus
1180 2561 1393 2631 eidem
1470 2561 1824 2631 seminario
1887 2562 2277 2653 applicandi.
2352 2559 2544 2632 Unde

249 2668 529 2737 secunda
579 2667 719 2738 haec
766 2669 1139 2737 commissio
1197 2690 1314 2759 pro
1337 2668 1612 2758 -objecto
1666 2659 1861 2736 habet
1911 2667 2546 2736 administrationem

255 2769 544 2859 aliquam
573 2797 805 2842 :rerum
839 2775 1298 2864 temporalium
1337 2776 1672 2843 seminarii
1705 2802 1723 2861 3
1760 2781 1822 2841 et
1858 2774 2075 2840 vocari
2117 2778 2327 2861 potest
2367 2793 2550 2840 com-

252 2877 486 2944 missio
504 2899 628 2968 pro
658 2878 1248 2962 administratione
1282 2880 1649 2971 temporali
1678 2878 2226 2947 seminar-iorum.
2258 2875 2550 2946 Tertiam

246 2981 519 3050 tandem
569 2984 1026 3075 deputatorum
1076 2985 1349 3051 classem
1393 2985 1763 3074 reperimus
1814 2981 1919 3049 his
1967 2982 2205 3049 decreti
2239 2981 2550 3052 *terminis

248 3093 658 3180 expressamz
718 3090 1033 3158 Rationes
1083 3101 1314 3157 autem
1382 3088 1724 3157 redituum
1779 3087 2135 3156 seminarii
2184 3087 2548 3179 Episcopus

248 3196 456 3264 annis-
475 3195 787 3289 sinqulis
816 3195 1142 3286 accipiat,
1177 3195 1626 3286 pra-sentibus
1659 3194 1917 3263 duobus
1943 3218 1988 3262 a
2012 3193 2313 3285 capitulo
2349 3207 2417 3265 et
2449 3207 2546 3265 to·

252 3301 456 3384 tidem
494 3303 548 3370 α’
588 3304 755 3370 clero
799 3300 1103 3369 civitatis
1155 3300 1526 3393 deputatis.
1580 3302 1679 3369 lbi
1725 3301 1907 3370 enim
1949 3301 2365 3391 reperiuntur
2407 3301 2544 3372 duo

248 3408 351 3477 alii
368 3410 674 3479 canonici
701 3430 739 3476 a
765 3409 1043 3498 capitulo
1066 3409 1265 3477 ambo
1290 3408 1674 3500 deputandi,
1696 3408 1909 3477 etduo
1934 3408 2016 3476 de
2039 3409 2212 3477 clero
2232 3411 2539 3497 civitatis,

245 3518 434 3587 ambo
464 3516 716 3609 pariter
746 3516 829 3582 ab
857 3516 1084 3582 eodem
1125 3517 1299 3584 clero
1331 3517 1720 3584 nominandi
1746 3543 1764 3603 ;
1811 3521 1874 3583 et
1907 3522 2111 3584 coetus
2135 3516 2246 3583 ille
2278 3538 2398 3607 pro
2423 3515 2543 3583 ob-

238 3622 403 3711 jecto
454 3619 730 3715 speciali
771 3620 965 3689 habet
1003 3624 1291 3689 assistere
1319 3621 1664 3712 Episcopo..
1710 3622 1870 3689 dum
1909 3623 1970 3689 ei
2018 3622 2377 3710 quotannis·
2425 3613 2543 3706 qai

247 3736 476 3818 regunt
525 3728 967 3797 seminarium
1016 3726 1591 3795 administrationis
1632 3729 1949 3796 rationem
1985 3726 2295 3795 redd-unt
2339 3722 2543 3794 Porro

245 3834 419 3903 tertia
444 3834 561 3903 illa
579 3834 1049 3954 deputatorum
1068 3831 1287 3900 classis
1315 3834 1529 3900 vocari
1558 3838 1764 3924 potest
1783 3833 2160 3903 commissio
2182 3825 2541 3901 reddendae

247 3939 531 4008 rationis
561 3941 649 4008 de
677 3938 1011 4007 seminarii
1034 3938 1618 4008 administratione.
2520 3953 2525 3974 ²

329 4047 533 4115 Paulo
562 4046 753 4113 aliter
783 4046 1064 4114 diversas
1100 4046 1342 4137 species
1368 4047 1826 4139 deputatorum
1868 4042 2217 4132 distinguit
2247 4041 2540 4117 Ferraris

251 4150 465 4242 (verbo
502 4151 974 4239 Seminarium,
1009 4174 1079 4220 n.
1124 4152 1231 4243 9):
1287 4178 1322 4216 «
1344 4150 1471 4221 Pro
1517 4147 2074 4219 administratione
2112 4153 2177 4216 et
2214 4153 2539 4241 regimine

256 4282 291 4322 α
312 4257 652 4327 seminarii
698 4257 1009 4326 faciendae
1054 4262 1429 4325 statuuntur
1467 4263 1595 4323 tres
1635 4254 1878 4344 species
1915 4253 2372 4346 deputatorum
2420 4270 2535 4319 seu

258 4387 291 4427 (ι
316 4363 791 4434 consultorum.
827 4361 1049 4432 Prima
1066 4361 1309 4454 species
1331 4366 1427 4429 est
1454 4359 1740 4427 duorum
1781 4361 2249 4429 canonicorum
2280 4359 2362 4424 ab
2382 4351 2535 4444 Epi-
