<?xml version="1.0" encoding="UTF-8"?>
<!DOCTYPE html PUBLIC "-//W3C//DTD XHTML 1.0 Transitional//EN"
    "http://www.w3.org/TR/xhtml1/DTD/xhtml1-transitional.dtd">
<html xmlns="http://www.w3.org/1999/xhtml" xml:lang="en" lang="en">
 <head>
  <title>
</title>
<meta http-equiv="Content-Type" content="text/html;charset=utf-8" />
  <meta name='ocr-system' content='tesseract 3.04.00' />
  <meta name='ocr-capabilities' content='ocr_page ocr_carea ocr_par ocr_line ocrx_word'/>
</head>
<body>
  <div class='ocr_page' id='page_1' title='image "./tractatusdecapi00bouigoog_0421.png"; bbox 0 0 2930 4982; ppageno 0'>
   <div class='ocr_carea' id='block_1_1' title="bbox 1088 311 2464 370">
    <p class='ocr_par' dir='ltr' id='par_1_1' title="bbox 1088 311 2464 370">
     <span class='ocr_line' id='line_1_1' title="bbox 1088 311 2464 370; baseline 0.002 -3"><span class='ocrx_word' id='word_1_1' title='bbox 1088 320 1168 367; x_wconf 78' lang='grc'><strong>1111</strong></span> <span class='ocrx_word' id='word_1_2' title='bbox 1212 318 1539 367; x_wconf 60' lang='lat' dir='ltr'><strong>carneus.</strong></span> <span class='ocrx_word' id='word_1_3' title='bbox 2339 311 2464 370; x_wconf 84' lang='grc'><strong>383</strong></span> 
     </span>
    </p>
   </div>
   <div class='ocr_carea' id='block_1_2' title="bbox 188 435 2503 4444">
    <p class='ocr_par' dir='ltr' id='par_1_2' title="bbox 200 435 2460 635">
     <span class='ocr_line' id='line_1_2' title="bbox 200 435 2460 531; baseline 0.003 -26"><span class='ocrx_word' id='word_1_4' title='bbox 200 442 448 531; x_wconf 81' lang='lat' dir='ltr'><strong>cernunt</strong></span> <span class='ocrx_word' id='word_1_5' title='bbox 474 436 948 509; x_wconf 74' lang='lat' dir='ltr'><strong>ordinationem</strong></span> <span class='ocrx_word' id='word_1_6' title='bbox 972 439 1182 523; x_wconf 90' lang='lat' dir='ltr'><strong>chori,</strong></span> <span class='ocrx_word' id='word_1_7' title='bbox 1215 461 1290 507; x_wconf 86' lang='lat' dir='ltr'><strong>ex</strong></span> <span class='ocrx_word' id='word_1_8' title='bbox 1318 438 1479 507; x_wconf 83' lang='lat' dir='ltr'><strong>Rota</strong></span> <span class='ocrx_word' id='word_1_9' title='bbox 1505 435 1572 529; x_wconf 84' lang='lat'><strong>(3</strong></span> <span class='ocrx_word' id='word_1_10' title='bbox 1604 437 1964 509; x_wconf 82' lang='lat' dir='ltr'><strong>decembris</strong></span> <span class='ocrx_word' id='word_1_11' title='bbox 2007 439 2209 528; x_wconf 84' lang='lat'><strong>1593,</strong></span> <span class='ocrx_word' id='word_1_12' title='bbox 2241 462 2460 511; x_wconf 84' lang='lat' dir='ltr'><strong>coram</strong></span> 
     </span>
     <span class='ocr_line' id='line_1_3' title="bbox 200 543 2193 635; baseline -0.005 -22"><span class='ocrx_word' id='word_1_13' title='bbox 200 543 523 635; x_wconf 89' lang='lat' dir='ltr'><strong>Corduba).</strong></span> <span class='ocrx_word' id='word_1_14' title='bbox 2184 566 2193 579; x_wconf 88' lang='lat'>·</span> 
     </span>
    </p>

    <p class='ocr_par' dir='ltr' id='par_1_3' title="bbox 192 646 2465 1061">
     <span class='ocr_line' id='line_1_4' title="bbox 275 646 2465 742; baseline 0.004 -28"><span class='ocrx_word' id='word_1_15' title='bbox 275 676 314 717; x_wconf 72' lang='grc' dir='ltr'><strong>,α</strong></span> <span class='ocrx_word' id='word_1_16' title='bbox 356 650 506 719; x_wconf 73' lang='lat' dir='ltr'><strong>Haec</strong></span> <span class='ocrx_word' id='word_1_17' title='bbox 543 672 736 742; x_wconf 91' lang='lat' dir='ltr'><strong>porro</strong></span> <span class='ocrx_word' id='word_1_18' title='bbox 771 651 850 719; x_wconf 91' lang='lat' dir='ltr'><strong>de</strong></span> <span class='ocrx_word' id='word_1_19' title='bbox 900 649 1007 719; x_wconf 88' lang='lat' dir='ltr'><strong>his</strong></span> <span class='ocrx_word' id='word_1_20' title='bbox 1057 646 1257 719; x_wconf 85' lang='lat' dir='ltr'><strong>rebus</strong></span> <span class='ocrx_word' id='word_1_21' title='bbox 1304 655 1538 720; x_wconf 83' lang='lat' dir='ltr'><strong>statuta</strong></span> <span class='ocrx_word' id='word_1_22' title='bbox 1567 655 1771 741; x_wconf 85' lang='lat' dir='ltr'><strong>potest</strong></span> <span class='ocrx_word' id='word_1_23' title='bbox 1805 651 2164 741; x_wconf 88' lang='lat' dir='ltr'><strong>capitulum</strong></span> <span class='ocrx_word' id='word_1_24' title='bbox 2190 654 2465 723; x_wconf 87' lang='lat' dir='ltr'><strong>condere</strong></span> 
     </span>
     <span class='ocr_line' id='line_1_5' title="bbox 199 755 2465 848; baseline 0.002 -24"><span class='ocrx_word' id='word_1_25' title='bbox 199 755 417 846; x_wconf 83' lang='lat' dir='ltr'><strong>absque</strong></span> <span class='ocrx_word' id='word_1_26' title='bbox 461 756 951 848; x_wconf 82' lang='lat' dir='ltr'>participatione</span> <span class='ocrx_word' id='word_1_27' title='bbox 1009 756 1576 840; x_wconf 87' lang='lat' dir='ltr'><strong>beneficiatorum,</strong></span> <span class='ocrx_word' id='word_1_28' title='bbox 1635 756 1753 846; x_wconf 88' lang='lat' dir='ltr'><strong>qui</strong></span> <span class='ocrx_word' id='word_1_29' title='bbox 1812 762 2115 846; x_wconf 80' lang='lat' dir='ltr'>tanquam</span> <span class='ocrx_word' id='word_1_30' title='bbox 2183 760 2465 829; x_wconf 87' lang='lat' dir='ltr'><strong>ministri</strong></span> 
     </span>
     <span class='ocr_line' id='line_1_6' title="bbox 192 862 2462 956; baseline 0.003 -26"><span class='ocrx_word' id='word_1_31' title='bbox 192 863 452 932; x_wconf 83' lang='lat' dir='ltr'><strong>ecclesiae</strong></span> <span class='ocrx_word' id='word_1_32' title='bbox 508 865 906 933; x_wconf 81' lang='lat' dir='ltr'><strong>tenebuntur</strong></span> <span class='ocrx_word' id='word_1_33' title='bbox 951 865 1088 933; x_wconf 88' lang='lat' dir='ltr'><strong>illis</strong></span> <span class='ocrx_word' id='word_1_34' title='bbox 1133 886 1359 956; x_wconf 86' lang='lat' dir='ltr'><strong>parere</strong></span> <span class='ocrx_word' id='word_1_35' title='bbox 1381 916 1401 947; x_wconf 90' lang='lat'><strong>,</strong></span> <span class='ocrx_word' id='word_1_36' title='bbox 1462 887 1541 932; x_wconf 87' lang='lat' dir='ltr'><strong>ex</strong></span> <span class='ocrx_word' id='word_1_37' title='bbox 1608 862 1769 931; x_wconf 88' lang='lat' dir='ltr'><strong>Rota</strong></span> <span class='ocrx_word' id='word_1_38' title='bbox 1813 862 2038 955; x_wconf 89' lang='lat' dir='ltr'><strong>(decis.</strong></span> <span class='ocrx_word' id='word_1_39' title='bbox 2085 864 2200 948; x_wconf 80' lang='lat'><strong>67,</strong></span> <span class='ocrx_word' id='word_1_40' title='bbox 2249 887 2462 935; x_wconf 88' lang='lat' dir='ltr'><strong>coram</strong></span> 
     </span>
     <span class='ocr_line' id='line_1_7' title="bbox 195 967 1953 1061; baseline 0.001 -26"><span class='ocrx_word' id='word_1_41' title='bbox 195 967 501 1057; x_wconf 84' lang='lat' dir='ltr'><strong>Merlino),</strong></span> <span class='ocrx_word' id='word_1_42' title='bbox 524 978 683 1040; x_wconf 78' lang='lat' dir='ltr'><strong>etex</strong></span> <span class='ocrx_word' id='word_1_43' title='bbox 733 971 1095 1061; x_wconf 85' lang='lat' dir='ltr'><strong>Pignatello</strong></span> <span class='ocrx_word' id='word_1_44' title='bbox 1128 971 1429 1060; x_wconf 81' lang='lat' dir='ltr'>(consult.</span> <span class='ocrx_word' id='word_1_45' title='bbox 1464 972 1578 1057; x_wconf 81' lang='lat'><strong>49,</strong></span> <span class='ocrx_word' id='word_1_46' title='bbox 1610 976 1771 1037; x_wconf 91' lang='lat' dir='ltr'><strong>tom.</strong></span> <span class='ocrx_word' id='word_1_47' title='bbox 1808 968 1953 1058; x_wconf 90' lang='lat' dir='ltr'><strong>Vl).</strong></span> 
     </span>
    </p>

    <p class='ocr_par' dir='ltr' id='par_1_4' title="bbox 190 1074 2480 2125">
     <span class='ocr_line' id='line_1_8' title="bbox 277 1074 2477 1166; baseline 0.002 -28"><span class='ocrx_word' id='word_1_48' title='bbox 277 1100 311 1139; x_wconf 86' lang='lat'>«</span> <span class='ocrx_word' id='word_1_49' title='bbox 343 1075 483 1143; x_wconf 89' lang='lat' dir='ltr'><strong>lmo</strong></span> <span class='ocrx_word' id='word_1_50' title='bbox 532 1083 755 1144; x_wconf 86' lang='lat' dir='ltr'><strong>contra</strong></span> <span class='ocrx_word' id='word_1_51' title='bbox 800 1078 1066 1145; x_wconf 89' lang='lat' dir='ltr'><strong>clericos</strong></span> <span class='ocrx_word' id='word_1_52' title='bbox 1116 1078 1566 1166; x_wconf 84' lang='lat' dir='ltr'><strong>delinquentes</strong></span> <span class='ocrx_word' id='word_1_53' title='bbox 1610 1078 1676 1144; x_wconf 90' lang='lat' dir='ltr'><strong>in</strong></span> <span class='ocrx_word' id='word_1_54' title='bbox 1728 1076 1928 1143; x_wconf 89' lang='lat' dir='ltr'><strong>choro</strong></span> <span class='ocrx_word' id='word_1_55' title='bbox 1976 1074 2078 1143; x_wconf 83' lang='lat' dir='ltr'><strong>vel</strong></span> <span class='ocrx_word' id='word_1_56' title='bbox 2121 1096 2254 1142; x_wconf 89' lang='lat' dir='ltr'><strong>non</strong></span> <span class='ocrx_word' id='word_1_57' title='bbox 2307 1083 2477 1144; x_wconf 85' lang='lat' dir='ltr'><strong>recte</strong></span> 
     </span>
     <span class='ocr_line' id='line_1_9' title="bbox 191 1181 2474 1270; baseline 0.002 -24"><span class='ocrx_word' id='word_1_58' title='bbox 191 1181 694 1270; x_wconf 86' lang='lat' dir='ltr'><strong>pronuntiando,</strong></span> <span class='ocrx_word' id='word_1_59' title='bbox 746 1182 847 1251; x_wconf 84' lang='lat' dir='ltr'><strong>vel</strong></span> <span class='ocrx_word' id='word_1_60' title='bbox 914 1202 1045 1250; x_wconf 88' lang='lat' dir='ltr'><strong>non</strong></span> <span class='ocrx_word' id='word_1_61' title='bbox 1109 1183 1487 1266; x_wconf 85' lang='lat' dir='ltr'><strong>assistendo,</strong></span> <span class='ocrx_word' id='word_1_62' title='bbox 1550 1184 1652 1251; x_wconf 82' lang='lat' dir='ltr'><strong>vel</strong></span> <span class='ocrx_word' id='word_1_63' title='bbox 1701 1181 2056 1251; x_wconf 89' lang='lat' dir='ltr'><strong>recedendo</strong></span> <span class='ocrx_word' id='word_1_64' title='bbox 2107 1182 2189 1249; x_wconf 90' lang='lat' dir='ltr'><strong>ab</strong></span> <span class='ocrx_word' id='word_1_65' title='bbox 2244 1182 2474 1250; x_wconf 83' lang='lat' dir='ltr'><strong>eodem</strong></span> 
     </span>
     <span class='ocr_line' id='line_1_10' title="bbox 192 1286 2470 1381; baseline 0.001 -28"><span class='ocrx_word' id='word_1_66' title='bbox 192 1286 382 1354; x_wconf 88' lang='lat' dir='ltr'><strong>choro</strong></span> <span class='ocrx_word' id='word_1_67' title='bbox 417 1288 661 1377; x_wconf 81' lang='lat' dir='ltr'><strong>absque</strong></span> <span class='ocrx_word' id='word_1_68' title='bbox 699 1288 959 1357; x_wconf 86' lang='lat' dir='ltr'><strong>licentia</strong></span> <span class='ocrx_word' id='word_1_69' title='bbox 987 1289 1234 1357; x_wconf 78' lang='lat' dir='ltr'><strong>&#39;decani</strong></span> <span class='ocrx_word' id='word_1_70' title='bbox 1269 1289 1371 1357; x_wconf 83' lang='lat' dir='ltr'><strong>vel</strong></span> <span class='ocrx_word' id='word_1_71' title='bbox 1417 1290 1772 1381; x_wconf 79' lang='lat' dir='ltr'><strong>prae&#39;positi,</strong></span> <span class='ocrx_word' id='word_1_72' title='bbox 1830 1287 2063 1379; x_wconf 87' lang='lat' dir='ltr'><strong>poterit</strong></span> <span class='ocrx_word' id='word_1_73' title='bbox 2109 1287 2470 1380; x_wconf 87' lang='lat' dir='ltr'><strong>capitulum</strong></span> 
     </span>
     <span class='ocr_line' id='line_1_11' title="bbox 192 1393 2477 1489; baseline 0.002 -29"><span class='ocrx_word' id='word_1_74' title='bbox 192 1393 423 1482; x_wconf 86' lang='lat' dir='ltr'><strong>aliquas</strong></span> <span class='ocrx_word' id='word_1_75' title='bbox 452 1396 763 1463; x_wconf 79' lang='lat' dir='ltr'><strong>salutares</strong></span> <span class='ocrx_word' id='word_1_76' title='bbox 791 1397 1203 1486; x_wconf 84' lang='lat' dir='ltr'><strong>poenitentias</strong></span> <span class='ocrx_word' id='word_1_77' title='bbox 1240 1397 1412 1463; x_wconf 84' lang='lat' dir='ltr'><strong>leves</strong></span> <span class='ocrx_word' id='word_1_78' title='bbox 1448 1396 2017 1489; x_wconf 84' lang='lat' dir='ltr'><strong>extrajudicialiter</strong></span> <span class='ocrx_word' id='word_1_79' title='bbox 2046 1400 2107 1461; x_wconf 87' lang='lat' dir='ltr'><strong>et</strong></span> <span class='ocrx_word' id='word_1_80' title='bbox 2126 1394 2207 1462; x_wconf 90' lang='lat' dir='ltr'><strong>ad</strong></span> <span class='ocrx_word' id='word_1_81' title='bbox 2232 1418 2477 1464; x_wconf 87' lang='lat' dir='ltr'><strong>correc-</strong></span> 
     </span>
     <span class='ocr_line' id='line_1_12' title="bbox 190 1500 2476 1593; baseline 0 -27"><span class='ocrx_word' id='word_1_82' title='bbox 190 1500 419 1568; x_wconf 86' lang='lat' dir='ltr'><strong>tionem</strong></span> <span class='ocrx_word' id='word_1_83' title='bbox 451 1502 831 1593; x_wconf 84' lang='lat' dir='ltr'><strong>injungere.</strong></span> <span class='ocrx_word' id='word_1_84' title='bbox 873 1503 989 1592; x_wconf 84' lang='lat' dir='ltr'><strong>(Ex</strong></span> <span class='ocrx_word' id='word_1_85' title='bbox 1025 1502 1211 1583; x_wconf 87' lang='lat' dir='ltr'><strong>Rota,</strong></span> <span class='ocrx_word' id='word_1_86' title='bbox 1245 1503 1442 1572; x_wconf 88' lang='lat' dir='ltr'><strong>decis.</strong></span> <span class='ocrx_word' id='word_1_87' title='bbox 1481 1503 1642 1586; x_wconf 76' lang='grc'><strong>432,</strong></span> <span class='ocrx_word' id='word_1_88' title='bbox 1680 1509 1846 1593; x_wconf 86' lang='lat' dir='ltr'><strong>part.</strong></span> <span class='ocrx_word' id='word_1_89' title='bbox 1875 1500 1944 1571; x_wconf 89' lang='grc'><strong>3.</strong></span> <span class='ocrx_word' id='word_1_90' title='bbox 1977 1501 2172 1591; x_wconf 87' lang='lat' dir='ltr'><strong>Apud</strong></span> <span class='ocrx_word' id='word_1_91' title='bbox 2197 1500 2476 1568; x_wconf 88' lang='lat' dir='ltr'><strong>Clerica-</strong></span> 
     </span>
     <span class='ocr_line' id='line_1_13' title="bbox 191 1606 2472 1700; baseline 0.001 -28"><span class='ocrx_word' id='word_1_92' title='bbox 191 1610 318 1674; x_wconf 86' lang='lat' dir='ltr'><strong>tum</strong></span> <span class='ocrx_word' id='word_1_93' title='bbox 348 1617 522 1698; x_wconf 86' lang='lat' dir='ltr'><strong>part.</strong></span> <span class='ocrx_word' id='word_1_94' title='bbox 558 1609 626 1694; x_wconf 87' lang='lat'><strong>3,</strong></span> <span class='ocrx_word' id='word_1_95' title='bbox 660 1611 934 1678; x_wconf 85' lang='lat' dir='ltr'><strong>discurs.</strong></span> <span class='ocrx_word' id='word_1_96' title='bbox 965 1609 1056 1700; x_wconf 84' lang='lat'><strong>6).</strong></span> <span class='ocrx_word' id='word_1_97' title='bbox 1099 1610 1247 1679; x_wconf 88' lang='lat' dir='ltr'><strong>Dixi</strong></span> <span class='ocrx_word' id='word_1_98' title='bbox 1277 1608 1889 1700; x_wconf 78' lang='lat' dir='ltr'><strong>extrajudicialiter3</strong></span> <span class='ocrx_word' id='word_1_99' title='bbox 1926 1630 2081 1677; x_wconf 90' lang='lat' dir='ltr'><strong>nam</strong></span> <span class='ocrx_word' id='word_1_100' title='bbox 2110 1606 2472 1699; x_wconf 87' lang='lat' dir='ltr'><strong>capitulum</strong></span> 
     </span>
     <span class='ocr_line' id='line_1_14' title="bbox 195 1710 2480 1806; baseline 0.003 -32"><span class='ocrx_word' id='word_1_101' title='bbox 195 1711 438 1779; x_wconf 89' lang='lat' dir='ltr'><strong>nullum</strong></span> <span class='ocrx_word' id='word_1_102' title='bbox 483 1714 686 1781; x_wconf 88' lang='lat' dir='ltr'><strong>habet</strong></span> <span class='ocrx_word' id='word_1_103' title='bbox 704 1710 1244 1804; x_wconf 55' lang='lat' dir='ltr'><strong>jus‘procedendi</strong></span> <span class='ocrx_word' id='word_1_104' title='bbox 1286 1716 1687 1806; x_wconf 87' lang='lat' dir='ltr'><strong>judicialiter</strong></span> <span class='ocrx_word' id='word_1_105' title='bbox 1729 1721 1953 1783; x_wconf 89' lang='lat' dir='ltr'><strong>contra</strong></span> <span class='ocrx_word' id='word_1_106' title='bbox 1977 1714 2241 1783; x_wconf 87' lang='lat' dir='ltr'><strong>clericos</strong></span> <span class='ocrx_word' id='word_1_107' title='bbox 2268 1712 2480 1782; x_wconf 90' lang='lat' dir='ltr'><strong>delin-</strong></span> 
     </span>
     <span class='ocr_line' id='line_1_15' title="bbox 193 1823 2480 1915; baseline 0.001 -27"><span class='ocrx_word' id='word_1_108' title='bbox 193 1827 448 1908; x_wconf 88' lang='lat' dir='ltr'><strong>quentes</strong></span> <span class='ocrx_word' id='word_1_109' title='bbox 478 1846 617 1891; x_wconf 82' lang='lat' dir='ltr'><strong>suae</strong></span> <span class='ocrx_word' id='word_1_110' title='bbox 643 1825 970 1912; x_wconf 68' lang='lat' dir='ltr'><strong>ecclesiae,</strong></span> <span class='ocrx_word' id='word_1_111' title='bbox 1002 1826 1257 1893; x_wconf 87' lang='lat' dir='ltr'><strong>etiamsi</strong></span> <span class='ocrx_word' id='word_1_112' title='bbox 1286 1826 1522 1893; x_wconf 85' lang='lat' dir='ltr'><strong>delicta</strong></span> <span class='ocrx_word' id='word_1_113' title='bbox 1575 1826 1706 1892; x_wconf 87' lang='lat' dir='ltr'><strong>sint</strong></span> <span class='ocrx_word' id='word_1_114' title='bbox 1733 1826 1898 1893; x_wconf 87' lang='lat' dir='ltr'><strong>levia</strong></span> <span class='ocrx_word' id='word_1_115' title='bbox 1951 1832 2014 1893; x_wconf 90' lang='lat' dir='ltr'><strong>et</strong></span> <span class='ocrx_word' id='word_1_116' title='bbox 2051 1823 2373 1915; x_wconf 88' lang='lat' dir='ltr'><strong>ejusmodi</strong></span> <span class='ocrx_word' id='word_1_117' title='bbox 2410 1831 2480 1891; x_wconf 88' lang='lat' dir='ltr'><strong>ut</strong></span> 
     </span>
     <span class='ocr_line' id='line_1_16' title="bbox 194 1928 2472 2020; baseline 0.001 -28"><span class='ocrx_word' id='word_1_118' title='bbox 194 1945 316 1993; x_wconf 90' lang='lat' dir='ltr'><strong>non</strong></span> <span class='ocrx_word' id='word_1_119' title='bbox 341 1935 713 1997; x_wconf 85' lang='lat' dir='ltr'><strong>mereantur</strong></span> <span class='ocrx_word' id='word_1_120' title='bbox 736 1950 998 2020; x_wconf 82' lang='lat' dir='ltr'><strong>poenam</strong></span> <span class='ocrx_word' id='word_1_121' title='bbox 1028 1929 1455 2020; x_wconf 83' lang='lat' dir='ltr'><strong>corporalem,</strong></span> <span class='ocrx_word' id='word_1_122' title='bbox 1476 1934 1550 1996; x_wconf 87' lang='lat' dir='ltr'><strong>ut</strong></span> <span class='ocrx_word' id='word_1_123' title='bbox 1570 1935 1815 1997; x_wconf 89' lang='lat' dir='ltr'><strong>constat</strong></span> <span class='ocrx_word' id='word_1_124' title='bbox 1832 1952 1909 1997; x_wconf 86' lang='lat' dir='ltr'><strong>ex</strong></span> <span class='ocrx_word' id='word_1_125' title='bbox 1934 1928 2117 1996; x_wconf 85' lang='lat' dir='ltr'><strong>Trid.</strong></span> <span class='ocrx_word' id='word_1_126' title='bbox 2134 1980 2153 2008; x_wconf 91' lang='lat'><strong>,</strong></span> <span class='ocrx_word' id='word_1_127' title='bbox 2182 1951 2337 1997; x_wconf 77' lang='lat' dir='ltr'><strong>sess,</strong></span> <span class='ocrx_word' id='word_1_128' title='bbox 2360 1928 2472 2009; x_wconf 81' lang='grc'><strong>24,</strong></span> 
     </span>
     <span class='ocr_line' id='line_1_17' title="bbox 195 2033 1820 2125; baseline 0.003 -27"><span class='ocrx_word' id='word_1_129' title='bbox 195 2052 247 2098; x_wconf 83' lang='lat' dir='ltr'><strong>e.</strong></span> <span class='ocrx_word' id='word_1_130' title='bbox 274 2033 387 2117; x_wconf 84' lang='grc'><strong>20,</strong></span> <span class='ocrx_word' id='word_1_131' title='bbox 420 2039 518 2102; x_wconf 92' lang='lat' dir='ltr'><strong>De</strong></span> <span class='ocrx_word' id='word_1_132' title='bbox 539 2038 667 2125; x_wconf 78' lang='lat' dir='ltr'><strong>ref.</strong></span> <span class='ocrx_word' id='word_1_133' title='bbox 1815 2046 1820 2051; x_wconf 81' lang='grc'><em>“</em></span> 
     </span>
    </p>

    <p class='ocr_par' dir='ltr' id='par_1_5' title="bbox 188 2139 2489 2529">
     <span class='ocr_line' id='line_1_18' title="bbox 287 2139 2488 2231; baseline 0.002 -29"><span class='ocrx_word' id='word_1_134' title='bbox 287 2165 323 2202; x_wconf 87' lang='lat'>«</span> <span class='ocrx_word' id='word_1_135' title='bbox 347 2140 499 2207; x_wconf 87' lang='lat' dir='ltr'><strong>Huc</strong></span> <span class='ocrx_word' id='word_1_136' title='bbox 530 2143 991 2231; x_wconf 74' lang='lat' dir='ltr'><strong>revoces2quod</strong></span> <span class='ocrx_word' id='word_1_137' title='bbox 1030 2140 1323 2209; x_wconf 88' lang='lat' dir='ltr'><strong>Nicolius</strong></span> <span class='ocrx_word' id='word_1_138' title='bbox 1372 2139 1467 2230; x_wconf 91' lang='lat' dir='ltr'><strong>(in</strong></span> <span class='ocrx_word' id='word_1_139' title='bbox 1497 2139 1856 2229; x_wconf 85' lang='lat' dir='ltr'><strong>Floseulis)</strong></span> <span class='ocrx_word' id='word_1_140' title='bbox 1886 2140 2080 2206; x_wconf 73' lang='lat' dir='ltr'><strong>refert</strong></span> <span class='ocrx_word' id='word_1_141' title='bbox 2115 2140 2407 2208; x_wconf 88' lang='lat' dir='ltr'><strong>decisum</strong></span> <span class='ocrx_word' id='word_1_142' title='bbox 2451 2163 2488 2206; x_wconf 89' lang='lat' dir='ltr'><strong>a</strong></span> 
     </span>
     <span class='ocr_line' id='line_1_19' title="bbox 188 2239 2489 2334; baseline 0.001 -26"><span class='ocrx_word' id='word_1_143' title='bbox 188 2239 390 2308; x_wconf 87' lang='lat' dir='ltr'><strong>Sacra</strong></span> <span class='ocrx_word' id='word_1_144' title='bbox 418 2243 931 2334; x_wconf 84' lang='lat' dir='ltr'><strong>Congregatione</strong></span> <span class='ocrx_word' id='word_1_145' title='bbox 977 2246 1071 2334; x_wconf 75' lang='lat' dir='ltr'><strong>(in</strong></span> <span class='ocrx_word' id='word_1_146' title='bbox 1108 2245 1453 2328; x_wconf 88' lang='lat' dir='ltr'><strong>Fundana,</strong></span> <span class='ocrx_word' id='word_1_147' title='bbox 1495 2244 1724 2334; x_wconf 82' lang='grc'><strong>1602),</strong></span> <span class='ocrx_word' id='word_1_148' title='bbox 1764 2266 1898 2311; x_wconf 83' lang='grc'><strong>11011</strong></span> <span class='ocrx_word' id='word_1_149' title='bbox 1939 2266 2120 2334; x_wconf 91' lang='lat' dir='ltr'><strong>posse</strong></span> <span class='ocrx_word' id='word_1_150' title='bbox 2145 2245 2489 2312; x_wconf 88' lang='lat' dir='ltr'><strong>canonicos</strong></span> 
     </span>
     <span class='ocr_line' id='line_1_20' title="bbox 191 2346 2489 2441; baseline 0.003 -28"><span class='ocrx_word' id='word_1_151' title='bbox 191 2347 456 2437; x_wconf 83' lang='lat' dir='ltr'><strong>affigere</strong></span> <span class='ocrx_word' id='word_1_152' title='bbox 486 2351 551 2417; x_wconf 90' lang='lat' dir='ltr'><strong>in</strong></span> <span class='ocrx_word' id='word_1_153' title='bbox 580 2352 852 2419; x_wconf 86' lang='lat' dir='ltr'><strong>ecclesia</strong></span> <span class='ocrx_word' id='word_1_154' title='bbox 877 2346 1307 2419; x_wconf 40' lang='lat' dir='ltr'><strong>velasaeristta</strong></span> <span class='ocrx_word' id='word_1_155' title='bbox 1345 2353 1745 2441; x_wconf 83' lang='lat' dir='ltr'><strong>scripturam</strong></span> <span class='ocrx_word' id='word_1_156' title='bbox 1774 2350 2062 2440; x_wconf 85' lang='lat' dir='ltr'><strong>aliquam</strong></span> <span class='ocrx_word' id='word_1_157' title='bbox 2096 2367 2489 2419; x_wconf 88' lang='lat' dir='ltr'><strong>concernen-</strong></span> 
     </span>
     <span class='ocr_line' id='line_1_21' title="bbox 190 2457 1904 2529; baseline 0.002 -7"><span class='ocrx_word' id='word_1_158' title='bbox 190 2459 320 2523; x_wconf 90' lang='lat' dir='ltr'><strong>tem</strong></span> <span class='ocrx_word' id='word_1_159' title='bbox 356 2458 706 2526; x_wconf 82' lang='lat' dir='ltr'><strong>servitium</strong></span> <span class='ocrx_word' id='word_1_160' title='bbox 722 2458 1179 2529; x_wconf 79' lang='lat' dir='ltr'><strong>ecclesiae‘sine</strong></span> <span class='ocrx_word' id='word_1_161' title='bbox 1201 2470 1516 2528; x_wconf 86' lang='lat' dir='ltr'><strong>consensu</strong></span> <span class='ocrx_word' id='word_1_162' title='bbox 1549 2457 1904 2528; x_wconf 87' lang='lat' dir='ltr'><strong>Ordinarii.</strong></span> 
     </span>
    </p>

    <p class='ocr_par' dir='ltr' id='par_1_6' title="bbox 188 2564 2503 4444">
     <span class='ocr_line' id='line_1_22' title="bbox 285 2564 2487 2657; baseline 0.004 -32"><span class='ocrx_word' id='word_1_163' title='bbox 285 2589 319 2626; x_wconf 87' lang='lat'>«</span> <span class='ocrx_word' id='word_1_164' title='bbox 343 2564 433 2631; x_wconf 84' lang='lat' dir='ltr'><strong>Ea</strong></span> <span class='ocrx_word' id='word_1_165' title='bbox 446 2588 600 2635; x_wconf 86' lang='lat' dir='ltr'><strong>vero</strong></span> <span class='ocrx_word' id='word_1_166' title='bbox 619 2568 916 2656; x_wconf 84' lang='lat' dir='ltr'><strong>graviora</strong></span> <span class='ocrx_word' id='word_1_167' title='bbox 933 2588 1079 2657; x_wconf 85' lang='lat' dir='ltr'><strong>quae</strong></span> <span class='ocrx_word' id='word_1_168' title='bbox 1105 2571 1436 2656; x_wconf 80' lang='lat' dir='ltr'><strong>nequeunt</strong></span> <span class='ocrx_word' id='word_1_169' title='bbox 1455 2568 1646 2635; x_wconf 86' lang='lat' dir='ltr'><strong>statui</strong></span> <span class='ocrx_word' id='word_1_170' title='bbox 1671 2587 1708 2634; x_wconf 88' lang='lat' dir='ltr'><strong>a</strong></span> <span class='ocrx_word' id='word_1_171' title='bbox 1735 2566 2042 2657; x_wconf 85' lang='lat' dir='ltr'><strong>capitulo,</strong></span> <span class='ocrx_word' id='word_1_172' title='bbox 2065 2566 2172 2633; x_wconf 87' lang='lat' dir='ltr'><strong>scd</strong></span> <span class='ocrx_word' id='word_1_173' title='bbox 2196 2587 2487 2633; x_wconf 90' lang='lat' dir='ltr'><strong>necessa-</strong></span> 
     </span>
     <span class='ocr_line' id='line_1_23' title="bbox 188 2668 2490 2765; baseline 0.002 -32"><span class='ocrx_word' id='word_1_174' title='bbox 188 2668 285 2735; x_wconf 90' lang='lat' dir='ltr'><strong>rio</strong></span> <span class='ocrx_word' id='word_1_175' title='bbox 319 2673 666 2758; x_wconf 87' lang='lat' dir='ltr'><strong>requirunt</strong></span> <span class='ocrx_word' id='word_1_176' title='bbox 707 2694 1102 2741; x_wconf 88' lang='lat' dir='ltr'><strong>consensum</strong></span> <span class='ocrx_word' id='word_1_177' title='bbox 1134 2672 1462 2765; x_wconf 86' lang='lat' dir='ltr'><strong>Episcopi,</strong></span> <span class='ocrx_word' id='word_1_178' title='bbox 1502 2674 1862 2741; x_wconf 83' lang='lat' dir='ltr'><strong>universim</strong></span> <span class='ocrx_word' id='word_1_179' title='bbox 1905 2674 2215 2763; x_wconf 84' lang='lat' dir='ltr'><strong>explicuit</strong></span> <span class='ocrx_word' id='word_1_180' title='bbox 2257 2672 2490 2740; x_wconf 88' lang='lat' dir='ltr'><strong>Suarez</strong></span> 
     </span>
     <span class='ocr_line' id='line_1_24' title="bbox 189 2776 2491 2868; baseline 0.002 -30"><span class='ocrx_word' id='word_1_181' title='bbox 189 2796 309 2863; x_wconf 85' lang='lat' dir='ltr'><strong>per</strong></span> <span class='ocrx_word' id='word_1_182' title='bbox 341 2796 417 2840; x_wconf 88' lang='lat' dir='ltr'><strong>ea</strong></span> <span class='ocrx_word' id='word_1_183' title='bbox 454 2780 654 2845; x_wconf 81' lang='lat' dir='ltr'><strong>verba</strong></span> <span class='ocrx_word' id='word_1_184' title='bbox 686 2802 704 2846; x_wconf 85' lang='lat'>:</span> <span class='ocrx_word' id='word_1_185' title='bbox 742 2782 904 2861; x_wconf 80' lang='lat' dir='ltr'><strong>Quoe</strong></span> <span class='ocrx_word' id='word_1_186' title='bbox 942 2790 1246 2868; x_wconf 83' lang='lat' dir='ltr'><strong>spectant</strong></span> <span class='ocrx_word' id='word_1_187' title='bbox 1294 2778 1389 2847; x_wconf 84' lang='lat' dir='ltr'><strong>ad</strong></span> <span class='ocrx_word' id='word_1_188' title='bbox 1426 2779 1710 2847; x_wconf 68' lang='lat' dir='ltr'><strong>eeclesiae</strong></span> <span class='ocrx_word' id='word_1_189' title='bbox 1752 2776 2155 2845; x_wconf 78' lang='lat' dir='ltr'><strong>cathedralis</strong></span> <span class='ocrx_word' id='word_1_190' title='bbox 2195 2798 2491 2842; x_wconf 87' lang='lat' dir='ltr'><strong>eommo-</strong></span> 
     </span>
     <span class='ocr_line' id='line_1_25' title="bbox 190 2877 2490 2973; baseline 0 -27"><span class='ocrx_word' id='word_1_191' title='bbox 190 2877 386 2963; x_wconf 86' lang='lat' dir='ltr'><strong>dum,</strong></span> <span class='ocrx_word' id='word_1_192' title='bbox 420 2890 484 2944; x_wconf 81' lang='lat' dir='ltr'><strong>et</strong></span> <span class='ocrx_word' id='word_1_193' title='bbox 534 2880 623 2947; x_wconf 85' lang='lat' dir='ltr'><strong>ad</strong></span> <span class='ocrx_word' id='word_1_194' title='bbox 664 2883 1150 2950; x_wconf 81' lang='lat' dir='ltr'><strong>observantiam</strong></span> <span class='ocrx_word' id='word_1_195' title='bbox 1193 2884 1635 2973; x_wconf 81' lang='lat' dir='ltr'><strong>antiquarum</strong></span> <span class='ocrx_word' id='word_1_196' title='bbox 1675 2878 2223 2952; x_wconf 82' lang='lat' dir='ltr'><strong>consuetudinum</strong></span> <span class='ocrx_word' id='word_1_197' title='bbox 2261 2901 2283 2946; x_wconf 90' lang='lat'><strong>.·</strong></span> <span class='ocrx_word' id='word_1_198' title='bbox 2311 2880 2490 2949; x_wconf 86' lang='lat' dir='ltr'><strong>verbi</strong></span> 
     </span>
     <span class='ocr_line' id='line_1_26' title="bbox 191 2983 2489 3076; baseline 0.002 -27"><span class='ocrx_word' id='word_1_199' title='bbox 191 2983 423 3073; x_wconf 84' lang='lat' dir='ltr'><strong>gratia,</strong></span> <span class='ocrx_word' id='word_1_200' title='bbox 461 3006 597 3052; x_wconf 92' lang='lat' dir='ltr'><strong>non</strong></span> <span class='ocrx_word' id='word_1_201' title='bbox 629 2990 832 3076; x_wconf 83' lang='lat' dir='ltr'><strong>potest</strong></span> <span class='ocrx_word' id='word_1_202' title='bbox 868 2986 1224 3075; x_wconf 84' lang='lat' dir='ltr'><strong>capitulum</strong></span> <span class='ocrx_word' id='word_1_203' title='bbox 1254 2988 1605 3053; x_wconf 88' lang='lat' dir='ltr'><strong>concedere</strong></span> <span class='ocrx_word' id='word_1_204' title='bbox 1628 2991 1705 3052; x_wconf 87' lang='lat' dir='ltr'><strong>ut</strong></span> <span class='ocrx_word' id='word_1_205' title='bbox 1734 2985 2034 3053; x_wconf 90' lang='lat' dir='ltr'><strong>canonici</strong></span> <span class='ocrx_word' id='word_1_206' title='bbox 2071 2984 2281 3052; x_wconf 88' lang='lat' dir='ltr'><strong>absint</strong></span> <span class='ocrx_word' id='word_1_207' title='bbox 2320 2985 2489 3054; x_wconf 87' lang='lat' dir='ltr'><strong>ultra</strong></span> 
     </span>
     <span class='ocr_line' id='line_1_27' title="bbox 192 3089 2485 3181; baseline 0.001 -25"><span class='ocrx_word' id='word_1_208' title='bbox 192 3094 320 3156; x_wconf 86' lang='lat' dir='ltr'><strong>tres</strong></span> <span class='ocrx_word' id='word_1_209' title='bbox 368 3110 631 3158; x_wconf 89' lang='lat' dir='ltr'><strong>menses</strong></span> <span class='ocrx_word' id='word_1_210' title='bbox 678 3113 717 3158; x_wconf 87' lang='lat' dir='ltr'><strong>a</strong></span> <span class='ocrx_word' id='word_1_211' title='bbox 754 3091 1150 3159; x_wconf 82' lang='lat' dir='ltr'><strong>residentia:</strong></span> <span class='ocrx_word' id='word_1_212' title='bbox 1189 3112 1321 3157; x_wconf 91' lang='lat' dir='ltr'><strong>non</strong></span> <span class='ocrx_word' id='word_1_213' title='bbox 1366 3096 1576 3180; x_wconf 87' lang='lat' dir='ltr'><strong>potest</strong></span> <span class='ocrx_word' id='word_1_214' title='bbox 1612 3091 1986 3181; x_wconf 79' lang='lat' dir='ltr'><strong>permittere</strong></span> <span class='ocrx_word' id='word_1_215' title='bbox 2031 3089 2485 3160; x_wconf 77' lang='lat' dir='ltr'><strong>extinctionem</strong></span> 
     </span>
     <span class='ocr_line' id='line_1_28' title="bbox 195 3194 2487 3287; baseline 0 -24"><span class='ocrx_word' id='word_1_216' title='bbox 195 3215 306 3263; x_wconf 87' lang='lat' dir='ltr'><strong>seu</strong></span> <span class='ocrx_word' id='word_1_217' title='bbox 331 3194 897 3280; x_wconf 84' lang='lat' dir='ltr'><strong>affrancationern,</strong></span> <span class='ocrx_word' id='word_1_218' title='bbox 928 3207 1131 3287; x_wconf 85' lang='lat' dir='ltr'><strong>quam</strong></span> <span class='ocrx_word' id='word_1_219' title='bbox 1161 3201 1418 3281; x_wconf 87' lang='lat' dir='ltr'><strong>vocant,</strong></span> <span class='ocrx_word' id='word_1_220' title='bbox 1454 3196 1779 3286; x_wconf 88' lang='lat' dir='ltr'><strong>pensionis</strong></span> <span class='ocrx_word' id='word_1_221' title='bbox 1798 3196 2036 3263; x_wconf 84' lang='lat' dir='ltr'><strong>relictae</strong></span> <span class='ocrx_word' id='word_1_222' title='bbox 2060 3196 2353 3280; x_wconf 66' lang='lat' dir='ltr'><strong>fabricae,</strong></span> <span class='ocrx_word' id='word_1_223' title='bbox 2379 3218 2487 3264; x_wconf 87' lang='lat' dir='ltr'><strong>sa-</strong></span> 
     </span>
     <span class='ocr_line' id='line_1_29' title="bbox 201 3302 2489 3398; baseline 0 -30"><span class='ocrx_word' id='word_1_224' title='bbox 201 3302 455 3386; x_wconf 84' lang='lat' dir='ltr'><strong>cristiae,</strong></span> <span class='ocrx_word' id='word_1_225' title='bbox 498 3304 603 3371; x_wconf 85' lang='lat' dir='ltr'><strong>vel</strong></span> <span class='ocrx_word' id='word_1_226' title='bbox 639 3305 953 3383; x_wconf 76' lang='lat' dir='ltr'><strong>ecclesiae,</strong></span> <span class='ocrx_word' id='word_1_227' title='bbox 994 3312 1055 3372; x_wconf 92' lang='lat' dir='ltr'><strong>et</strong></span> <span class='ocrx_word' id='word_1_228' title='bbox 1093 3305 1218 3371; x_wconf 90' lang='lat' dir='ltr'><strong>alia</strong></span> <span class='ocrx_word' id='word_1_229' title='bbox 1252 3303 1577 3398; x_wconf 85' lang='lat' dir='ltr'><strong>ejusmodi</strong></span> <span class='ocrx_word' id='word_1_230' title='bbox 1626 3326 1642 3369; x_wconf 90' lang='lat'><strong>:</strong></span> <span class='ocrx_word' id='word_1_231' title='bbox 1682 3302 1901 3370; x_wconf 64' lang='lat' dir='ltr'><strong>‘sicuti</strong></span> <span class='ocrx_word' id='word_1_232' title='bbox 1953 3324 2070 3370; x_wconf 90' lang='lat' dir='ltr'><strong>nec</strong></span> <span class='ocrx_word' id='word_1_233' title='bbox 2121 3304 2489 3371; x_wconf 86' lang='lat' dir='ltr'><strong>abstrahere</strong></span> 
     </span>
     <span class='ocr_line' id='line_1_30' title="bbox 203 3409 2490 3502; baseline 0 -27"><span class='ocrx_word' id='word_1_234' title='bbox 203 3411 699 3494; x_wconf 89' lang='lat' dir='ltr'><strong>commodando,</strong></span> <span class='ocrx_word' id='word_1_235' title='bbox 739 3412 842 3478; x_wconf 83' lang='lat' dir='ltr'><strong>vel</strong></span> <span class='ocrx_word' id='word_1_236' title='bbox 881 3411 1179 3502; x_wconf 80' lang='lat' dir='ltr'><strong>locandO,</strong></span> <span class='ocrx_word' id='word_1_237' title='bbox 1226 3410 1500 3477; x_wconf 88' lang='lat' dir='ltr'><strong>mobilia</strong></span> <span class='ocrx_word' id='word_1_238' title='bbox 1547 3413 1660 3476; x_wconf 87' lang='lat' dir='ltr'><strong>aut</strong></span> <span class='ocrx_word' id='word_1_239' title='bbox 1709 3409 2138 3499; x_wconf 89' lang='lat' dir='ltr'><strong>supellectiles</strong></span> <span class='ocrx_word' id='word_1_240' title='bbox 2183 3410 2490 3500; x_wconf 90' lang='lat' dir='ltr'><strong>pretiosas</strong></span> 
     </span>
     <span class='ocr_line' id='line_1_31' title="bbox 201 3514 2496 3603; baseline -0 -24"><span class='ocrx_word' id='word_1_241' title='bbox 201 3516 487 3602; x_wconf 81' lang='lat' dir='ltr'><strong>ejusdem</strong></span> <span class='ocrx_word' id='word_1_242' title='bbox 507 3515 799 3583; x_wconf 67' lang='lat' dir='ltr'><strong>ecclesiae</strong></span> <span class='ocrx_word' id='word_1_243' title='bbox 824 3516 926 3583; x_wconf 86' lang='lat' dir='ltr'><strong>vel</strong></span> <span class='ocrx_word' id='word_1_244' title='bbox 946 3517 1273 3598; x_wconf 69' lang='lat' dir='ltr'><strong>sacristiae,</strong></span> <span class='ocrx_word' id='word_1_245' title='bbox 1308 3522 1429 3583; x_wconf 88' lang='lat' dir='ltr'><strong>etc.</strong></span> <span class='ocrx_word' id='word_1_246' title='bbox 1459 3514 1629 3582; x_wconf 89' lang='lat' dir='ltr'><strong>Nam</strong></span> <span class='ocrx_word' id='word_1_247' title='bbox 1664 3515 1957 3603; x_wconf 85' lang='lat' dir='ltr'><strong>regimen</strong></span> <span class='ocrx_word' id='word_1_248' title='bbox 1991 3521 2052 3581; x_wconf 90' lang='lat' dir='ltr'><strong>et</strong></span> <span class='ocrx_word' id='word_1_249' title='bbox 2075 3515 2496 3581; x_wconf 87' lang='lat' dir='ltr'><strong>administra-</strong></span> 
     </span>
     <span class='ocr_line' id='line_1_32' title="bbox 201 3614 2494 3708; baseline -0.001 -27"><span class='ocrx_word' id='word_1_250' title='bbox 201 3614 283 3682; x_wconf 85' lang='lat' dir='ltr'><strong>tio</strong></span> <span class='ocrx_word' id='word_1_251' title='bbox 309 3618 602 3685; x_wconf 82' lang='lat' dir='ltr'><strong>ecclesiae</strong></span> <span class='ocrx_word' id='word_1_252' title='bbox 633 3618 1017 3685; x_wconf 86' lang='lat' dir='ltr'><strong>cathedralis</strong></span> <span class='ocrx_word' id='word_1_253' title='bbox 1048 3623 1109 3684; x_wconf 86' lang='lat' dir='ltr'><strong>et</strong></span> <span class='ocrx_word' id='word_1_254' title='bbox 1132 3618 1461 3684; x_wconf 87' lang='lat' dir='ltr'><strong>bonorum</strong></span> <span class='ocrx_word' id='word_1_255' title='bbox 1484 3617 1778 3705; x_wconf 85' lang='lat' dir='ltr'><strong>ejusdem</strong></span> <span class='ocrx_word' id='word_1_256' title='bbox 1809 3617 2090 3708; x_wconf 83' lang='lat' dir='ltr'><strong>ecclesiae</strong></span> <span class='ocrx_word' id='word_1_257' title='bbox 2113 3619 2355 3705; x_wconf 88' lang='lat' dir='ltr'><strong>spectat</strong></span> <span class='ocrx_word' id='word_1_258' title='bbox 2375 3634 2494 3680; x_wconf 90' lang='lat' dir='ltr'><strong>cu-</strong></span> 
     </span>
     <span class='ocr_line' id='line_1_33' title="bbox 201 3714 2484 3811; baseline -0.003 -24"><span class='ocrx_word' id='word_1_259' title='bbox 201 3723 502 3789; x_wconf 77' lang='lat' dir='ltr'><strong>mulative</strong></span> <span class='ocrx_word' id='word_1_260' title='bbox 532 3721 622 3788; x_wconf 84' lang='lat' dir='ltr'><strong>ad·</strong></span> <span class='ocrx_word' id='word_1_261' title='bbox 652 3718 1046 3811; x_wconf 85' lang='lat' dir='ltr'><strong>Episcopum</strong></span> <span class='ocrx_word' id='word_1_262' title='bbox 1077 3726 1137 3785; x_wconf 90' lang='lat' dir='ltr'><strong>et</strong></span> <span class='ocrx_word' id='word_1_263' title='bbox 1161 3721 1550 3809; x_wconf 84' lang='lat' dir='ltr'><strong>capitulum.</strong></span> <span class='ocrx_word' id='word_1_264' title='bbox 1578 3718 1889 3809; x_wconf 84' lang='lat' dir='ltr'><strong>(Felinus,</strong></span> <span class='ocrx_word' id='word_1_265' title='bbox 1925 3721 1992 3786; x_wconf 87' lang='lat' dir='ltr'><strong>in</strong></span> <span class='ocrx_word' id='word_1_266' title='bbox 2013 3739 2154 3808; x_wconf 90' lang='lat' dir='ltr'><strong>cap.</strong></span> <span class='ocrx_word' id='word_1_267' title='bbox 2188 3714 2484 3782; x_wconf 81' lang='lat' dir='ltr'><strong>Edocerz&#39;.</strong></span> 
     </span>
     <span class='ocr_line' id='line_1_34' title="bbox 202 3820 2483 3917; baseline -0.004 -22"><span class='ocrx_word' id='word_1_268' title='bbox 202 3862 284 3877; x_wconf 91' lang='lat'><em>-</em></span> <span class='ocrx_word' id='word_1_269' title='bbox 306 3828 741 3917; x_wconf 80' lang='lat' dir='ltr'><strong>PignatelluS,</strong></span> <span class='ocrx_word' id='word_1_270' title='bbox 772 3834 932 3896; x_wconf 87' lang='lat' dir='ltr'><strong>tom.</strong></span> <span class='ocrx_word' id='word_1_271' title='bbox 959 3825 1076 3913; x_wconf 85' lang='lat' dir='ltr'><strong>Vl,</strong></span> <span class='ocrx_word' id='word_1_272' title='bbox 1100 3847 1278 3912; x_wconf 87' lang='lat' dir='ltr'><strong>cons.</strong></span> <span class='ocrx_word' id='word_1_273' title='bbox 1303 3825 1446 3912; x_wconf 81' lang='lat'>49.)</span> <span class='ocrx_word' id='word_1_274' title='bbox 1473 3824 1660 3892; x_wconf 88' lang='lat' dir='ltr'><strong>Notat</strong></span> <span class='ocrx_word' id='word_1_275' title='bbox 1684 3824 1961 3893; x_wconf 90' lang='lat' dir='ltr'><strong>Barbosa</strong></span> <span class='ocrx_word' id='word_1_276' title='bbox 1980 3829 2102 3913; x_wconf 86' lang='lat' dir='ltr'><strong>(De</strong></span> <span class='ocrx_word' id='word_1_277' title='bbox 2111 3825 2272 3913; x_wconf 83' lang='lat' dir='ltr'><strong>jure</strong></span> <span class='ocrx_word' id='word_1_278' title='bbox 2295 3820 2483 3905; x_wconf 63' lang='lat' dir='ltr'><strong>ecel„</strong></span> 
     </span>
     <span class='ocr_line' id='line_1_35' title="bbox 202 3923 2495 4023; baseline 0 -27"><span class='ocrx_word' id='word_1_279' title='bbox 202 3928 245 3997; x_wconf 95' lang='grc'><strong>1.</strong></span> <span class='ocrx_word' id='word_1_280' title='bbox 277 3935 335 4017; x_wconf 82' lang='grc'><strong>1,</strong></span> <span class='ocrx_word' id='word_1_281' title='bbox 384 3957 444 4002; x_wconf 90' lang='grc'><strong>0.</strong></span> <span class='ocrx_word' id='word_1_282' title='bbox 482 3923 846 4023; x_wconf 36' lang='grc'><strong>3211111550</strong></span> <span class='ocrx_word' id='word_1_283' title='bbox 889 3933 1072 4014; x_wconf 86' lang='grc'><strong>011111,</strong></span> <span class='ocrx_word' id='word_1_284' title='bbox 1105 3932 1211 4000; x_wconf 87' lang='lat' dir='ltr'><strong>die</strong></span> <span class='ocrx_word' id='word_1_285' title='bbox 1245 3929 1331 3999; x_wconf 86' lang='grc'><strong>23</strong></span> <span class='ocrx_word' id='word_1_286' title='bbox 1376 3932 1636 4021; x_wconf 84' lang='lat' dir='ltr'><strong>augusti</strong></span> <span class='ocrx_word' id='word_1_287' title='bbox 1674 3929 1874 4014; x_wconf 88' lang='grc'><strong>1631,</strong></span> <span class='ocrx_word' id='word_1_288' title='bbox 1909 3931 2204 3998; x_wconf 86' lang='lat' dir='ltr'><strong>decisum</strong></span> <span class='ocrx_word' id='word_1_289' title='bbox 2235 3952 2271 3997; x_wconf 88' lang='lat' dir='ltr'><strong>a</strong></span> <span class='ocrx_word' id='word_1_290' title='bbox 2300 3927 2495 3998; x_wconf 85' lang='lat' dir='ltr'><strong>Sacra</strong></span> 
     </span>
     <span class='ocr_line' id='line_1_36' title="bbox 202 4035 2493 4130; baseline -0.003 -23"><span class='ocrx_word' id='word_1_291' title='bbox 202 4036 719 4130; x_wconf 84' lang='lat' dir='ltr'><strong>Congregatione</strong></span> <span class='ocrx_word' id='word_1_292' title='bbox 755 4039 1018 4107; x_wconf 88' lang='lat' dir='ltr'><strong>concilii</strong></span> <span class='ocrx_word' id='word_1_293' title='bbox 1047 4037 1140 4129; x_wconf 90' lang='lat' dir='ltr'><strong>(in</strong></span> <span class='ocrx_word' id='word_1_294' title='bbox 1171 4060 1306 4105; x_wconf 88' lang='lat' dir='ltr'><strong>una</strong></span> <span class='ocrx_word' id='word_1_295' title='bbox 1333 4035 1680 4125; x_wconf 57' lang='lat' dir='ltr'><strong>Naxica),</strong></span> <span class='ocrx_word' id='word_1_296' title='bbox 1715 4036 1891 4124; x_wconf 92' lang='lat' dir='ltr'><strong>quod</strong></span> <span class='ocrx_word' id='word_1_297' title='bbox 1918 4040 2289 4122; x_wconf 84' lang='lat' dir='ltr'><strong>paramenta</strong></span> <span class='ocrx_word' id='word_1_298' title='bbox 2328 4039 2493 4102; x_wconf 80' lang='lat' dir='ltr'><strong>nova</strong></span> 
     </span>
     <span class='ocr_line' id='line_1_37' title="bbox 205 4139 2493 4237; baseline -0.004 -27"><span class='ocrx_word' id='word_1_299' title='bbox 205 4151 261 4210; x_wconf 82' lang='lat' dir='ltr'><strong>et</strong></span> <span class='ocrx_word' id='word_1_300' title='bbox 285 4148 557 4237; x_wconf 78' lang='lat' dir='ltr'><strong>antiqua</strong></span> <span class='ocrx_word' id='word_1_301' title='bbox 598 4153 845 4213; x_wconf 89' lang='lat' dir='ltr'><strong>mutare</strong></span> <span class='ocrx_word' id='word_1_302' title='bbox 891 4144 1139 4235; x_wconf 87' lang='lat' dir='ltr'><strong>possint</strong></span> <span class='ocrx_word' id='word_1_303' title='bbox 1179 4142 1477 4210; x_wconf 86' lang='lat' dir='ltr'><strong>canonici</strong></span> <span class='ocrx_word' id='word_1_304' title='bbox 1518 4141 1760 4227; x_wconf 88' lang='lat' dir='ltr'><strong>absque</strong></span> <span class='ocrx_word' id='word_1_305' title='bbox 1800 4160 2117 4207; x_wconf 87' lang='lat' dir='ltr'><strong>consensu</strong></span> <span class='ocrx_word' id='word_1_306' title='bbox 2168 4139 2493 4231; x_wconf 88' lang='lat' dir='ltr'><strong>Episcopi,</strong></span> 
     </span>
     <span class='ocr_line' id='line_1_38' title="bbox 204 4245 2503 4337; baseline -0.005 -20"><span class='ocrx_word' id='word_1_307' title='bbox 204 4253 387 4321; x_wconf 88' lang='lat' dir='ltr'><strong>sicuti</strong></span> <span class='ocrx_word' id='word_1_308' title='bbox 424 4255 631 4321; x_wconf 80' lang='lat' dir='ltr'><strong>etiam</strong></span> <span class='ocrx_word' id='word_1_309' title='bbox 665 4253 742 4319; x_wconf 88' lang='lat' dir='ltr'><strong>de</strong></span> <span class='ocrx_word' id='word_1_310' title='bbox 791 4253 931 4319; x_wconf 84' lang='lat' dir='ltr'><strong>aliis</strong></span> <span class='ocrx_word' id='word_1_311' title='bbox 973 4251 1328 4318; x_wconf 86' lang='lat' dir='ltr'><strong>mobilibus</strong></span> <span class='ocrx_word' id='word_1_312' title='bbox 1376 4269 1507 4313; x_wconf 89' lang='lat' dir='ltr'><strong>non</strong></span> <span class='ocrx_word' id='word_1_313' title='bbox 1538 4245 1849 4334; x_wconf 85' lang='lat' dir='ltr'><strong>&#39;pretiosis</strong></span> <span class='ocrx_word' id='word_1_314' title='bbox 1906 4246 2267 4337; x_wconf 81' lang='lat' dir='ltr'><strong>disponere,</strong></span> <span class='ocrx_word' id='word_1_315' title='bbox 2315 4245 2503 4309; x_wconf 85' lang='lat' dir='ltr'><strong>dum·</strong></span> 
     </span>
     <span class='ocr_line' id='line_1_39' title="bbox 211 4344 2502 4444; baseline -0.01 -17"><span class='ocrx_word' id='word_1_316' title='bbox 211 4360 398 4429; x_wconf 84' lang='lat' dir='ltr'><strong>modo</strong></span> <span class='ocrx_word' id='word_1_317' title='bbox 421 4381 566 4429; x_wconf 86' lang='lat' dir='ltr'><strong>non</strong></span> <span class='ocrx_word' id='word_1_318' title='bbox 590 4359 753 4425; x_wconf 82' lang='lat' dir='ltr'><strong>adsit</strong></span> <span class='ocrx_word' id='word_1_319' title='bbox 774 4357 1168 4425; x_wconf 90' lang='lat' dir='ltr'><strong>consuetudo</strong></span> <span class='ocrx_word' id='word_1_320' title='bbox 1198 4361 1271 4421; x_wconf 88' lang='lat' dir='ltr'><strong>ut</strong></span> <span class='ocrx_word' id='word_1_321' title='bbox 1296 4355 1373 4420; x_wconf 86' lang='lat' dir='ltr'><strong>de</strong></span> <span class='ocrx_word' id='word_1_322' title='bbox 1402 4373 1718 4419; x_wconf 88' lang='lat' dir='ltr'><strong>consensu</strong></span> <span class='ocrx_word' id='word_1_323' title='bbox 1753 4352 2051 4444; x_wconf 85' lang='lat' dir='ltr'><strong>Episcopi</strong></span> <span class='ocrx_word' id='word_1_324' title='bbox 2082 4354 2148 4419; x_wconf 88' lang='lat' dir='ltr'><strong>id</strong></span> <span class='ocrx_word' id='word_1_325' title='bbox 2174 4353 2304 4417; x_wconf 84' lang='lat' dir='ltr'><strong>fiat.</strong></span> <span class='ocrx_word' id='word_1_326' title='bbox 2331 4344 2502 4412; x_wconf 90' lang='lat' dir='ltr'><strong>Hinc</strong></span> 
     </span>
    </p>
   </div>
  </div>
 </body>
</html>
