2930 4982
1117 320 1196 368 nn
1239 321 1567 369 cmwus.
2365 316 2490 372 277

223 463 373 521 rum,
397 438 519 512 fol.
559 438 671 530 89)
702 440 783 509 ad
816 439 1015 508 dubia
1049 464 1066 509 :
1101 441 1192 529 X,
1226 441 1333 508 An
1361 439 1729 532 Episcopus
1774 441 1990 532 possit
2013 441 2088 510 in
2116 442 2501 514 m'sitatione

219 547 456 638 eaeiqcre
493 545 786 613 rationes
822 568 1098 614 suarum
1132 545 1797 614 administrationum
1828 570 1870 615 a
1899 548 2227 640 capitulo,
2256 550 2498 619 saltem

222 677 453 737 earum,
486 675 773 743 quarum
828 650 1249 721 commodum
1284 675 1420 720 non
1458 651 1553 720 ad
1576 653 1921 721 canonicos
1969 664 2261 738 tantum,
2292 651 2411 722 sed
2432 666 2498 722 et

221 759 302 828 ad
317 759 727 848 beneficiatos
755 771 817 827 et
836 760 1169 828 ministros
1194 759 1486 828 ecclesiae
1510 772 1802 850 spectat:
1825 760 1981 826 item
2004 783 2092 827 an
2114 756 2502 851 hujusmodi

220 864 541 931 rationum
590 864 848 931 exactio
863 865 1084 954 possit
1108 865 1264 956 ficri
1286 866 1671 956 peripsum
1722 865 2140 955 Episcopum
2191 878 2494 950 tantum,

217 983 267 1038 et
289 992 428 1037 non
449 992 604 1035 *una
632 991 784 1036 cum
811 967 1065 1039 duobus
1094 971 1439 1039 canonicis
1476 971 1847 1062 adjunctis.
1879 1010 1971 1025 —
1994 974 2119 1052 XI,
2150 995 2241 1037 an
2281 972 2491 1042 etiam

212 1074 408 1165 possit
453 1072 828 1164 Episcopus
860 1074 1037 1141 solus
1064 1075 1344 1143 visitare
1379 1074 1718 1166 fabricam
1754 1076 2037 1144 ccclesiae
2067 1073 2500 1160 cathedralis,

215 1194 265 1249 et
306 1179 605 1247 rationes
628 1181 771 1270 ejus
809 1181 1068 1271 coeiqere
1112 1221 1200 1234 —
1238 1181 1591 1272 Respondit
1618 1205 1633 1249 τ
1658 1181 1770 1250 Ad
1798 1185 1885 1264 X,
1941 1181 2359 1272 Episcopum
2397 1206 2503 1250 so·

219 1288 369 1370 lum,
396 1288 501 1355 vel
524 1288 632 1354 lzis
655 1286 1051 1377 quibus‘sibi
1071 1287 1414 1356 videbitur
1436 1287 1814 1380 adjunctis,
1842 1312 2029 1379 posse
2056 1288 2494 1379 capitulares,

212 1403 265 1457 ct
303 1386 501 1472 bona,
526 1413 878 1480 rerumque
912 1403 976 1458 et
1019 1391 1342 1458 bonorum
1373 1389 2051 1459 administrationem
2078 1392 2378 1461 visitare.
2406 1430 2500 1444 —

211 1495 307 1563 Ad
328 1500 451 1578 XI,
488 1495 724 1563 itidem
733 1518 951 1586 posse.

291 1603 351 1670 6.
390 1627 425 1667 «
472 1602 639 1669 lllud
658 1602 849 1670 etiam
868 1601 1341 1670 observandum
1375 1608 1491 1685 est,
1525 1602 1697 1691 quod
1720 1602 2076 1694 Episcopus
2098 1607 2305 1694 potest
2322 1624 2504 1672 occa-

215 1732 245 1773 «
290 1707 463 1775 sione
490 1705 680 1774 dictae
705 1705 1084 1774 visitationis
1108 1706 1231 1774 sibi
1261 1707 1467 1776 facere
1495 1707 1731 1775 deferri
1758 1708 1959 1777 libros
1980 1709 2392 1798 capitulares,
2424 1709 2497 1777 in

214 1838 244 1878 «
294 1814 523 1902 quihus
568 1817 880 1903 apparent
931 1813 1519 1882 administrationes
1554 1866 1573 1903 ‚
1632 1822 1763 1882 tam
1812 1815 2143 1884 redituum
2200 1816 2492 1905 capituli,

218 1903 264 1983 (ι’
288 1942 483 2009 quam
513 1918 791 1987 aliorum
828 1919 1093 2009 piorum
1132 1941 1434 2009 operum,
1468 1921 1546 1987 ad
1578 1922 1918 2011 proprium
1946 1921 2263 2010 palatium
2290 1948 2308 2007 ;
2351 1921 2499 1989 abs·

216 2050 243 2090 «
282 2049 404 2116 que
451 2049 526 2095 eo
554 2026 729 2116 quod
766 2029 1061 2093 teneatur
1089 2025 1226 2115 ipse
1256 2026 1555 2093 accedere
1587 2025 1667 2091 ad
1698 2026 1912 2093 aulam
1963 2027 2391 2116 capitularem
2421 2028 2503 2097 ad

212 2157 241 2196 α
283 2133 649 2200 revisendos
691 2131 919 2217 libros,
971 2135 1046 2197 ut
1081 2130 1272 2219 plene
1300 2128 1584 2198 decrevit
1631 2129 1793 2196 Rota
1825 2128 1923 2219 (in
1947 2129 2362 2219 Hispalensi,
2413 2129 2501 2200 30

205 2262 238 2303 α
290 2238 515 2328 aprilis
556 2236 754 2318 1700,
786 2242 849 2303 et
870 2236 959 2301 25
986 2235 1360 2301 novembris
1391 2234 1594 2317 1701,
1634 2255 1857 2300 coram
1878 2232 2201 2322 Molines).
2234 2232 2331 2299 lta
2353 2240 2427 2300 ut
2454 2235 2508 2302 si

201 2367 241 2406 «
292 2339 593 2408 canonici
638 2344 989 2406 renuerent
1042 2337 1489 2427 obtemperare
1529 2337 1851 2405 mandatis
1886 2338 2190 2429 Episcopi
2234 2337 2502 2407 deman-

204 2472 240 2514 «
288 2445 501 2515 dantis
554 2444 1163 2536 transportationem
1196 2442 1515 2512 librorum
1567 2443 1647 2512 ad
1676 2465 1873 2512 suum
1910 2445 2275 2537 episcopale
2327 2446 2500 2538 pala-

208 2580 240 2617 «
286 2554 477 2638 tium,
508 2557 724 2644 posset
744 2557 970 2620 contra
1000 2572 1107 2619 eos
1138 2551 1330 2619 etiam
1349 2574 1464 2641 per
1489 2572 1790 2619 censuras
1815 2552 2240 2643 procedere...
2287 2551 2494 2623 Sicuti

207 2683 240 2723 ι(
282 2658 518 2749 pariter
548 2680 683 2725 non
728 2662 1030 2724 tenentur
1057 2655 1357 2747 Episcopi
1401 2678 1516 2747 per
1551 2678 1617 2724 se
1650 2658 1821 2747 ipsos
1871 2657 2257 2726 incumbere
2303 2659 2495 2728 dictae

207 2790 238 2828 «
282 2763 589 2832 revisioni
654 2769 1117 2854 computorum
1146 2817 1164 2849 ‚
1218 2764 1328 2831 sed
1384 2764 1582 2831 etiam
1640 2769 1912 2851 possunt
1961 2764 2029 2830 id
2078 2764 2334 2852 explere
2379 2784 2498 2852 per

204 2895 238 2934 ι(
291 2889 597 2959 personas
647 2868 771 2935 sibi
817 2868 983 2935 bene
1030 2869 1222 2950 visaS,
1280 2874 1343 2934 et
1393 2871 1593 2934 etiam
1634 2868 1706 2934 in
1750 2869 1878 2934 hoc
1926 2888 2078 2934 casu
2102 2866 2498 2938 demandare

211 3003 243 3040 «ι
286 2974 587 3042 eamdem
606 2974 1101 3062 asportationem
1116 2971 1445 3039 librorum
1465 2972 1548 3038 ad
1567 2992 1760 3038 suum
1777 2970 2137 3061 episcopale
2151 2971 2490 3062 palatium.

295 3106 329 3146 «
370 3078 518 3147 Non
571 3085 790 3146 tamen
828 3083 1033 3168 potest
1058 3077 1414 3167 Episcopus
1440 3082 1656 3167 petere
1680 3077 2147 3146 exhibitionem
2182 3079 2491 3149 indefini-

221 3211 251 3248 «
289 3192 420 3254 tam
464 3185 789 3253 librorum
820 3184 1109 3274 capituli,
1143 3183 1253 3251 sed
1279 3205 1507 3251 eorum
1534 3189 1791 3251 tantum
1834 3184 1951 3274 qui
1981 3185 2341 3276 respiciunt
2369 3187 2493 3256 ad-

221 3316 251 3355 «
287 3292 823 3360 ministrationem
862 3312 1062 3380 quam
1092 3291 1484 3358 visitandam
1511 3291 2002 3383 ‘suscipitsadeo
2035 3298 2107 3360 ut
2136 3300 2348 3385 petere
2377 3318 2489 3365 ne-

227 3422 257 3460 «
296 3407 481 3488 queat
522 3398 1126 3489 transportationem
1174 3399 1489 3486 aliorum,
1552 3398 1680 3466 nisi
1727 3399 2053 3490 inceptam
2109 3403 2477 3473 absolverit.

222 3526 257 3566 «
295 3503 448 3572 Rota
486 3505 560 3572 in
605 3503 777 3572 dicta
798 3503 1209 3594 Hispalensi,
1236 3505 1392 3570 anni
1453 3504 1648 3572 1701.
1683 3530 1718 3568 ³)
1753 3503 2288 3592 (ScarfantoniuS,
2319 3517 2365 3574 t.
2404 3508 2487 3595 ΙΙ,

223 3630 278 3697 p.
309 3611 454 3696 132,
491 3611 644 3679 edit.
697 3610 921 3687 Lucae,
956 3608 1181 3698 1723.)
1209 3609 1376 3677 Vide
1412 3611 1636 3692 etiam,
1668 3611 1742 3674 in
1781 3610 2114 3676 Thesauro
2147 3613 2495 3678 resolutio-

221 3735 396 3798 num,
428 3739 691 3786 causam
712 3715 1137 3791 Pisciensem,
1165 3719 1344 3778 tomo
1366 3711 1575 3791 XXII,
1604 3737 1671 3801 p.
1701 3712 1782 3777 21
1816 3718 1877 3777 et
1904 3713 2045 3800 56.)

300 3822 363 3889 7.
403 3823 1018 3914 Episcopus'cogere
1047 3822 1253 3909 potest
1279 3816 1474 3883 etiam
1507 3837 1659 3883 cum
1685 3812 1976 3883 censuris
2003 3817 2384 3907 capitulares
2410 3824 2490 3894 ad

225 3947 342 3995 sese
360 3929 842 4020 subjiciendum
869 3925 1216 3995 visitationi
1257 3925 1599 4009 personali.
1637 3923 1832 3993 Sacra
1872 3924 2296 4016 Congregatio
2320 3953 2484 4001 con-

223 4030 347 4100 cilii
379 4035 463 4123 (in
492 4035 865 4126 Aprutina,
898 4033 978 4102 18
1002 4032 1157 4122 julii
1182 4031 1377 4122 1705)
1406 4033 1484 4100 ad
1524 4034 1830 4116 dubium,
1838 4087 1843 4091 .
1875 4056 1963 4100 an
1996 4032 2076 4101 sit
2122 4040 2490 4126 cogendum

229 4139 568 4226 capitulum
597 4141 677 4208 ad
715 4161 779 4206 se
807 4138 1291 4229 subjiciendum
1320 4138 1673 4206 visitationi
1702 4139 2022 4228 personali
2056 4141 2138 4210 ab
2166 4141 2486 4233 Episcopo

228 4238 486 4330 indictae,
510 4252 571 4315 et
603 4247 729 4316 sub
756 4247 992 4336 quibus
1022 4247 1252 4337 poeniS‚
1285 4247 1652 4335 rescripsit.
1682 4247 2100 4337 affirmative
2127 4252 2327 4317 etsub
2349 4265 2491 4335 ρω-

229 4345 321 4414 nis
342 4354 530 4421 etiam
565 4375 1009 4424 censurarum.
