2930 4982
351 326 475 383 556
1326 335 1667 383 Tucuws

346 456 503 546 quid
516 454 984 546 jurisdictionis
1014 454 1300 546 capitulo
1328 460 1393 521 et
1425 455 1670 522 vicario
1697 456 2039 547 capitulari
2067 457 2491 525 tribuendum
2524 460 2629 547 sit,

345 562 582 651 quidve
601 561 1051 646 denegandum
1070 588 1088 647 ;
1113 583 1269 628 cum
1294 581 1421 628 non
1445 560 1618 629 dicat
1638 583 1941 652 quaenam
1960 562 2090 630 sint
2109 563 2222 631 illa
2240 585 2276 630 a
2283 565 2437 653 jure
2461 584 2638 630 com-

347 669 537 738 muni
564 674 847 760 excepta.
894 666 1085 737 Unde
1112 669 1383 759 quaestio
1408 690 1593 738 nunc
1624 670 2042 760 expendenda
2065 679 2159 739 est
2186 671 2399 760 quoad
2429 671 2636 738 varias

345 774 612 867 species]
620 772 1087 854 urisdictionis‚
1101 781 1163 842 et
1171 780 1386 865 postea
1396 776 1608 865 quoad
1624 774 1986 866 praecipuos
2000 775 2416 866 particulares
2426 797 2631 844 casus,

1273 988 1566 1051 CAPUT
1607 988 1702 1048 111

350 1141 611 1196 muttum
659 1144 1117 1192 mmsmcrloms
1156 1144 1390 1191 SPECIES
1433 1146 1514 1189 An
1556 1145 1889 1190 curruum
1928 1144 2279 1193 TRANSEANT
2300 1146 2323 1208 3
2378 1146 2635 1197 QUAENAH

1228 1251 1346 1297 NON
1397 1250 1754 1295 TRANSEANT

436 1417 763 1508 Distingui
795 1425 999 1511 potest
1009 1417 1383 1509 jurisdictio
1411 1418 1482 1485 in
1521 1419 1944 1487 necessariam
1970 1422 2034 1485 et
2058 1417 2497 1485 voluntariam
2520 1442 2537 1502 ;
2567 1421 2632 1487 in

339 1525 865 1615 jurisdictionem
893 1547 968 1594 ex
987 1528 1139 1616 jure
1172 1525 1539 1608 communi,
1582 1530 1648 1592 et
1675 1525 1742 1592 in
1789 1524 2316 1614 jurisdictionem
2361 1546 2439 1591 ex
2484 1525 2632 1614 jure

344 1631 604 1721 speciali
637 1655 654 1714 ;
687 1632 757 1698 in
778 1630 1303 1721 jurisdictionem
1341 1654 1416 1698 ex
1433 1633 1615 1721 jure,
1645 1631 1800 1698 etin
1822 1629 2353 1720 jurisdictionem
2376 1651 2447 1697 ex
2473 1651 2622 1697 con-

346 1736 720 1816 suetudine;
763 1738 832 1805 in
860 1736 1257 1805 ordinariam
1283 1743 1345 1804 et
1372 1737 1729 1825 delegatam
1757 1760 1774 1820 ;
1815 1736 1885 1804 in
1904 1735 2432 1827 jurisdictionem
2466 1736 2630 1802 circa

343 1861 416 1908 ea
445 1863 591 1929 quae
619 1850 775 1911 sunt
799 1844 1050 1911 ordinis
1078 1844 1485 1934 episcopalis,
1538 1848 1600 1909 et
1642 1843 1816 1910 circa
1864 1864 1940 1910 ea
1979 1865 2124 1931 quae
2171 1863 2307 1909 non
2336 1848 2494 1909 sunt
2536 1864 2635 1909 or-

342 1944 516 2014 dinis
570 1949 972 2039 episcopalis.
1046 1947 1140 2017 De
1188 1949 1291 2016 his
1338 1948 1646 2017 omnibus
1687 1933 2258 2040 ‘jurisdictionum’
2298 1948 2634 2038 speciebus

343 2054 611 2141 quaestio
646 2054 925 2123 breviter
945 2054 1340 2122 instituenda
1367 2061 1484 2123 est.

431 2156 482 2225 1.
519 2159 629 2226 An
656 2160 1035 2251 capitulum
1062 2158 1368 2228 succedat
1395 2159 1727 2252 Episcopo
1760 2171 1903 2228 tam
1928 2159 2002 2226 in
2012 2157 2496 2249 jurisdictione
2532 2180 2636 2225 vo-

344 2261 646 2331 luntaria
685 2287 894 2355 quam
935 2266 1299 2335 necessaria
1318 2269 1355 2333 P
1384 2304 1478 2318 —
1510 2265 1869 2334 Succedere
1913 2264 1983 2331 in
2025 2270 2156 2332 tota
2179 2265 2638 2355 jurisdictione

344 2370 737 2437 contentiosa
771 2392 883 2438 seu
923 2370 1310 2450 necessaria,
1342 2371 1621 2460 exceptis
1668 2392 1814 2459 quae
1843 2372 1955 2460 jus
1980 2391 2335 2438 commune
2377 2370 2633 2459 excipit,

342 2471 696 2543 admittunt
714 2476 1003 2547 doctores
1031 2479 1491 2546 communiter.

428 2578 516 2646 At
543 2602 695 2647 vero
729 2583 944 2670 quoad
969 2585 1496 2673 jurisdictionem
1546 2585 1982 2653 voluntariam
2023 2605 2134 2653 seu
2164 2583 2526 2674 gratiosam,
2557 2584 2623 2648 in

339 2682 661 2774 triplicem
701 2685 942 2753 abeunt
977 2689 1384 2755 sententiam.
1438 2689 1573 2755 Alii
1613 2710 1769 2756 cum
1814 2688 2112 2757 Suaresio
2168 2688 2285 2780 (De
2305 2686 2619 2767 cmm-is,

341 2788 505 2881 disp.
535 2791 648 2878 50,
677 2798 827 2860 sect.
862 2793 932 2879 5,
965 2814 1034 2860 n.
1065 2792 1130 2883 6)
1160 2799 1386 2860 tenent
1411 2793 1608 2861 etiam
1638 2795 1851 2882 quoad
1882 2795 2060 2863 illam
2104 2794 2629 2883 jurisdictionem

339 2895 810 2965 admittendam
828 2920 978 2980 ¹esse
1003 2901 1437 2989 supradictam
1461 2902 1757 2989 regulam
1797 2902 2190 2992 generalem,
2221 2900 2467 2967 scilicet
2493 2919 2634 2963 suc-

340 3000 563 3068 cedere
593 3003 986 3092 capitulum,
1035 3006 1313 3096 exceptis
1353 3007 1434 3074 iis
1456 3029 1602 3096 quae
1629 3028 1666 3074 a
1687 3009 1837 3097 jure
1861 3007 2200 3074 communi
2232 3003 2634 3096 reperientur

338 3115 617 3197 excepta.
654 3107 789 3175 Alii
816 3109 1220 3176 contendunt
1242 3111 1538 3199 regulam
1559 3134 1723 3198 esse,
1755 3134 1884 3179 non
1908 3112 2275 3190 succedere,
2304 3110 2437 3177 nisi
2464 3109 2529 3174 in
2551 3105 2624 3173 iis

337 3210 407 3276 in
436 3211 678 3299 quibus
715 3214 826 3301 jus
859 3235 1210 3282 commune
1243 3220 1744 3293 successionem„
1776 3217 2078 3286 admittit.
2131 3216 2265 3284 Alii
2299 3236 2478 3285 *cum
2517 3211 2627 3281 Fa-

339 3335 557 3403 gnano
590 3316 882 3385 absolute
905 3320 1130 3389 dicunt
1156 3343 1290 3389 non
1316 3325 1655 3392 succedere
1680 3346 1699 3407 ;
1733 3331 1795 3392 et
1820 3345 1893 3392 ea
1931 3326 2002 3391 in
2046 3323 2287 3413 quibus
2306 3324 2422 3412 jus
2452 3342 2630 3387 com-

340 3442 544 3489 mune
572 3423 902 3491 videretur
924 3429 1396 3495 successionem
1427 3431 1790 3515 admittere,
1815 3432 2105 3498 referunt
2127 3431 2202 3498 ad
2225 3427 2630 3519 jurisdictio-

338 3547 489 3595 nem
514 3529 961 3597 necessariam.
1005 3530 1469 3622 «Capitulum,
1531 3535 1679 3604 sede
1732 3546 2019 3622 vacante,
2067 3559 2200 3605 non
2246 3536 2539 3605 succedit
2563 3535 2629 3599 in

348 3634 858 3723 «jurisdictione
879 3636 1264 3721 voluntaria,
1310 3640 1420 3709 sed
1474 3641 1543 3709 in
1602 3645 1963 3712 necessaria
2006 3649 2307 3725 tantum3
2362 3642 2516 3731 quia
2542 3645 2631 3707 est

341 3764 379 3803 α
410 3741 806 3808 necessarius
828 3747 892 3808 et
914 3763 1044 3811 non
1075 3744 1484 3815 voluntarius
1526 3769 1875 3816 successor.
1910 3772 1943 3812 >³
1980 3746 2213 3839 (Fagn.
2270 3746 2342 3814 in
2376 3768 2439 3814 c.
2471 3745 2623 3828 Illa,

338 3862 446 3922 ne,
476 3846 624 3912 sede
651 3850 941 3925 vacante,
964 3868 1035 3914 n.
1079 3847 1215 3939 13.)

422 3946 645 4016 Prima
662 3955 881 4018 tamen
909 3955 1247 4035 sententia,
1274 3977 1470 4045 quam
1504 3956 2003 4047 probabiliorem
2025 3956 2184 4026 dicit
2206 3954 2629 4024 Reiffenstuel

337 4049 441 4140 (ad
469 4051 738 4120 titulum
761 4057 885 4135 Ne,
915 4055 1063 4127 sede
1084 4072 1388 4147 vacante,
1415 4084 1484 4128 n.
1515 4058 1655 4150 25),
1693 4061 1827 4129 sola
1854 4063 2106 4130 videtur
2141 4060 2345 4128 solida
2373 4060 2626 4127 ratione

333 4156 480 4225 niti.
505 4154 670 4224 Nam
694 4157 836 4226 ideo
865 4168 1174 4254 tanquam
1205 4167 1428 4256 regula
1451 4167 1773 4255 generalis
1801 4166 2236 4236 communiter
2258 4164 2628 4232 admittitur

334 4261 700 4353 capitulum
720 4264 1062 4334 succedere
1099 4269 1544 4357 jurisdictioni
1597 4270 1971 4362 episcopali,
2015 4271 2171 4360 quia
2213 4291 2416 4359 supra
2444 4268 2625 4336 allati

334 4370 541 4436 textus
561 4367 732 4458 juris
759 4366 823 4434 id
856 4368 1189 4473 admittere
1216 4383 1458 4466 cogunt
1486 4404 1502 4446 ι
1530 4377 1641 4445 sed
1667 4377 1774 4446 isti
1807 4385 2014 4446 textus
2043 4399 2175 4446 non
2204 4376 2626 4464 distinguunt
