2930 4982
354 339 437 395 80
1323 342 1666 391 ‘cunutus

434 462 620 543 Quod
660 469 876 531 autem
901 462 1255 553 Episcopus
1278 485 1411 530 non
1440 462 1725 552 potuerit
1751 460 1925 528 solus
1952 458 2487 527 archidiaconum
2529 461 2644 529 de-

347 572 606 639 stituere
629 570 769 638 sine
800 591 990 638 causa
1013 574 1074 637 et
1102 570 1239 636 sine
1269 569 1479 657 figura
1500 568 1755 657 judicii,
1778 573 1956 635 extra
1984 566 2477 634 controversiam
2495 573 2636 635 est:

352 703 389 742 «
411 677 961 745 Archidiaconum
981 676 1338 767 Episcopus
1371 675 1702 742 instituere
1730 674 1902 743 solus
1927 677 2193 763 poterat,
2215 673 2558 741 destituere
2584 683 2646 741 et

346 790 755 850 exauctorare
788 784 962 851 solus
987 803 1118 849 non
1152 787 1395 871 poterat
1422 783 1561 850 sine
1598 802 1792 849 causa
1821 786 1885 847 et
1924 780 2062 848 sine
2091 780 2299 868 figura
2310 780 2566 868 judicii.
2605 807 2639 845 »

349 888 738 979 (Thomass.‚
772 890 913 957 loco
938 888 1181 978 citato.)

435 995 503 1062 2ο
530 994 706 1077 Quid
728 993 1007 1060 evaserit
1024 991 1603 1061 archidiaconatus
1632 1014 1720 1076 vi,
1748 1013 1838 1060 vu
1864 1004 1929 1059 et
1948 1013 2056 1059 vm
2082 991 2348 1059 saeculo.
2365 1029 2455 1044 —-
2473 1016 2507 1057 «
2537 992 2648 1061 Se—

355 1128 390 1167 «
419 1104 632 1169 cunda
665 1104 784 1169 hac
810 1107 991 1170 aetate
1014 1101 1315 1169 Ecclesiae
1347 1090 1523 1168 sue‘re
1554 1100 1988 1168 archidiaconi
2010 1100 2209 1166 veluti
2261 1099 2480 1167 vicarii
2525 1123 2646 1191 ge-

354 1233 388 1272 «
423 1208 666 1276 nerales
688 1215 750 1274 et
776 1208 1081 1275 officiales
1108 1208 1601 1298 Episcoporum‚
1634 1208 1704 1274 in
1733 1205 2171 1296 depromenda
2192 1227 2418 1273 eorum
2435 1208 2649 1297 juris-

356 1341 390 1379 «
413 1316 691 1382 dictione
702 1336 807 1382 om
816 1314 906 1394 ni,
937 1315 1073 1381 sive
1093 1314 1453 1381 voluntaria
1473 1314 1607 1381 sive
1627 1314 2044 1381 contentiosa.
2067 1339 2100 1377 »
2129 1312 2642 1403 (ThomassinuS‚

361 1425 553 1488 Vetus
581 1434 645 1488 et
681 1444 856 1488 nova
885 1420 1179 1511 discipl„
1218 1428 1384 1510 part.
1424 1422 1488 1507 1,
1530 1421 1575 1488 l.
1620 1421 1687 1503 2,
1730 1442 1872 1510 cap.
1911 1419 2049 1509 18.)

450 1553 483 1592 «
521 1526 592 1594 ln
635 1528 902 1595 clericos
938 1533 1130 1612 certe,
1172 1528 1542 1617 praesertim
1580 1528 1940 1609 inferiores,
1982 1547 2242 1594 sacrum
2288 1528 2642 1618 imperium

359 1661 391 1698 «
416 1655 609 1701 suum
637 1634 967 1701 exercebat
989 1634 1510 1701 archidiaconus.
1526 1684 1540 1700 .
1556 1684 1570 1701 .
1600 1634 1830 1701 Peritia
1846 1634 2312 1723 dexteritasque
2331 1638 2651 1706 archidia-

360 1767 393 1807 «
419 1762 613 1807 conos
661 1746 801 1807 tum
850 1740 1195 1831 episcopali
1234 1740 1700 1829 jurisdictione
1749 1742 2028 1823 vestivit,
2096 1747 2240 1809 tum
2289 1745 2498 1811 evexit
2536 1767 2647 1813 eos

358 1872 392 1910 «
415 1868 609 1935 supra
634 1846 1030 1936 presbyteros
1050 1847 1518 1936 parochosque,
1560 1849 1842 1914 maxime
1864 1848 2061 1915 ruris.

451 1978 483 2017 «
505 1951 845 2020 Observari
895 1952 1208 2021 hactenus
1267 1956 1506 2043 potuit,
1567 1977 1781 2022 unum
1840 1946 2033 2022 tuisse
2082 1955 2637 2039 archidiaconum,

359 2083 394 2122 «
425 2081 710 2148 eumque
750 2060 820 2126 in
868 2059 1132 2126 ecclesia
1180 2060 1560 2126 cathedrali.
1604 2060 1765 2127 Rem
1806 2062 1895 2127 ita
1927 2062 2234 2149 expressit
2271 2061 2639 2130 Concilium

360 2189 395 2228 «
419 2163 839 2247 Emeritense,
872 2171 945 2230 ut
987 2170 1209 2232 contra
1238 2188 1371 2232 non
1418 2166 1615 2255 possit
1648 2167 1921 2234 omnino
1947 2168 2102 2234 dici.
2139 2167 2322 2235 Unus
2358 2175 2642 2235 tantum-

363 2296 398 2334 «
427 2271 619 2338 modo
636 2276 878 2359 poterat
903 2293 1037 2339 esse
1067 2273 1345 2356 primus,
1376 2274 1509 2340 sive
1538 2274 1708 2340 inter
1731 2273 2061 2359 diaconoS,
2087 2281 2149 2341 et
2177 2275 2231 2341 is
2250 2275 2652 2342 archidiaco-

364 2403 397 2440 «
424 2401 549 2447 nus
602 2402 617 2443 ε
665 2379 797 2445 sive
842 2380 1009 2445 inter
1049 2378 1477 2468 presbyterOS‚
1521 2388 1583 2446 et
1611 2380 1665 2448 is
1693 2381 2206 2470 archipresbyter
2222 2381 2582 2449 dicebatur.
2609 2406 2643 2442 »

360 2482 748 2574 (Thomass,
787 2484 921 2552 loco
945 2484 1187 2575 citam.)

448 2588 515 2657 3⁰
554 2590 834 2672 Qualem
892 2613 1023 2658 sese
1076 2591 1445 2658 exhibuerit
1505 2589 2120 2664 archidiaconorum
2162 2600 2468 2679 potestas
2528 2590 2656 2657 sub

362 2695 600 2764 Carolo
640 2702 914 2788 Maqno.
958 2737 1047 2750 —
1078 2699 1271 2767 Plura
1315 2704 1559 2767 exstant
1610 2700 1810 2788 hujus
1851 2697 2159 2787 temporis
2194 2704 2653 2785 monumenta,

357 2825 433 2872 ex
461 2806 698 2892 quibus
733 2804 937 2893 liquet
966 2807 1450 2874 archidiaconos
1480 2828 1554 2873 eo
1585 2806 1902 2896 potestatis
1930 2826 2013 2871 ex
2035 2805 2506 2872 consuetudine
2545 2805 2652 2872 de-

358 2912 629 2997 venisse,
661 2918 735 2977 ut
748 2914 1269 2999 Jurisdictionem
1304 2913 1615 2979 haberent
1644 2913 1707 2977 in
1741 2912 2143 3000 presbyteros
2189 2916 2250 2976 et
2277 2910 2455 2976 archi
2466 2933 2643 2999 pres-

360 3017 612 3103 byteros
640 3018 835 3108 (quod
866 3025 1083 3086 tamen
1112 3019 1178 3085 in
1208 3017 1493 3086 Ecclesia
1531 3039 1743 3106 graeca
1776 3019 1994 3091 locum
2032 3039 2165 3084 non
2186 3017 2437 3107 habuit)
2465 3016 2651 3099 ;visi-

360 3122 664 3189 tationem
731 3124 1018 3192 dioecesis
1095 3146 1248 3192 cum
1317 3123 1643 3214 Episcopo
1721 3131 1782 3191 et
1852 3125 2087 3214 saepius
2167 3124 2307 3190 loco
2353 3122 2652 3213 Episcopi

364 3235 775 3317 peragerent3
805 3231 1114 3298 beneficia
1142 3231 1446 3309 unirent3
1474 3231 1987 3316 jurisdictionem
2018 3230 2301 3317 denique
2323 3230 2651 3319 Episcopis

360 3335 689 3422 propriam
721 3337 1093 3404 omnimode
1120 3357 1410 3404 exercere
1431 3337 1730 3403 solerent.

452 3436 828 3507 Jurisdictio
883 3447 1103 3508 autem
1166 3442 1278 3508 illa
1327 3442 1958 3522 archidiaconorum,
2015 3462 2160 3529 quae
2204 3441 2390 3508 initio
2447 3441 2653 3508 fuerat

361 3548 808 3613 tantummodo
862 3548 1170 3636 delegata,
1232 3570 1308 3615 ex
1352 3547 1665 3614 diuturno
1724 3553 1785 3615 et
1831 3553 2140 3637 perpetuo
2190 3569 2315 3613 usu
2369 3553 2654 3614 evaserat

361 3652 708 3720 ordinaria.
740 3652 854 3743 (lta
871 3652 1367 3735 Thomassinus,
1391 3653 1536 3720 loco
1558 3654 1775 3739 citam,
1805 3675 1948 3743 cap.
1992 3653 2105 3735 19,
2143 3675 2211 3720 n.
2254 3652 2387 3743 12.)

456 3759 620 3827 Illud
676 3767 892 3828 autem
950 3762 1335 3844 notandum,
1409 3762 1584 3849 quod
1640 3760 1876 3829 saeculo
1932 3782 2104 3827 nono
2161 3760 2455 3826 'videmus
2506 3761 2648 3849 jam

365 3867 655 3951 exempla
707 3866 994 3952 plurium
1048 3865 1653 3934 archidiaconorum
1710 3867 1778 3932 in
1837 3864 2060 3930 eadem
2110 3865 2394 3933 dioecesi.
2472 3863 2647 3932 Duos

367 3966 849 4036 archidiaconos
873 3971 1152 4038 habebat
1179 3970 1577 4035 Hincmarus
1618 3969 2135 4060 archiepiscopus
2183 3970 2544 4048 RemensiS,
2580 3976 2653 4038 ut

367 4079 676 4139 testantur
700 4078 936 4165 scripta
964 4078 1042 4143 ad
1073 4097 1178 4143 eos
1208 4075 1406 4164 hujus
1442 4074 1738 4165 praesulis
1763 4077 2005 4142 monita
2034 4075 2392 4167 (Thomass.
2410 4129 2425 4155 ‚
2461 4077 2619 4143 ibid.
2636 4128 2654 4163 ‚

370 4200 439 4245 n.
482 4178 582 4267 8);
645 4186 707 4244 et
742 4180 889 4247 licet
930 4181 1343 4251 Hincmarus
1372 4187 1555 4250 vocet
1600 4181 1744 4248 illos
1791 4182 2221 4271 presbyteros,
2282 4207 2414 4251 non
2470 4189 2657 4274 putat

368 4285 833 4354 Thomassinus
886 4287 1100 4353 adhuc
1161 4295 1317 4356 tunc
1391 4288 1734 4358 invaluisse
1778 4310 1973 4356 usum
2042 4277 2676 4359 archidiaconorum

374 4392 836 4482 presbyteratui
863 4391 1292 4462 initiatorum.
