2930 4982
1150 314 1226 359 DE
1270 312 1601 361 CAPITULIS.
2400 314 2424 365 1
2442 310 2511 366 31

250 437 568 501 montanos
607 433 897 523 parochi,
931 433 1046 522 qui
1082 432 1152 499 in
1183 433 1570 502 canonicum
1599 456 1776 505 mere
1806 434 2238 505 honorarium
2270 444 2525 507 tantum

250 548 523 635 receptus
550 542 780 626 fuerat,
811 547 874 610 et
902 543 1017 631 qui
1056 546 1274 632 postea
1302 543 1727 612 contendebat
1750 545 1873 613 sibi
1907 551 2269 637 competere
2299 568 2522 616 vocem

247 649 302 716 in
326 648 626 740 capitulo,
663 646 856 715 Sacra
876 645 1303 736 Congregatio
1333 652 1561 715 contra
1588 647 1801 738 ipsum
1832 651 2295 740 pronuntiavit.
2334 651 2522 722 Illam

240 761 437 824 autem
490 776 754 822 causam
802 775 1269 835 memoramuS,
1312 755 1469 843 quia
1516 754 1888 844 exemplum
1929 757 2172 846 praebet
2227 759 2523 831 canonici

243 881 391 929 mere
443 859 797 942 honorarii,
841 856 1067 947 quales
1108 860 1391 928 existunt
1433 858 1652 950 plures
1700 860 1921 939 hodie,
1966 862 2148 931 verbi
2184 865 2408 952 gratia,
2452 864 2520 932 in

241 963 458 1033 Gallia.
485 964 682 1035 Nulla
702 964 943 1033 scilicet
969 965 1277 1056 praedicto
1302 964 1599 1033 Fiorettae
1628 965 2053 1034 incumbebat
2081 967 2385 1057 obligatio
2413 971 2525 1037 in-

246 1073 577 1141 teressendi
616 1073 838 1155 chor0,
886 1092 1010 1139 nec
1055 1077 1304 1162 partem
1350 1071 1629 1139 habebat
1670 1073 1739 1139 in
1781 1071 2362 1158 distributionibus,
2407 1095 2527 1143 nec

244 1185 478 1269 poterat
503 1200 570 1246 se
600 1179 971 1246 immiscere
1001 1177 1273 1268 negotiis
1301 1178 1605 1268 capituli;
1641 1178 1751 1246 sed
1781 1183 2033 1246 tantum
2063 1179 2186 1269 ipsi
2218 1200 2522 1248 concessa

244 1283 485 1353 fuerant
516 1286 797 1374 insignia
839 1292 901 1354 et
939 1286 1205 1355 stallum
1243 1286 1311 1353 in
1358 1285 1580 1353 choro.
1628 1284 1861 1373 (Litem
1905 1284 2227 1373 integram
2268 1286 2414 1355 vide
2453 1287 2519 1355 in

247 1390 557 1459 Thesauro
586 1391 890 1472 resolut„
918 1398 1079 1461 tom.
1112 1392 1345 1478 XCVI,
1379 1414 1531 1481 pag.
1562 1389 1749 1480 265.)

313 1497 431 1566 Die
468 1497 547 1566 17
578 1498 938 1567 decembris
976 1498 1172 1584 1836,
1208 1499 1502 1569 discussa
1530 1504 1626 1567 est
1651 1518 1847 1566 causa
1872 1505 2151 1588 quatuor
2177 1502 2526 1571 canonico·

240 1625 371 1672 rum
415 1626 580 1694 quos
625 1610 951 1674 creaverat
989 1605 1348 1698 Episcopus
1386 1603 1918 1687 Vintimiliensis,
1965 1628 2127 1697 quos
2157 1628 2310 1676 vero
2344 1611 2528 1699 capi·

235 1711 442 1779 tulum
468 1717 905 1801 acceptaverat
931 1717 1186 1780 tantum
1210 1719 1286 1780 ut
1315 1734 1491 1780 mere
1520 1713 1931 1801 honorarioS,
1957 1734 2032 1782 ea
2061 1714 2428 1785 conditione
2451 1723 2529 1785 ut

233 1837 456 1883 vocem
498 1839 631 1885 non
690 1817 1002 1885 haberent
1067 1819 1139 1886 in
1199 1819 1509 1910 capituIO,
1571 1842 1692 1889 nec
1750 1841 2151 1909 quemquam
2215 1844 2527 1890 verorum

228 1921 694 1989 canonicorum
764 1945 1063 2011 unquam
1131 1925 1594 2013 praecederent.
1677 1925 1824 1992 Non
1904 1925 2313 1993 obstantibus
2399 1927 2530 1994 illis

230 2028 714 2118 exceptionibus
740 2050 778 2094 a
806 2028 1090 2118 capitulo
1123 2028 1456 2118 appositiS,
1493 2029 2292 2121 contenderuntpanonici
2319 2030 2530 2099 hono·

227 2135 381 2200 rarii
413 2134 537 2201 sibi
578 2140 940 2224 competere
968 2156 1196 2202 vocem
1226 2135 1299 2202 in
1329 2135 1617 2224 capitulo
1647 2126 1711 2201 et
1732 2136 1842 2223 jus
1869 2135 2276 2203 ordinarium
2314 2137 2532 2204 ancia-

225 2240 443 2306 nitatis
480 2239 702 2327 quoad
730 2241 1235 2327 praecedentiam
1270 2263 1289 2320 3
1321 2248 1385 2306 et
1420 2240 1511 2305 ita
1542 2241 1799 2306 decreto
1842 2240 2127 2304 firmavit
2152 2240 2531 2328 Episcopus·

220 2344 428 2413 Sacra
462 2343 894 2429 Congregatio
915 2342 1234 2430 judicavit
1270 2363 1391 2431 pro
1425 2342 1613 2409 nullo
1647 2341 2025 2410 habendum
2058 2364 2191 2411 esse
2229 2344 2392 2412 illud
2422 2344 2538 2413 de-

223 2456 483 2519 cretum
524 2449 857 2540 Episcopi,
905 2453 967 2516 et
1013 2449 1088 2517 in
1129 2448 1423 2519 favoremw
1461 2449 1726 2542 capituli
1774 2454 2001 2520 contra
2042 2452 2529 2542 praetentionem

228 2556 698 2626 canonicorum
724 2556 1229 2625 honorariorum
1242 2558 1585 2647 judicavit.

310 2665 614 2733 Rationes
641 2669 858 2732 autem
887 2687 924 2731 a
952 2665 1240 2756 capitulo
1263 2655 1557 2735 adductae
1583 2666 1721 2734 istae
1744 2671 1967 2735 erant:
2009 2667 2073 2733 1ο
2101 2666 2371 2736 Certum
2398 2689 2535 2736 esse

237 2771 564 2863 praedictos
586 2777 867 2861 quatuor
908 2773 1257 2841 canonicos
1296 2795 1334 2842 a
1369 2774 1655 2864 capitulo
1688 2796 1822 2841 non
1850 2773 2051 2841 fuisse
2079 2778 2373 2861 acceptos
2411 2775 2539 2840 nisi

156 2873 159 2876 ⁴
238 2887 538 2970 tanquam
575 2900 756 2946 mere
782 2880 1188 2947 honorarios.
1227 2879 1294 2946 2⁰
1347 2906 1379 2943 c<
1422 2879 1628 2947 Porro
1660 2878 1930 2967 capituli
1967 2898 2304 2945 assensum
2333 2877 2405 2942 in
2434 2898 2541 2946 ca-

248 3013 283 3051 ¹«
315 2986 708 3054 nonicorum
729 2986 1456 3074 supernumerariorum
1488 2984 1810 3051 creatione
1828 2980 2103 3049 omnino
2125 2981 2395 3070 requiri,
2437 2983 2541 3051 vel

255 3116 283 3155 (ι
323 3093 441 3183 ipsi
494 3091 779 3159 fatentur
831 3089 1206 3173 adversarii,
1268 3095 1333 3157 et
1385 3089 1630 3177 legitur
1675 3087 1745 3154 in
1797 3085 2275 3176 Fulqinatensz'
2317 3086 2406 3153 26
2449 3087 2542 3155 fe-

261 3223 289 3261 «
327 3198 577 3266 bruarii·
609 3196 805 3266 1639.
853 3218 887 3259 »
923 3195 990 3263 3⁰
1028 3193 1196 3263 Cum
1224 3216 1382 3284 ergo
1409 3215 1759 3263 consensus
1787 3192 2060 3282 capituli
2088 3192 2288 3266 fuerit
2314 3194 2540 3262 condi-

254 3304 548 3392 tionatos,
567 3304 914 3374 servandas
928 3324 1065 3371 esse
1082 3302 1509 3371 conditiones.
1532 3300 1601 3368 4⁰
1624 3325 1658 3365 t(
1685 3300 1790 3369 Ad
1806 3304 2106 3368 naturam
2120 3301 2537 3370 canonicatus

260 3436 290 3472 «
327 3411 649 3481 honorarii
685 3416 749 3478 et
775 3406 1330 3500 supernumerarii
1358 3408 1534 3497 quod
1563 3406 1811 3495 attinet,
1858 3406 2039 3475 hunc
2071 3408 2350 3498 appellat
2376 3407 2536 3476 Cec-

264 3541 295 3579 «
323 3518 612 3608 copel-ius
641 3504 1022 3605 (Lucubrat.
1057 3535 1293 3582 canon.
1315 3513 1364 3579 l.
1405 3512 1459 3600 l,
1488 3513 1583 3580 tit.
1617 3536 1750 3593 xiv,
1785 3534 1854 3580 n.
1884 3511 1978 3601 7),
2011 3534 2252 3579 nomen
2276 3512 2418 3579 sine
2441 3534 2534 3596 re,

265 3647 296 3686 «
329 3637 386 3691 et
412 3623 990 3693 nomenclaturam
1019 3642 1306 3687 vacuam
1326 3642 1404 3687 ae
1428 3619 1696 3687 inanem
1712 3641 1858 3708 pree
1879 3640 1946 3685 se
1964 3619 2205 3705 ferens.
2232 3616 2332 3683 Ac
2351 3616 2542 3682 indu-

258 3753 296 3791 -«
330 3738 462 3799 ctus
499 3732 738 3799 dicitur
774 3724 1230 3796 remotioribus
1270 3725 1528 3791 saeculis
1578 3730 1651 3790 ut
1700 3728 1998 3810 receptus
2041 3723 2112 3786 in
2151 3720 2537 3790 canonicum

262 3858 298 3897 «
331 3836 752 3908 honorarium
781 3856 896 3904 seu
926 3827 1584 3923 supernumerarium
1625 3827 2000 3895 instituatur
2027 3824 2093 3892 in
2128 3825 2445 3911 moribuS,
2477 3835 2539 3898 et

269 3964 301 4003 t<
331 3943 551 4011 officiis
583 3943 893 4025 ecclesiae,
929 3940 1370 4027 inserviatque
1410 3933 1892 4025 antiquioribus
1935 3932 2286 4001 canonicis.
2333 3934 2401 4001 5⁰
2442 3934 2536 4006 De

269 4071 301 4109 «
332 4050 552 4118 talium
592 4050 1056 4118 canonicorum
1091 4045 1358 4135 juribus
1396 4066 1503 4111 eos
1543 4042 1656 4110 illa
1690 4046 1947 4108 tantum
1976 4040 2130 4128 jura
2165 4044 2228 4107 et
2254 4040 2534 4109 honores

271 4175 305 4214 «
333 4153 612 4224 obtinere
627 4176 838 4245 posse,
855 4174 1001 4243 quae
1019 4152 1086 4219 in
1104 4135 1371 4219 illorum
1387 4148 1888 4217 canonicatuum
1902 4146 2218 4214 erectione
2233 4169 2535 4216 concessa

275 4282 308 4321 «
337 4281 403 4328 ac
421 4263 801 4333 concordata
819 4261 970 4345 sint,
993 4261 1224 4332 docent
1243 4258 1461 4327 Abbas
1483 4255 1574 4343 (in
1585 4276 1641 4324 c.
1677 4255 1848 4321 Cum
1862 4254 1953 4321 M.
1971 4252 2435 4331 Ferrariensz's,
2456 4252 2534 4316 de

266 4387 310 4426 -«
337 4375 526 4439 const.
574 4393 642 4438 n.
688 4368 825 4458 29),
876 4368 1228 4455 Fagnanus
1262 4363 1357 4453 (in
1388 4383 1448 4431 c.
1496 4360 1808 4444 Dilectus,
1849 4360 1930 4428 de
1957 4356 2287 4448 praebend.
2328 4373 2396 4418 n.
2448 4345 2523 4409 21
