2930 4982
1177 346 1258 392 m:
1302 344 1633 395 enimus·
1879 390 1882 393 Α
2435 345 2464 400 1
2477 343 2557 399 27

272 489 302 528 «
326 463 637 531 bendae...
673 462 844 544 Quia
886 463 1213 532 nimirum
1238 466 1581 557 praefinitio
1617 465 1884 535 numeri
1918 467 2387 539 canonicorum
2423 472 2566 542 ideo

272 569 421 653 «fit,
448 591 533 638 ne
558 591 781 638 mensa
807 570 1191 660 capitularis
1215 572 1537 640 sustinere
1572 579 1838 662 cogatur
1862 575 2177 665 majorem
2203 597 2568 647 numerum

271 696 525 766 «quam
574 676 739 745 ferre
766 676 1014 768 possint
1037 679 1178 768 ejus
1208 678 1579 764 facultates3
1615 701 1687 747 ac
1718 681 1990 770 proinde
2029 703 2186 750 cum
2234 682 2372 751 haec
2402 682 2566 752 ratio

273 808 303 847 «
334 784 538 850 cesset
568 782 1111 873 quotiescumque
1156 805 1289 853 non
1330 790 1699 874 tanguntur
1725 785 2087 877 praebendae
2114 786 2419 872 aliorum,
2460 789 2567 857 ni-

274 913 303 952 «
330 888 563 978 hiique
609 887 971 956 detrahitur
1015 890 1092 957 de
1134 912 1358 958 mensa
1404 891 1779 982 capitulari,
1829 892 2231 962 taciturnitas
2295 895 2566 977 numeri

274 1020 306 1061 «
331 1015 462 1063 non
495 993 706 1061 inficit
733 996 1010 1083 gratiam
1035 996 1501 1086 Apostolicam.
1539 1022 1573 1061 >2

356 1127 394 1167 «
420 1099 669 1169 Eodem
712 1102 952 1192 pariter
980 1103 1173 1171 modo
1210 1125 1343 1193 quo
1368 1103 1540 1171 valet
1566 1103 1775 1193 gratia
1805 1102 2149 1173 erectionis
2179 1105 2334 1174 novi
2377 1126 2568 1176 cano-

275 1232 309 1274 «
336 1208 592 1275 nicatus
618 1207 688 1274 in
710 1209 974 1276 ecclesia
999 1220 1358 1277 numerata
1384 1231 1499 1299 per
1527 1208 1859 1279 indultum
1892 1208 2144 1279 Sanctae
2173 1208 2387 1297 Sedis,
2411 1211 2573 1281 facta

274 1339 307 1380 (ε
336 1334 451 1405 per
473 1312 828 1382 Summum
870 1315 1281 1403 Pontificem,
1314 1316 1402 1384 ita
1451 1315 1696 1406 pariter
1736 1315 2093 1384 sustinetur
2117 1317 2352 1384 erectio
2403 1316 2572 1386 sacta

275 1447 308 1486 «
336 1444 452 1512 per
493 1421 918 1514 Episcopum,
955 1428 1281 1513 quatenus
1324 1444 1461 1491 non
1500 1427 1870 1510 tanguntur
1911 1420 2161 1490 reditus
2203 1444 2428 1493 massae
2458 1447 2570 1495 seu

277 1528 839 1619 «praebendarum
883 1532 1350 1599 canonicorum
1380 1529 1825 1618 antiquorum.
1876 1525 1952 1595 ln
1995 1528 2315 1597 erectione
2354 1536 2571 1600 tamen

277 1660 311 1700 «
341 1636 633 1705 facienda
691 1660 807 1728 per
863 1638 1258 1729 Episcopum
1312 1643 1405 1704 est
1447 1635 1849 1704 necessarius
1889 1633 2161 1725 capituli
2185 1656 2571 1723 consensus,

277 1763 315 1803 «
343 1762 535 1828 quem
576 1743 768 1811 etiam
799 1744 1314 1812 conditionatum
1342 1747 1644 1834 praestare
1687 1747 1916 1832 potest,
1956 1742 2321 1810 dummodo
2349 1743 2577 1811 condi-

283 1867 320 1908 «
350 1846 544 1915 tiones
587 1848 714 1916 sint
763 1849 1180 1917 rationabiles
1205 1853 1265 1916 et
1286 1850 1560 1937 justae...
1623 1846 1809 1928 Quod
1837 1848 1892 1915 si
1946 1847 2389 1937 capitulum...
2437 1848 2575 1916 sine

277 1953 508 2042 «justa
561 1959 624 2021 et
664 1954 957 2044 legitima
1005 1974 1197 2023 causa
1250 1976 1451 2021 suum
1503 1974 1840 2020 assensum
1893 1957 2196 2043 praestare
2247 1958 2573 2039 renueret,

275 2081 308 2124 α
344 2065 557 2148 posset
595 2059 703 2126 ille
760 2083 875 2151 per
900 2060 1301 2151 Episcopum
1331 2060 1467 2127 sive
1514 2059 1722 2125 alium
1757 2058 2162 2148 superiorem
2192 2056 2568 2149 suppleri...

275 2186 311 2229 (ι
339 2161 519 2233 Inter
556 2166 832 2256 potiores
869 2187 1092 2234 causas
1147 2163 1232 2233 ob
1261 2185 1423 2254 quas
1470 2162 1837 2253 capitulum
1876 2163 2051 2250 juste
2079 2162 2355 2251 denegat
2377 2183 2577 2230 suum

276 2295 316 2337 ι(
346 2291 689 2337 assensum
727 2293 913 2338 novae
946 2270 1319 2337 fundationi
1372 2268 1794 2334 canonicatus
1802 2315 1821 2350 ‚
1871 2271 2259 2331 numeratur
2305 2266 2580 2333 tenuitas

288 2397 325 2437 c<
356 2373 697 2441 redituum
720 2375 1263 2465 assignandorum
1285 2393 1403 2464 pro
1428 2371 1604 2439 illius
1624 2372 1791 2453 dote,
1822 2369 2145 2437 nimirum
2171 2371 2225 2438 si
2251 2392 2325 2438 ea
2345 2390 2477 2439 non
2498 2372 2580 2439 sit

282 2478 682 2547 «sufficiens
728 2480 809 2549 ad
851 2480 1303 2550 sustinendum
1363 2500 1482 2569 pro
1540 2477 1848 2569 qualitate
1901 2476 2187 2546 ecclesiae
2242 2477 2580 2546 decentem

287 2609 322 2649 «
354 2589 599 2652 statum
655 2587 807 2654 novi
855 2587 1178 2672 canonici,
1237 2607 1318 2653 ne
1363 2590 1626 2677 propter
1663 2586 1806 2674 ejus
1861 2583 2241 2652 tenuitatem
2292 2583 2577 2652 conferri

288 2715 324 2757 a
348 2696 639 2780 oporteat
672 2691 831 2760 viris
854 2692 1196 2760 illitteratis
1227 2697 1289 2760 et
1310 2691 1460 2759 vilis
1504 2689 1918 2771 conditionis,
1954 2689 2025 2757 in
2049 2689 2328 2758 dedecus
2372 2690 2579 2780 ipsius

294 2794 737 2866 «Ecclesiae...
762 2822 798 2863 »
830 2797 1360 2888 (Scarfantonius‚
1388 2800 1485 2864 De
1501 2795 1861 2880 canonicis,
1880 2794 1931 2861 l.
1955 2793 2011 2878 1,
2036 2795 2136 2861 tit.
2161 2795 2324 2881 xlv.)

1195 3065 1484 3128 CAPUT
1538 3064 1692 3124 XVI

1028 3249 1105 3295 DE
1148 3247 1454 3297 CANONICIS
1494 3243 1855 3293 HONORARIIS

383 3435 528 3507 Jam
560 3440 766 3530 capite
790 3436 1175 3530 praecedenti
1202 3434 1492 3503 vidimus
1526 3433 1696 3500 inter
1723 3431 1934 3498 varias
1973 3430 2211 3521 species
2247 3431 2585 3498 canonico-

306 3564 450 3611 rum
477 3546 589 3634 qui
633 3541 1375 3635 supranumerariorum
1398 3540 1669 3609 nomine
1712 3538 1793 3605 ab
1819 3536 2193 3606 auctoribus
2231 3534 2585 3624 designan-

308 3652 430 3733 tur,
478 3648 986 3740 computandam
1032 3648 1227 3715 etiam
1254 3668 1387 3714 esse
1411 3645 1596 3713 illam
1620 3642 2131 3711 honorariorum
2174 3641 2468 3709 classem.
2498 3637 2589 3704 At

309 3774 457 3821 cum
484 3754 717 3844 aliquae
764 3773 897 3821 non
919 3750 1102 3842 parvi
1129 3750 1442 3817 momenti
1470 3748 1853 3836 quaestiones
1886 3749 2238 3816 occurrant
2266 3743 2440 3811 circa
2466 3742 2590 3808 hu-

309 3857 589 3947 jusmodi
639 3858 1007 3939 canonicos,
1058 3876 1192 3925 non
1232 3852 1344 3923 abs
1373 3874 1443 3923 re
1485 3851 1629 3939 erit,
1682 3849 1761 3918 de
1796 3849 1925 3920 illis
1966 3849 2234 3922 seorsim
2281 3849 2590 3939 tantisper

316 3962 638 4035 disserere.
