2930 4982
1135 348 1215 394 ΒΕ
1259 348 1592 399 carnum&
2432 361 2512 416 83

312 468 424 535 Jus
445 469 671 534 autem
701 485 1082 551 commune,
1113 466 1334 537 habita
1361 471 1602 542 ratione
1629 475 2133 550 modificationis
2175 503 2213 551 a
2243 482 2519 557 Triden-

239 575 355 643 tina
391 572 641 663 synodo
672 570 978 656 inductae,
1026 572 1120 642 sic
1153 577 1378 664 paucis
1419 581 1679 669 exponit
1713 582 2066 675 Fagnanus
2109 587 2205 681 (in
2253 590 2296 658 2
2343 600 2510 684 part.

242 681 266 748 1
296 678 590 748 decretal.
622 698 763 767 cap.
797 676 911 744 Ad
937 678 1101 765 lzoec,
1132 678 1213 749 de
1241 682 1465 773 officio
1498 687 1969 785 archidiaconi)
2023 717 2042 763 z
2108 720 2144 761 α
2180 696 2244 764 10
2284 696 2515 790 lut-gia

244 784 469 853 «audit
515 783 953 872 singulorum,
996 784 1063 852 id
1105 792 1221 872 est,
1274 788 1519 870 civilia,
1552 797 1617 860 et
1645 795 1761 863 ubi
1800 797 1879 865 de
1921 800 2197 869 crimine
2238 802 2516 875 civiliter

246 892 522 980 «agitur,
567 889 670 957 vel
699 890 921 978 jurgia
962 889 1243 960 humilia
1286 902 1347 961 et
1385 897 1690 968 minima.
1743 900 1813 969 2⁰
1856 902 2182 991 Instituit3
2227 909 2514 1002 intellige

243 1021 274 1063 c(
295 997 665 1065 auctoritate
704 999 767 1063 et
810 997 1114 1066 mandato
1143 997 1444 1091 Episcopi
1472 1028 1489 1087 ;
1532 1026 1666 1073 non
1696 1013 1916 1077 autem
1949 1012 2322 1082 auctoritate
2356 1037 2518 1105 pro-

247 1105 454 1193 «pria,
491 1103 623 1170 nisi
675 1102 1001 1171 institutio
1046 1103 1128 1172 sit
1171 1109 1545 1198 corporalis,
1603 1118 1678 1180 ut
1721 1114 1970 1184 dictum
2010 1123 2105 1186 est
2157 1140 2356 1210 supra
2401 1122 2516 1212 (1).

243 1208 360 1278 ((30
410 1208 717 1297 Praecipit
777 1208 1082 1298 subjectis
1131 1211 1462 1303 obsequia.
1515 1215 1584 1283 40
1628 1217 1910 1312 Imperat
1954 1222 2244 1293 diaconis
2305 1232 2369 1294 et
2423 1226 2521 1297 le·

242 1342 274 1383 α
293 1317 459 1387 vitis.
494 1316 559 1384 5⁰
588 1313 935 1383 Examinat
964 1318 1234 1386 clericos
1262 1323 1738 1410 promovendos
1761 1326 1842 1394 ad
1880 1349 2093 1397 sacros
2125 1330 2511 1420 ordinessset

244 1446 275 1488 α
299 1423 373 1490 ad
394 1421 730 1504 beneficia,
752 1427 824 1488 ut
851 1421 967 1510 qui
994 1423 1331 1494 beneficiis
1360 1428 1810 1500 ecclesiasticis
1825 1435 2224 1525 praeficiendi
2243 1437 2510 1522 ruerint,

244 1549 331 1595 «a
363 1544 474 1595 suo
502 1529 691 1619 prius
714 1530 1169 1598 examinentur
1196 1534 1684 1615 archidiacono,
1709 1543 1772 1606 et
1802 1562 1919 1630 per
1956 1542 2175 1631 ipsum
2215 1556 2516 1638 postmo-

246 1658 274 1697 «
293 1634 442 1701 dum
466 1632 781 1725 Episcopo
802 1642 1293 1723 praesententur.
1316 1638 1530 1720 Quam
1563 1642 1831 1732 quidem
1862 1645 2233 1718 facultatem
2263 1675 2336 1722 ex
2367 1677 2514 1725 sen-

243 1762 273 1800 «
296 1739 481 1805 tentia
533 1761 734 1807 sacrae
801 1738 1336 1829 Congregationis
1414 1744 1786 1815 Concilium
1847 1748 2313 1826 Tridentinum
2377 1781 2511 1830 non

241 1867 273 1907 (ι
300 1844 565 1928 sustulit,
598 1846 725 1914 nisi
769 1848 979 1935 quoad
1008 1849 1433 1936 parochiales,
1468 1874 1612 1941 quae
1643 1854 2045 1926 conferendas
2076 1867 2231 1930 sunt
2270 1868 2511 1955 praevia

234 1974 266 2012 «
286 1949 484 2020 forma
502 1953 818 2019 examinis
837 1975 954 2043 per
974 1975 1393 2022 concursum.
1424 1956 1593 2024 Cum
1622 1961 1802 2028 enim
1822 1965 2173 2051 quaesitum
2194 1968 2414 2059 fuerit,
2432 1994 2517 2041 an

233 2055 545 2124 «facultas
593 2057 672 2124 de
693 2059 846 2146 jure
889 2059 1156 2146 antiquo
1188 2066 1560 2150 competens
1606 2065 2063 2136 archidiacono
2101 2075 2518 2148 examinandi

230 2187 259 2227 «
286 2165 535 2232 nedum
562 2165 1035 2252 promovendos
1053 2167 1131 2232 ad
1166 2187 1381 2234 sacros
1406 2168 1694 2249 ordineS,
1724 2170 1835 2237 sed
1866 2174 2064 2241 etiam
2089 2177 2518 2252 instituendos

225 2293 254 2332 a
275 2270 346 2336 in
373 2269 698 2352 ecclesiis,
724 2269 806 2334 sit
833 2269 1084 2335 sublata
1115 2292 1228 2356 per
1257 2270 1535 2338 Concilii
1578 2272 1953 2342 Tridentini
1986 2279 2505 2378 dispositionem,

217 2398 249 2438 «
283 2393 439 2460 quae
480 2371 759 2438 habetur
787 2393 939 2439 sess.
974 2372 1061 2439 24
1109 2394 1168 2441 c.
1219 2374 1324 2457 18,
1376 2376 1494 2443 ubi
1537 2379 1746 2467 quoad
1778 2382 2078 2453 ecclesias
2111 2391 2508 2479 parochiales

224 2478 406 2547 «hoc
445 2499 697 2545 munus
745 2478 1172 2548 demandatur
1221 2483 1769 2555 examinatoribus
1820 2487 2038 2561 electis
2081 2496 2150 2563 in
2195 2502 2438 2589 synodo
2485 2528 2501 2571 τ

229 2584 592 2671 «secundO,
641 2590 958 2674 quatenus
996 2588 1078 2653 sit
1131 2587 1512 2679 derogatum
1565 2599 2003 2685 praerogativae
2037 2603 2504 2697 archidiaconi,

233 2697 508 2759 «utnon
562 2692 760 2780 possit
799 2691 973 2759 solus
1006 2693 1145 2761 haec
1173 2695 1407 2781 facere,
1454 2721 1539 2766 an
1583 2701 1810 2776 saltem
1852 2703 2079 2775 debeat
2117 2710 2511 2786 intervenire

235 2819 264 2859 α
287 2818 433 2864 cum
463 2797 1037 2886 examinatoribus,
1082 2800 1232 2869 licet
1262 2803 1400 2893 ipse
1438 2827 1573 2873 non
1612 2808 1693 2874 sit
1730 2831 1906 2877 unus
1946 2834 2022 2878 ex
2071 2814 2393 2905 deputatis
2444 2821 2514 2888 in

239 2906 572 2992 «synodoz
633 2926 809 2973 sacra
863 2906 1296 2997 Congregatio
1355 2912 1436 2977 ad
1495 2914 1794 3001 primum
1846 2919 2104 2984 censuit
2151 2924 2511 2996 concilium

242 3012 560 3099 «privasse
588 3013 1129 3081 archidiaconum
1162 3038 1278 3082 sua
1314 3016 1614 3085 facultate
1654 3021 2096 3093 examinandi.
2141 3026 2244 3095 Ad
2277 3052 2508 3101 secun-

243 3118 439 3187 «dum
490 3121 849 3209 respondit,
890 3133 1034 3187 'non
1083 3120 1338 3206 debere,
1399 3123 1525 3191 nisi
1573 3125 1656 3192 sit
1712 3149 1885 3195 unus
1932 3151 2007 3197 ex
2063 3132 2383 3224 deputatis
2439 3139 2506 3208 in

243 3227 544 3312 «synodo.
589 3227 657 3294 60
698 3226 867 3294 Loco
894 3226 1197 3319 Episcopi
1241 3251 1358 3319 per
1396 3231 1842 3324 episcopatum
1882 3237 2306 3331 prospicienS,
2355 3267 2498 3335 quae

247 3352 275 3392 «
298 3332 667 3421 corrigenda
695 3333 951 3417 viderit,
987 3334 1254 3422 corrigit
1283 3339 1345 3401 et
1389 3338 1731 3425 emendat;
1783 3346 1844 3408 et
1888 3342 2031 3412 ideo
2080 3348 2310 3417 oculus
2343 3351 2503 3443 Epi-

249 3439 459 3527 «scopi
513 3438 836 3507 dicitur...
879 3438 1161 3528 Corrigit
1196 3441 1439 3529 verbis,
1485 3446 1960 3516 monitionibus
2014 3455 2076 3518 et
2123 3457 2499 3545 praeceptis:

248 3563 532 3630 «poenam
552 3553 770 3613 tamen
798 3547 935 3613 sine
955 3546 1271 3638 Episcopo
1292 3572 1426 3616 non
1451 3551 1751 3642 imponit.
1766 3605 1781 3621 .
1797 3605 1812 3620 .
1834 3553 1903 3622 Si
1925 3557 2072 3644 quis
2094 3564 2310 3626 tamen
2335 3563 2504 3629 dicat

249 3670 428 3718 «eum
456 3653 785 3720 modicam
819 3672 1079 3739 poenam
1119 3652 1451 3741 imponere
1482 3678 1687 3743 posse,
1722 3658 1827 3723 vel
1855 3659 1934 3724 ad
1964 3661 2299 3726 modicum
2330 3667 2506 3731 tem-

250 3777 395 3843 «pus
439 3758 855 3848 suspendere,
896 3755 1166 3821 forsitan
1206 3777 1339 3820 non
1373 3758 1635 3823 errabit.
1682 3759 1754 3822 70
1778 3759 2022 3826 Curam
2052 3762 2246 3830 habet
2277 3773 2400 3837 tam
2435 3772 2498 3840 in

253 3862 440 3930 «urbe
468 3867 854 3953 positorum,
909 3883 1109 3951 quam
1142 3882 1375 3929 eorum
1414 3862 1531 3951 qui
1560 3884 1677 3953 per
1709 3864 2047 3954 parochias
2089 3868 2400 3962 habitant,
2434 3886 2495 3948 et

251 3966 801 4059 «delinquentium
828 3969 1146 4037 rationem
1179 3991 1397 4037 coram
1428 3970 1562 4038 Deo
1604 3970 1978 4042 redditurus
2019 3981 2130 4045 est.
2167 3979 2233 4047 8⁰
2268 3982 2498 4068 Visitat

251 4091 280 4132 t<
303 4071 613 4143 dioecesim
641 4077 719 4143 de
745 4075 1024 4145 triennio
1045 4078 1113 4144 in
1131 4077 1520 4160 triennium,
1556 4078 1870 4167 impedito
1895 4078 2231 4175 Episcopo,
2263 4089 2329 4156 9⁰
2349 4091 2494 4162 Post

250 4176 683 4274 «Episcopum
731 4189 822 4251 est
877 4184 1019 4272 ejus
1085 4184 1366 4255 vicarius
1417 4184 1487 4250 in
1540 4183 1870 4275 omnibuS,
1915 4193 1976 4257 et
2033 4208 2497 4283 consequenter

302 4343 353 4405 (t)
380 4347 485 4398 Jam
507 4350 698 4401 dixerat
717 4348 1001 4413 Fagnanus,
1019 4351 1392 4398 institutionem
1417 4350 1748 4413 corporalem,
1776 4354 1882 4404 tam
1899 4369 2051 4419 super
2073 4354 2334 4416 beneficiis
2350 4368 2499 4415 quam

246 4421 382 4473 etiam
404 4427 760 4494 dz'qnitatibuS,
784 4429 965 4480 debere
982 4430 1054 4478 ad
1079 4428 1490 4479 archidiaconum
1509 4432 1789 4493 pertinere.
