2930 4982
1148 385 1227 430 nn
1268 385 1593 431 cunnus.
1920 396 1923 401 ·
2392 375 2517 432 477

326 499 674 571 Canonicis
688 508 750 571 et
776 500 1213 594 Dignitatibus
1241 523 1368 568 non
1397 501 1551 569 licet
1577 502 1647 569 in
1676 502 1890 571 missis
1918 502 2186 594 privatis
2215 503 2525 575 adhibere

235 605 403 675 duos
420 607 773 690 ministros,
799 614 1078 700 quatuor
1106 609 1426 692 candelas,
1470 612 1534 675 et
1560 607 1831 676 abacum
1865 607 1957 697 (n.
1996 609 2216 703 1849).

331 711 672 783 Canonicis
694 737 824 784 non
848 715 998 785 licet
1021 716 1334 785 novitates
1354 713 1666 783 inducere
1684 719 1745 782 et
1757 714 2205 806 presbyterum
2226 719 2522 788 assisten-

235 825 370 887 tem
390 820 458 889 in
483 823 678 890 missa
706 821 1034 892 adhibere.
1057 820 1715 915 (SacraCongregatio
1740 820 2023 905 rituum,
2050 825 2224 914 apud
2252 824 2524 895 Gardel-

233 925 383 1012 lini,
408 949 476 996 n.
509 927 733 1019 1864.)

331 1032 700 1103 Canonicus
743 1035 858 1126 qui
902 1034 1173 1128 pluviali
1218 1035 1490 1104 indutus
1534 1034 1808 1104 sustinet
1844 1033 2160 1104 baculum
2195 1033 2522 1129 Episcopi,

129 1150 136 1155 “
246 1149 465 1210 tenere
504 1141 693 1209 debet
721 1141 941 1211 locum
973 1142 1044 1209 in
1088 1141 1816 1232 processionibusjuxta
1843 1140 2431 1211 consuetudinem:
2473 1144 2529 1214 si

241 1247 388 1316 haec
427 1248 615 1316 nulla
657 1247 765 1333 sit,
802 1247 973 1316 solus
1010 1252 1157 1315 ante
1197 1247 1598 1339 Episcopum
1633 1246 1886 1315 incedat
1928 1245 2144 1341 (ibid.,
2179 1270 2246 1316 n.
2295 1246 2522 1343 2653).

334 1354 644 1424 Canonici
689 1377 822 1424 non
860 1360 1014 1425 sunt
1050 1356 1324 1445 cogendi
1353 1356 1432 1423 ad
1469 1354 1847 1423 deferendas
1879 1354 2094 1422 hastas
2129 1353 2524 1439 baldachini,

233 1460 412 1552 quod
457 1463 894 1551 praestandum
935 1466 1028 1529 est
1071 1481 1110 1528 a
1156 1458 1564 1550 dignioribus
1599 1482 1676 1528 ex
1728 1459 2124 1528 beneficiatis
2173 1482 2285 1528 seu
2336 1483 2528 1530 man-

232 1566 559 1655 sionariiS,
607 1574 670 1636 et
710 1566 1030 1636 contraria
1067 1565 1468 1636 consuetudo
1507 1564 1917 1657 improbatur
1965 1563 2205 1657 (ibid.,·
2233 1586 2303 1633 n.
2356 1565 2527 1636 1024

233 1679 296 1742 et
331 1673 551 1764 1082).

322 1780 636 1849 Canonici
673 1785 733 1847 et
759 1777 1114 1870 Dignitates
1149 1779 1221 1847 in
1262 1783 1405 1847 actu
1444 1774 1823 1869 praestandae
1854 1775 2235 1846 obedientiae
2266 1778 2525 1849 admitti

231 1886 471 1955 debent
486 1887 567 1955 ab
587 1886 909 1979 Episcopo
930 1886 1011 1955 ad
1035 1887 1333 1956 osculum
1345 1886 1679 1954 dumtaxat
1696 1904 1931 1951 manus
1956 1881 2168 1974 (ibid.‚
2186 1907 2253 1953 n.
2292 1884 2518 1976 1194).

1000 2336 1291 2416 PARS
1342 2335 1773 2431 QUINTA

806 2564 898 2615 DE
957 2564 1327 2631 CAPITULO,
1388 2564 1564 2614 SEDE
1618 2563 1946 2614 VACANTE

323 2783 558 2852 Omnia
596 2805 742 2873 quae
784 2783 852 2849 in
882 2780 1002 2849 hac
1044 2785 1220 2871 parte
1248 2778 1578 2847 tractanda
1608 2783 1965 2847 occurrunt
1993 2777 2334 2846 commode
2372 2801 2512 2869 pos-

236 2895 391 2959 sunt
420 2889 542 2955 sub
587 2888 820 2977 triplici
853 2886 1133 2955 sectione
1160 2884 1463 2953 distribui
1495 2909 1512 2953 t
1563 2886 1629 2952 10
1660 2906 1897 2976 nempe
1926 2885 2006 2952 ad
2044 2907 2244 2974 quem
2273 2890 2335 2952 et
2363 2908 2522 2975 quo·

233 2995 435 3064 modo
464 2994 833 3063 devolvatur
868 2997 1141 3083 potestas
1169 2992 1528 3080 dioecesim,
1563 2991 1711 3060 sede
1762 2996 2049 3079 vacante,
2080 2991 2514 3081 gubernandi.

239 3100 307 3168 2ο
351 3099 686 3179 Quomodo
715 3120 848 3167 sese
886 3097 1167 3165 habeant
1193 3097 1276 3165 ad
1303 3096 1581 3165 invicem
1620 3096 1831 3185 quoad
1860 3101 2229 3187 potestatem
2274 3098 2522 3188 capitu-

237 3206 384 3275 lum
441 3212 504 3274 et
547 3206 826 3273 vicarius
871 3203 1262 3294 capitularis.
1323 3202 1391 3271 3⁰
1441 3202 1759 3283 Quaenam
1817 3205 1899 3271 sit
1944 3202 2147 3293 hujus
2196 3203 2518 3293 potestatis

238 3315 545 3383 extensio,

1159 3484 1477 3558 SECTIO
1549 3484 1575 3555 1

236 3674 322 3730 AD
360 3673 548 3743 QUEM
574 3672 659 3729 ET
692 3669 1039 3738 QUOMODO,
1072 3668 1243 3725 SEDE
1286 3667 1622 3736 VACANTE,
1666 3664 2130 3722 DEVOLVATUR
2171 3665 2515 3722 DIOECESIM

1041 3765 1342 3823 REGENDI
1387 3764 1731 3822 POTESTAS

1199 3971 1486 4034 CAPUT
1544 3971 1569 4030 I

869 4139 1208 4195 ouo'rumcl
1266 4138 1423 4185 uono
1471 4137 1646 4183 SEDES
1676 4112 1889 4182 vAcsr'

327 4329 375 4397 1.
407 4326 598 4396 Sedes
641 4322 878 4392 dicitur
898 4319 1174 4414 proprie
1203 4337 1424 4386 vacare
1452 4317 1517 4383 1⁰
1542 4315 1800 4405 quando
1830 4314 2185 4407 Episcopus
2214 4321 2509 4383 mortuus

249 4441 336 4503 est
358 4462 377 4522 ;
405 4434 473 4502 2⁰
500 4432 757 4524 quando
781 4428 862 4498 ad
885 4428 1079 4497 aliam
1101 4425 1317 4496 sedem
1339 4423 1462 4493 fuit
1486 4422 1827 4492 translatus
1848 4444 1865 4506 ;
1899 4421 1967 4490 3⁰
1991 4422 2247 4512 quando
2267 4439 2507 4487 renun-
