2930 4982
1164 357 1245 403 ως
1288 356 1616 404 camuris.
2459 360 2538 416 ⁴9

257 481 549 548 «ductos
576 500 689 568 per
720 475 1182 544 Tridentinum
1238 477 1413 566 (sess.
1448 477 1562 564 24,
1606 501 1664 546 c.
1720 477 1852 566 12).
1899 478 2056 547 Jure
2096 488 2313 551 autem
2349 508 2541 556 cano·

255 612 289 650 «
316 587 465 652 nico
503 584 844 652 definitum
901 603 1035 651 non
1077 588 1171 651 est
1215 603 1523 672 quaenam
1586 583 1852 652 ecclesia
1919 586 2174 654 dicatur
2216 588 2544 679 insiqnis;

254 719 288 757 ι(
319 693 497 760 unde
520 712 625 758 res
652 711 726 757 ex
754 689 919 758 iacto
951 688 1302 780 dependet,
1339 695 1580 758 attento
1603 690 1869 757 nomine
1894 689 2203 782 insiqnis‚
2230 718 2377 786 quae
2424 720 2540 768 ec-

255 824 288 863 «
312 799 524 866 clesiae
553 797 952 865 nobilitatem
984 802 1046 863 et
1070 795 1522 865 excellentiam
1554 817 1687 888 prae
1716 817 1782 863 se
1810 796 1951 881 fert,
1986 800 2289 891 quodque
2318 803 2516 872 colle-

247 928 282 968 «
311 905 487 994 giata
513 903 790 992 insignis
813 902 1167 993 proximior
1194 908 1287 970 est
1320 903 1675 971 cathedrali
1700 925 1774 971 ac
1801 904 1932 971 fere
1955 904 2139 974 illam
2163 910 2530 979 aemulatur.

248 1009 501 1078 «Unde
531 1010 818 1077 doctores
848 1030 968 1099 pro
1007 1008 1417 1096 inspiciendo
1443 1029 1528 1075 an
1568 1010 1905 1098 collegiata
1934 1010 2018 1077 sit
2054 1010 2352 1102 insignis,
2400 1041 2536 1087 rem

247 1143 278 1181 ι(
307 1116 584 1184 arbitrio
609 1116 852 1205 judicis
893 1114 1302 1203 relinquunt,
1334 1113 1413 1180 ad
1438 1115 1645 1181 instar
1675 1115 2070 1205 probationis
2101 1118 2469 1190 nobilitatis.
2499 1150 2530 1188 »

238 1220 625 1311 (Cardinalis
668 1221 878 1305 Petra,
916 1224 1271 1288 comment.
1307 1220 1377 1287 in
1406 1218 1626 1288 Const.
1668 1221 1707 1286 7
1738 1221 2098 1290 iunocentii
2126 1222 2244 1308 IV,
2272 1235 2424 1295 sect.
2459 1230 2529 1317 2,

233 1346 307 1395 n.
348 1327 554 1413 35,in
580 1333 740 1395 tom.
773 1324 907 1416 ΙΙΙ.)

327 1431 651 1522 Obligatio
700 1432 784 1500 ad
836 1431 1295 1521 quotidianum
1341 1431 1645 1499 officium
1686 1432 1760 1499 in
1802 1432 2027 1517 choro,
2077 1456 2115 1502 a
2153 1434 2535 1509 Tridentina

232 1540 484 1629 synodo
516 1541 758 1609 sancita
795 1543 971 1624 (sess.
1007 1538 1121 1620 24,
1153 1561 1213 1606 c.
1250 1537 1357 1621 12,
1390 1536 1487 1605 De
1516 1538 1688 1625 ΓΒΕΖ),
1727 1559 1860 1605 non
1889 1542 2149 1631 attingit
2190 1544 2313 1611 nisi
2352 1547 2537 1637 capi-

230 1647 370 1714 tula
420 1646 811 1714 cathedralia
855 1653 914 1713 et
961 1644 1331 1734 collegiatas
1381 1645 1698 1736 insiqnes.
1752 1643 2115 1735 Collegiatae
2167 1651 2347 1718 enim
2399 1674 2530 1720 non

226 1752 551 1840 iusigneS,
584 1753 735 1820 licet
773 1752 1154 1842 regulariter
1199 1751 1281 1817 ad
1322 1751 1496 1818 idem
1524 1756 1891 1835 teneantur,
1934 1755 2003 1819 in
2030 1754 2270 1845 triplici
2312 1762 2532 1825 tamen

227 1880 391 1926 casu
433 1860 836 1944 eximuntur,
861 1880 1100 1948 nempe
1125 1856 1381 1947 primo,
1412 1858 1471 1924 si
1501 1856 1772 1924 ecclesia
1799 1859 1881 1924 sit
1904 1859 2139 1927 ruralis
2167 1884 2194 1939 ς,
2216 1860 2525 1949 secundo,

225 1964 279 2030 si
308 1966 720 2033 consuetudo
748 1965 1070 2033 contraria
1099 1961 1780 2045 sitimmemorabilis3
1815 1964 2035 2051 terti0,
2055 1966 2110 2032 si
2133 1968 2380 2036 reditus
2402 1971 2532 2037 sint

222 2068 419 2137 valde
442 2076 669 2137 tenues
700 2070 889 2158 (Vide
916 2068 1180 2137 Cardin.
1209 2067 1422 2146 Petra,
1443 2068 1588 2135 loco
1616 2067 1808 2134 modo
1825 2068 2052 2148 citato,
2086 2092 2153 2137 n.
2179 2070 2320 2162 27.)

1183 2352 1469 2417 CAPUT
1517 2355 1606 2414 IV

569 2545 645 2589 DE
686 2543 1066 2590 DEFINITIONE
1104 2545 1181 2589 ET
1207 2544 1407 2589 VARIIS
1440 2545 1755 2591 SPECIEBUS
1785 2545 2200 2594 CANONIGORUM

311 2746 509 2813 Licet
557 2743 841 2826 definito,
877 2743 1032 2831 quid
1078 2743 1160 2811 sit
1198 2742 1589 2833 capitulum,
1645 2751 1706 2810 et
1739 2747 2039 2835 expositis
2083 2748 2524 2837 capitulorum

224 2850 425 2919 variis
456 2850 816 2940 speciebuS,
846 2848 1077 2915 inutile
1104 2848 1313 2915 videri
1338 2850 1538 2938 possit
1564 2850 1859 2915 eamdem
1887 2852 2313 2937 quaestionem
2339 2854 2529 2918 insti-

227 2963 409 3025 tuere
437 2955 655 3044 quoad
679 2956 1051 3039 canonicOS,
1084 2953 1200 3041 qui
1224 2953 1398 3019 nihil
1425 2952 1606 3020 aliud
1628 2960 1780 3019 sunt
1804 2975 2005 3041 quam
2027 2956 2290 3044 capituli
2323 2978 2527 3023 mem-

229 3062 374 3148 bra,
402 3062 704 3152 quaedam
731 3066 948 3126 tamen
978 3059 1296 3141 notioneS‚
1328 3057 1406 3123 ad
1439 3057 1678 3123 melius
1718 3057 2292 3149 introspiciendam.
2319 3062 2522 3150 hujus

231 3167 657 3237 institutionis
695 3164 1140 3235 ecclesiasticae
1184 3168 1487 3229 naturam
1537 3183 1671 3229 non
1720 3185 1957 3255 parum
1990 3168 2318 3255 juvantes,
2367 3188 2519 3234 cum

232 3295 383 3342 voce
410 3275 553 3366 ipsa
571 3271 1039 3341 canonicorum
1071 3274 1551 3337 connectuntur
1575 3293 1591 3349 ;
1625 3292 1784 3361 quas
1804 3271 1950 3340 ideo
1966 3271 2087 3340 sub
2109 3272 2233 3342 hoc
2258 3273 2520 3363 speciali

235 3383 440 3471 capite
463 3381 764 3470 colligere
788 3385 850 3446 et
871 3377 1170 3446 exhibere
1194 3376 1572 3444 maluimus,

1320 3637 1422 3711 31

848 3799 918 3839 DE
946 3796 1169 3837 ORIGINE
1203 3796 1376 3835 ILLIUS
1409 3794 1575 3846 VOCIS,
1611 3794 1909 3833 CANONICUS

319 3981 497 4049 Inter
528 3982 705 4049 varia
731 4001 876 4069 quae
900 3978 1072 4068 apud
1095 3982 1382 4045 auctores
1420 3978 1779 4043 occurrunt
1809 3974 1981 4041 circa
2007 3973 2184 4045 illius
2217 3979 2511 4049 vocabuli

237 4088 718 4177 etymologiam,
746 4085 982 4175 duplex
1000 4088 1255 4151 tantum
1273 4081 1496 4172 opinio
1515 4079 1900 4148 attendenda
1923 4084 2039 4147 est.
2069 4078 2307 4159 Caetera
2329 4085 2510 4155 enim

238 4210 273 4257 a
298 4194 454 4259 viris
482 4214 718 4283 parum
762 4189 1029 4257 eruditis
1058 4187 1324 4279 prolata,
1368 4185 1553 4252 omni
1592 4184 2012 4254 fundamento
2039 4186 2504 4259 destituuntur.

320 4299 372 4367 1⁸
402 4299 748 4370 Sententia
773 4335 865 4349 -
902 4296 1197 4388 Desumit
1232 4314 1461 4360 vocem
1497 4291 1683 4358 illam
1710 4314 1746 4359 a
1801 4316 2070 4377 canone,
2106 4302 2363 4385 sumpto
2391 4316 2510 4382 pro

238 4408 490 4495 requla,
523 4414 585 4475 et
613 4405 940 4474 indicante
958 4403 1158 4469 vitam
1183 4397 1551 4487 regularem
1579 4402 1640 4462 et
1680 4417 2127 4481 communem,
2160 4418 2359 4486 quam
2389 4394 2510 4459 du-

2164 4516 2193 4560 4
