2930 4982
284 350 412 408 362
1252 353 1599 402 'rRAcnrus

1379 571 1496 650 §6

279 743 354 781 Ax
382 740 719 787 ammaum}
757 741 1060 780 CONSENSUS
1100 739 1347 780 CAPITULI
1387 739 1456 777 UT
1496 737 1777 777 Episcopus
1810 736 1988 776 Possrr
2020 734 2217 775 PUNIRE
2239 733 2581 774 SCBDITORUH

1302 835 1564 875 EXCESSUS

373 1000 483 1071 Sic
521 1000 717 1068 habet
744 1021 952 1067 canon
987 998 1360 1089 Episcopus
1393 995 1653 1064 nullius
1683 996 1792 1077 15,
1824 1000 2052 1085 quaest.
2091 997 2127 1064 7
2162 1020 2178 1064 :
2207 994 2581 1085 Episcopus

282 1107 537 1175 nullius
579 1128 851 1175 causam
892 1104 1130 1173 audiat
1177 1104 1422 1195 absque
1451 1102 1821 1194 praesentia
1846 1124 2116 1171 suorum
2144 1100 2533 1170 clericorum
2554 1123 2577 1168 .·

284 1213 584 1304 alioquin
603 1213 802 1280 irrita
814 1213 944 1281 erit
960 1212 1294 1280 sententia
1306 1209 1651 1302 Episcopi,
1678 1209 1812 1278 nisi
1825 1209 2211 1278 clericorum
2214 1207 2580 1300 proesentia

283 1344 403 1390 con
460 1308 738 1388 rmetur.
770 1316 1040 1403 (Concil.
1076 1317 1416 1407 Carthag„
1443 1338 1539 1400 ur,
1567 1337 1625 1384 c.
1662 1313 1804 1403 23.)

374 1425 449 1494 {n
488 1425 659 1494 libro
687 1430 905 1493 autem
936 1422 993 1491 V
1021 1423 1488 1502 Decretalium,
1512 1421 1703 1490 titulo
1733 1421 1848 1507 31,
1882 1422 2092 1513 capite
2119 1421 2460 1504 Pervenit,
2488 1422 2582 1491 sic

284 1531 577 1600 decernit
607 1530 968 1600 Alexander
997 1530 1083 1600 111
1115 1555 1131 1599 ε
1176 1532 1350 1599 Cum
1382 1541 1611 1598 autem
1634 1529 2059 1620 presbyteros
2098 1528 2293 1619 quasi
2314 1528 2497 1618 filios
2521 1539 2586 1596 et

280 1637 531 1725 fratres
581 1636 874 1726 beniqna
911 1659 990 1704 ac
1028 1637 1341 1725 fraterna
1392 1633 1686 1701 debeatis
1726 1634 2071 1703 charitate«
2095 1636 2345 1724 fovere,
2382 1656 2587 1702 man-

285 1740 528 1810 damus
553 1754 882 1831 quatenus
915 1742 987 1808 in
1019 1763 1128 1809 eos
1161 1740 1395 1808 tallias
1432 1750 1499 1807 et
1523 1739 1899 1809 exactiones
1934 1740 2267 1809 indebitas
2298 1761 2589 1808 exercere

282 1843 674 1913 nullatenus
685 1845 1146 1936 proesumatis,
1180 1866 1297 1913 nec
1320 1843 1400 1913 de
1424 1856 1658 1913 coetero
1683 1845 2247 1915 irrationabiliter
2269 1845 2583 1936 qravetis,

286 1951 395 2020 vel
417 1950 758 2030 inhoneste
787 1951 1085 2019 tractetis
1105 1950 1387 2033 eosdem,
1411 1963 1536 2019 aut
1567 1951 1707 2019 sine
1720 1950 1982 2041 judicio
2013 1952 2307 2043 capituli
2319 1973 2588 2042 suspen-

286 2056 460 2137 dere,
485 2057 595 2125 vel
613 2080 842 2126 eorum
864 2057 1167 2125 ecclesias
1195 2056 1547 2125 interdicto
1566 2055 1882 2146 subjicere
1899 2057 2322 2139 attentetis..;
2349 2056 2589 2124 scituri

275 2184 407 2254 pro
434 2175 632 2248 certo,
669 2164 848 2253 quod
875 2163 935 2230 si
960 2163 1348 2253 hujusmodi
1372 2185 1667 2231 rumores
1692 2161 1772 2230 de
1796 2161 1978 2231 vobis
2003 2163 2247 2230 iterum
2280 2161 2371 2231 ad
2394 2183 2589 2231 aures

288 2279 551 2335 nostras
585 2270 1044 2360 pervenerint,
1077 2291 1206 2359 pro
1256 2268 1467 2337 tantis
1516 2268 1880 2336 eaecessibus
1923 2291 2037 2336 vos
2082 2268 2319 2337 taliter
2347 2268 2593 2358 punie-

293 2394 466 2456 mus,
491 2374 673 2463 quod
700 2375 935 2442 timore
954 2396 1183 2464 poenoe
1208 2386 1441 2441 vestrae
1471 2373 1692 2441 coeteri
1707 2396 1750 2440 a
1771 2372 2108 2441 similibus
2132 2373 2586 2451 abstinebunt.

375 2475 469 2543 Ex
501 2478 756 2547 duobus
795 2480 926 2548 illis
963 2479 1241 2547 textibus
1281 2481 1373 2548 sic
1410 2479 1627 2569 arguit
1653 2478 2012 2549 Leurenius
2047 2480 2315 2570 (Forum
2334 2479 2590 2563 eccles.,

286 2580 353 2648 in
383 2580 481 2647 tit.
522 2582 605 2648 10
642 2582 795 2650 libri
844 2583 927 2651 111
971 2584 1257 2667 Decret.,
1296 2592 1526 2674 quaest.
1567 2585 1763 2678 121):
1814 2611 1850 2653 ι(
1895 2585 2186 2676 Spectato
2213 2589 2360 2675 jure
2399 2606 2592 2651 com-

292 2711 329 2753 «
369 2687 586 2772 muni,
643 2688 714 2755 in
764 2688 1111 2778 puniendis
1155 2696 1216 2758 et
1261 2691 1665 2779 corrigendis
1705 2692 2069 2761 excessibus
2106 2693 2182 2760 ab
2226 2690 2579 2780 Episcopo,

295 2818 333 2858 «
376 2793 731 2882 requiritur
765 2815 1115 2862 consensus
1147 2791 1415 2888 capituli
1446 2796 1862 2882 cathedraliS,
1912 2798 2002 2865 ita
2046 2804 2122 2883 ut
2148 2798 2284 2865 sine
2310 2796 2424 2864 ino
2444 2795 2592 2866 lata

294 2925 330 2965 «
376 2901 688 2969 sententia
734 2899 1039 2991 Episcopi
1081 2907 1242 2970 esset
1283 2903 1468 2972 nulla
1517 2902 1685 2993 (can.
1724 2904 2095 2996 Episcopus
2141 2902 2427 2986 nullius,
2475 2904 2587 2988 15,

293 3031 329 3069 «
372 3026 436 3092 q.
473 3006 583 3094 7);
622 3014 683 3075 et
709 3009 923 3098 arguit
950 3032 1010 3078 c.
1046 3011 1109 3093 1,
1143 3014 1238 3078 De
1270 3011 1633 3080 excessibus
1681 3011 2161 3092 Proelatorum,
2205 3010 2323 3079 ubi
2359 3009 2591 3100 prohi-

295 3136 330 3176 α
373 3110 563 3179 betur
605 3135 686 3180 ne
728 3114 1028 3205 Episcopi
1077 3117 1484 3207 presbyteros
1532 3117 1672 3185 sine
1704 3117 1982 3208 judicic,
2029 3118 2097 3185 id
2133 3122 2228 3186 est
2264 3137 2589 3187 consensu

295 3244 330 3283 α
379 3220 671 3310 capituli,
706 3222 1096 3311 suspendere
1122 3228 1235 3290 aut
1259 3243 1488 3290 eorum
1516 3223 1818 3292 ecclesias
1850 3223 2196 3293 interdicto
2224 3245 2591 3315 supponere

297 3348 332 3388 «
378 3328 709 3393 attentent.
773 3325 955 3395 ldem
1008 3334 1101 3396 est
1152 3328 1233 3397 de
1287 3330 1988 3418 excommunicatione,
2049 3352 2196 3419 quae
2250 3336 2346 3398 est
2392 3351 2590 3420 poena

297 3453 332 3493 «
380 3429 662 3515 gravior.
693 3455 727 3494 »

376 3531 472 3600 De
513 3534 735 3602 eadem
780 3537 1126 3624 quaestione
1168 3537 1260 3606 sic
1304 3538 1560 3607 disserit
1602 3540 1880 3630 Pirhing
1916 3542 2018 3632 (in
2063 3543 2164 3610 tit.
2198 3540 2276 3610 31
2325 3540 2479 3608 libri
2526 3539 2589 3609 V

287 3638 811 3730 Decretalium,§
844 3644 906 3739 1²
940 3665 1008 3708 n.
1044 3642 1111 3733 2)
1141 3667 1157 3709 ε
1204 3668 1237 3707 «
1277 3643 1651 3712 Notandum
1681 3646 1965 3714 secundo
1999 3669 2017 3713 ε
2060 3646 2422 3737 Episcopus
2455 3664 2591 3711 non

297 3772 332 3812 «
376 3752 580 3838 potest
625 3737 1216 3833 excommunicare,
1267 3752 1366 3817 vel
1412 3750 1803 3841 suspendere
1854 3751 2148 3838 clericos,
2199 3751 2304 3818 vel
2352 3770 2587 3818 eorum

295 3877 330 3917 α
378 3855 671 3923 ecclesias
711 3855 1095 3924 interdicere
1141 3857 1279 3925 sine
1303 3855 1592 3946 judicio,
1627 3858 1695 3925 id
1741 3864 1834 3925 est
1879 3878 2198 3926 consensu
2229 3855 2583 3947 capituli...

297 3982 332 4022 α
380 3959 571 4047 idque
598 3961 887 4052 procedit
918 3961 1179 4051 quando
1206 3961 1286 4029 de
1315 3984 1385 4029 re
1415 3963 1598 4051 gravi
1628 3968 1690 4030 et
1718 3985 1936 4033 severa
1967 3985 2158 4053 poena
2185 3961 2589 4052 imponenda

296 4086 333 4126 «
377 4064 624 4147 agitur3
651 4069 806 4155 quia
834 4068 1189 4156 generatim
1222 4067 1289 4134 in
1312 4067 1536 4136 arduis
1563 4070 1836 4159 negotiis
1862 4069 2272 4160 expediendis
2296 4088 2410 4158 per
2436 4065 2591 4155 Epi-

294 4192 329 4234 «
374 4173 643 4255 'scopum
689 4173 1043 4259 requiritur
1084 4197 1433 4245 consensus
1478 4175 1743 4265 capituli
1778 4199 1795 4244 t
1828 4176 1899 4242 in
1952 4174 2306 4243 levioribus
2361 4175 2587 4240 autem

296 4298 332 4340 α
378 4270 587 4340 causis
610 4273 714 4339 vel
731 4276 1011 4370 delictis,-
1030 4283 1180 4350 satis
1204 4290 1297 4351 est
1317 4283 1563 4372 requiri
1584 4283 1933 4351 consilium
1957 4281 2252 4373 capituli,
2279 4275 2586 4369 quamvis

258 4434 263 4440 .
295 4406 331 4445 ι(
377 4379 442 4448 id
474 4378 834 4470 Episcopus
858 4384 1039 4468 sequi
1092 4406 1222 4453 non
1254 4393 1566 4456 teneatur.
1617 4387 1822 4455 Hodie
1845 4394 2058 4455 tamen
2097 4386 2265 4456 valet
2306 4402 2584 4453 consue-
