2930 4982
355 286 382 340 1
400 286 435 339 4
446 286 482 339 4
1341 285 1685 334 TRAGTATUS

346 438 466 507 pro
505 411 851 506 praebenda
889 409 1334 478 subdiaconali
1375 409 1526 477 satis
1567 429 1702 477 esse
1738 406 1828 475 20
1870 425 2078 473 annos
2101 405 2474 496 completOS‚
2525 432 2645 500 pro

348 518 668 590 diaconali
691 517 770 584 21
808 515 1186 606 completoS,
1214 521 1276 583 et
1305 538 1423 606 pro
1448 511 1871 607 presbyterali
1898 510 1983 580 23
2012 511 2389 602 completos,

436 627 505 693 4⁰
529 623 802 705 Quando
827 643 961 689 non
983 622 1147 689 facta
1171 627 1266 690 est
1285 622 1366 690 ab
1384 621 1701 713 Episcopo
1734 619 2111 687 distributio
2136 617 2473 704 ordinum,
2503 643 2641 707 seu,

347 731 522 821 quod
543 730 717 797 idem
745 735 863 816 est,
898 728 1160 817 quando
1196 729 1558 818 unicuique
1593 725 1957 818 praebendae
1987 724 2312 793 canoniali
2350 731 2462 792 aut
2502 750 2649 819 por-

347 837 508 905 tioni
553 858 684 904 non
735 840 831 903 est
884 855 1175 901 annexus
1229 840 1440 902 certus
1481 836 1663 918 ordo,
1717 832 1961 901 sufficit
2020 853 2233 899 annus
2287 831 2644 921 vigesimus

351 942 697 1026 secunduS,
736 945 798 1009 et
822 940 996 1007 idem
1024 946 1117 1008 est
1146 962 1262 1031 pro
1287 940 1573 1030 qualibet
1597 938 1909 1028 dignitate
1939 936 2098 1029 (non
2123 936 2400 1006 habente
2419 960 2647 1008 curam

349 1047 749 1138 animarum)
776 1053 839 1116 et
857 1054 1201 1139 personatu
1234 1070 1251 1130 3
1277 1048 1388 1116 sed
1418 1055 1577 1115 tunc
1606 1067 1819 1114 annus
1840 1044 1951 1114 ille
1975 1045 2232 1113 videtur
2258 1045 2489 1114 debere
2513 1068 2644 1116 esse

350 1157 739 1247 completuS,
803 1177 959 1223 cum
1008 1155 1179 1222 dicat
1221 1153 1683 1222 Tridentinum
1720 1151 1963 1243 viqinti
1994 1150 2246 1220 duobus
2280 1153 2476 1222 annis
2513 1177 2642 1222 non

347 1265 656 1332 minores.
691 1261 886 1351 (Vide
916 1261 1477 1349 Scarsantonium‚
1508 1262 1654 1330 loco
1687 1261 1936 1349 citato.)

439 1372 508 1439 5ο
535 1369 665 1439 Ubi
690 1375 784 1436 est
803 1369 1200 1437 consuetudo
1221 1373 1292 1435 ut
1313 1389 1541 1436 omnes
1565 1368 1983 1436 canonicatus
2006 1365 2135 1434 sint
2158 1367 2638 1457 presbyteram,

350 1501 507 1548 cum
530 1478 676 1545 talis
701 1475 1098 1544 consuetudo
1125 1479 1440 1563 tanquam
1469 1472 1888 1542 laudabilior
1912 1474 2295 1541 decernatur
2315 1495 2353 1541 a
2374 1472 2648 1543 Triden-

350 1588 488 1655 tino
518 1583 856 1668 servanda,
886 1603 1022 1650 non
1067 1587 1272 1671 potest
1298 1581 1577 1649 clericus
1601 1581 2059 1649 canonicatum
2083 1580 2373 1658 obtinere
2414 1580 2541 1649 nisi
2570 1605 2645 1651 ea

348 1692 429 1760 sit
456 1695 636 1758 aetate
663 1711 791 1778 qua
812 1689 1010 1778 possit
1031 1687 1202 1754 infra
1222 1708 1477 1755 annum
1508 1687 1588 1755 ad
1617 1687 2129 1778 presbyteratum
2153 1688 2539 1778 promoveri,
2569 1688 2639 1756 id

351 1802 467 1879 est,
502 1796 625 1863 nisi
650 1795 881 1861 habeat
907 1793 993 1863 23
1025 1814 1231 1862 annos
1260 1795 1640 1885 completos.

439 1902 507 1969 6⁰
534 1899 796 1981 Quoties
815 1921 974 1968 cura
1011 1901 1384 1968 animarum
1416 1901 1506 1969 ita
1545 1900 1781 1968 residet
1812 1920 2010 1991 penes
2037 1899 2423 1990 capitulum,
2463 1907 2537 1969 ut
2562 1903 2644 1971 il-

351 2005 483 2074 lam
523 1996 859 2075 exerceant
883 2027 996 2095 per
1029 2012 1301 2074 turnum
1329 2006 1554 2075 omnia
1585 2005 1787 2096 ipsius
1815 2006 2134 2094 membra,
2164 2008 2642 2097 promovendus

350 2112 538 2180 debet
568 2113 807 2181 habere
835 2112 1032 2180 talem
1065 2118 1343 2196 aetatem,
1381 2117 1455 2179 ut
1492 2135 1609 2181 suo
1650 2113 2028 2181 adveniente
2061 2117 2256 2181 turno
2283 2114 2480 2205 possit
2503 2116 2647 2203 jam

352 2241 487 2288 esse
511 2221 804 2288 sacerdos
829 2225 892 2287 et
916 2241 1146 2288 curam
1169 2221 1543 2287 animarum
1568 2242 1886 2304 exercere,
1911 2242 1987 2289 ac
2008 2220 2284 2312 proinde
2300 2221 2486 2314 debet
2507 2242 2649 2289 esse

345 2328 486 2416 jam
511 2328 827 2406 sacerdoS,
859 2327 961 2395 vel
987 2327 1278 2418 proxime
1302 2334 1447 2396 ante
1475 2349 1675 2395 suum
1704 2333 1979 2395 turnum
2008 2329 2360 2397 sacerdotio
2383 2327 2653 2396 initian.-

351 2434 496 2501 dus.
533 2432 733 2502 Secus
759 2432 920 2501 foret
948 2434 1004 2502 si
1028 2455 1189 2518 cura
1223 2434 1601 2503 animarum
1630 2441 2030 2507 exerceretur
2058 2459 2175 2528 per
2201 2458 2405 2505 unam
2438 2436 2652 2504 deter-

278 2567 284 2573 ·
353 2537 669 2607 minatam
699 2539 1083 2627 dignitatem
1109 2545 1221 2607 aut
1238 2562 1452 2608 unum
1478 2543 1895 2631 canonicum,
1920 2544 2010 2611 ita
2038 2549 2111 2611 ut
2138 2542 2244 2611 ille
2267 2547 2430 2611 esset
2451 2563 2653 2611 verus

352 2644 638 2718 curatuS,
673 2640 734 2701 et
770 2635 1131 2725 capitulum
1155 2659 1289 2704 non
1315 2643 1478 2706 esset
1514 2645 1776 2708 curatus
1806 2640 1935 2708 nisi
1962 2641 2216 2709 habitu.

441 2744 507 2810 7⁰
525 2741 873 2812 Decretum
892 2742 1289 2831 Tridentini,
1311 2746 1739 2836 praescribens
1758 2747 2042 2838 aliquem
2064 2749 2364 2817 ordinem
2384 2770 2643 2818 sacrum

350 2849 609 2918 annecti
632 2850 996 2940 praebendis
1015 2855 1077 2918 et
1095 2851 1534 2941 portionibuS‚
1561 2874 1695 2921 non
1715 2853 1973 2943 attingit
1996 2855 2359 2944 dignitates,
2402 2856 2645 2924 cumin

350 2954 474 3022 hoc
504 2956 757 3024 decreto
775 2957 1134 3024 concilium
1152 2957 1231 3024 de
1254 2956 1676 3047 dignitatibus
1702 2958 1976 3027 siluerit.
2005 2958 2196 3040 Quod
2215 2968 2278 3028 et
2299 2960 2647 3030 declaravit

351 3057 542 3127 Sacra
570 3060 997 3152 Congregatio
1029 3061 1292 3131 concilii
1318 3061 1413 3154 (in
1442 3063 1747 3148 Arbensi,
1783 3064 1865 3132 19
1894 3066 2256 3134 decembris
2289 3066 2485 3154 1648)
2518 3067 2642 3132 hoc

351 3166 584 3233 modo:
628 3168 836 3234 Sacra
865 3168 1308 3258 Conqreqatio
1334 3170 1675 3260 respondit
1699 3192 1779 3238 ez·
1808 3170 2239 3262 dispositione
2273 3172 2460 3252 sacri
2478 3193 2647 3238 eon-

349 3267 493 3336 cilii
514 3268 596 3358 (c.
638 3271 746 3358 12,
788 3294 938 3341 sess
983 3272 1095 3363 24)
1126 3274 1535 3365 Episcopum
1573 3298 1708 3343 non
1757 3276 1965 3343 teneri
1988 3276 2334 3367 desiqnare
2359 3298 2473 3344 nec
2499 3275 2646 3343 dis-

352 3376 635 3444 tribuere
659 3378 944 3465 sinqulis
968 3379 1417 3468 diqnitatibus
1449 3382 1737 3449 ecclesiae
1760 3382 2163 3452 cathedralis
2200 3383 2498 3452 ordinem
2519 3403 2647 3450 sa—

349 3505 557 3567 crum,
611 3506 761 3551 eum
814 3482 894 3551 de
946 3484 1329 3575 hujusmodi
1381 3486 1827 3576 diqnitatibus
1879 3512 2012 3558 non
2074 3491 2393 3581 loquatur
2446 3489 2648 3580 (apud

347 3588 892 3671 Scarl'antonium,
920 3596 1078 3659 tom.
1106 3592 1186 3679 ΙΙ,
1216 3617 1282 3684 p.
1314 3593 1468 3680 164,
1494 3616 1560 3660 n.
1590 3593 1703 3680 26,
1728 3594 1924 3664 editio
1942 3596 2163 3680 Lucae,
2197 3596 2419 3687 1723).
2448 3595 2642 3664 Unde

349 3697 646 3786 sequitur
674 3698 870 3765 etiam
898 3698 1090 3767 hodie
1118 3721 1194 3766 ex
1227 3700 1378 3788 jure
1411 3702 1755 3793 communi
1785 3724 1968 3792 posse
1999 3704 2261 3771 existere
2295 3703 2645 3791 dignitates

351 3823 496 3888 quae
542 3825 624 3871 ne
667 3804 1206 3873 subdiaconatum
1253 3805 1523 3896 quidem
1568 3808 1949 3899 receperint,
2008 3810 2197 3904 modo
2252 3808 2339 3875 22
2392 3829 2649 3876 annum

352 3909 838 3996 compleverint.
883 3911 979 3978 Ex
1012 3934 1142 4001 quo
1172 3914 1367 3980 etiam
1407 3914 1699 4002 sequitur
1739 3914 2026 4003 aliquem
2060 3915 2259 3983 sacris
2295 3912 2644 3980 ordinibus

351 4011 645 4078 nondum
668 4013 996 4083 initiatum
1025 4038 1207 4108 posse
1236 4039 1370 4085 esse
1392 4020 1680 4109 primam
1710 4020 2096 4109 dignitatem
2127 4019 2535 4101 cathedraliS,
2570 4040 2649 4087 ac

350 4115 622 4204 proinde
645 4120 931 4208 capitulo
949 4123 1320 4215 praesidere,
1343 4129 1406 4191 et
1423 4124 1546 4192 alia
1567 4124 1795 4215 primae
1815 4127 2312 4216 dignitatisjura
2338 4124 2645 4215 (exceptis

350 4238 495 4311 qu‘ae
541 4225 823 4313 pendent
863 4228 946 4295 ab
992 4229 1244 4319 ordine)
1305 4253 1620 4300 exercere.
1685 4231 1874 4313 Quod
1913 4239 2160 4318 tamen,
2213 4255 2365 4301 cum
2403 4252 2647 4322 parum

351 4331 718 4419 proficuum
769 4339 833 4401 et
883 4334 1121 4403 rationi
1173 4357 1534 4406 consonum
1587 4340 1905 4428 videatur,
1967 4339 2498 4410 concludendum
2551 4342 2648 4405 est
