2930 4982
1044 396 1124 441 π
1165 396 1492 443 cavimus.
1661 394 1685 424 ⁴
2329 387 2456 445 435

193 538 226 578 α
247 522 548 607 perpetuo
568 538 798 587 eorum
824 538 1104 584 munere
1121 516 1364 605 quibus
1386 516 1585 584 semel
1612 518 1955 586 commissa
1978 523 2074 586 est
2110 519 2452 592 semimrii

191 643 230 685 «t
247 621 734 707 administratio,
764 624 1039 713 ejusque
1061 622 1308 712 regulae
1337 621 1795 690 limitationem
1824 624 1902 690 de
1923 612 2215 713 legitima
2239 643 2458 694 remo-

194 748 224 787 α
249 725 439 793 tionis
467 748 744 796 causa...
770 728 876 797 Ad
903 729 1184 819 primam
1218 726 1689 795 excludendam
1711 726 2073 796 nullitatem
2097 750 2174 797 ex
2201 730 2458 801 defectu

192 854 228 894 «t
251 832 780 923 interpellationis
814 835 973 904 cleri
1016 836 1311 918 forensis,
1362 839 1500 902 acta
1542 835 1683 925 ipsa
1723 832 2006 924 appellat
2044 838 2459 907 comitiorum

196 939 398 1006 «anni
430 940 631 1021 1788,
663 942 736 1009 in
775 942 1013 1030 quibus
1042 940 1440 1009 contrarium
1468 939 1717 1028 legitur
1737 940 1806 1005 in
1840 939 1983 1007 haec
2014 939 2245 1008 verba:
2291 944 2462 1011 Gon·

188 1064 220 1104 α
244 1043 509 1130 φνεραιὶ
532 1044 797 1112 domini
841 1043 920 1112 de
965 1045 1133 1111 clero
1176 1045 1438 1111 urbano
1478 1044 1634 1110 viva
1673 1065 1826 1111 voce
1877 1042 2221 1133 eleqenmt‘
2265 1043 2469 1137 depu-

193 1158 474 1214 «tatum
521 1149 723 1238 hujus
763 1150 1156 1221 venerabilis
1198 1149 1554 1216 seminarii
1598 1148 1948 1216 dominum
2000 1149 2309 1217 Mariani
2358 1172 2473 1219 ea·

192 1277 224 1317 «-
251 1251 520 1323 thedral
524 1254 582 1321 is
591 1255 967 1345 par-ochum
980 1276 1013 1339 ,·
1038 1267 1101 1323 et
1127 1255 1290 1321 huie
1316 1254 1635 1322 electioni
1668 1276 2007 1322 assensum
2028 1256 2473 1346 praebuerunt

191 1384 226 1423 a
247 1362 635 1450 eonqreqati
689 1360 955 1429 domini
1001 1360 1079 1428 de
1133 1363 1302 1430 clero
1346 1361 1620 1452 forensi.
1675 1386 1710 1426 n
1774 1360 2185 1452 (Thesaurus
2226 1363 2475 1433 resolu-

187 1462 470 1550 tionum‚
537 1470 716 1534 tomo
762 1464 932 1549 LXI,
979 1487 1126 1556 pag.
1184 1464 1365 1554 160.)
1405 1465 1502 1532 lbi
1545 1465 1849 1533 videmus
1892 1467 1956 1532 1⁰
2004 1467 2075 1533 in
2114 1464 2477 1537 Tudertina
2606 1476 2613 1483 '

188 1569 433 1639 dioecesi
473 1571 859 1640 electionem
910 1570 1268 1661 deputandi
1321 1570 1400 1637 de
1455 1570 1629 1638 clero
1684 1570 1959 1639 civitatis
2020 1571 2165 1639 fleri
2216 1574 2476 1643 solitam

189 1674 665 1745 [uisseatoti-us
714 1677 1009 1746 dioecesis
1058 1677 1270 1759 cler03
1320 1675 1390 1741 2ο
1431 1698 1820 1766 persuasum
1875 1676 2120 1746 ibidem
2181 1677 2379 1747 fnisse
2406 1676 2475 1747 id

193 1785 270 1850 ita
293 1784 542 1873 requiri
569 1784 652 1851 de
679 1785 831 1873 jure
872 1784 1208 1852 communi
1232 1806 1256 1862 ;
1282 1782 1369 1848 ita
1391 1783 1588 1850 etiam
1612 1788 1686 1850 ut
1721 1784 1868 1851 duae
1906 1790 2116 1875 partes
2154 1785 2480 1874 litigantes

198 1892 652 1958 confiterentur
710 1891 1078 1959 nullitatem
1134 1889 1469 1957 electionis
1510 1890 1592 1956 ad
1646 1912 1851 1979 quam
1907 1891 2122 1959 clerus
2173 1893 2478 1960 foraneus

199 2016 323 2062 non
347 1998 806 2065 concurrisset.

280 2100 470 2170 Unde
508 2100 1045 2170 concludendum
1101 2099 1363 2168 videtur
1421 2098 1800 2188 eligendum
1850 2101 2117 2189 quidem
2162 2122 2377 2170 unum
2412 2100 2492 2172 de

198 2207 372 2274 clero
401 2208 690 2276 civitatis
699 2228 729 2294 ,·
761 2209 872 2278 sed
898 2206 1282 2276 electionem
1342 2227 1382 2273 a
1406 2207 1603 2272 totius
1640 2204 1935 2273 dioecesis
1964 2207 2135 2274 clero
2175 2229 2313 2275 esse
2344 2230 2496 2298 per-

203 2312 559 2399 agendam.

258 2426 268 2436 “
293 2416 375 2485 11.
411 2417 635 2486 Semel
651 2417 863 2503 electi,
897 2428 1061 2485 sunt
1091 2415 1586 2485 inamovibiles.
1617 2416 1798 2484 —In
1824 2423 2008 2486 tomo
2020 2417 2137 2487 Vll
2176 2419 2507 2488 Thesauri

204 2525 712 2614 resolutionum,
761 2527 1002 2617 pagina
1026 2525 1189 2604 212,
1219 2525 1313 2592 sic
1343 2525 1537 2592 refert
1583 2525 1982 2594 declaratum
2016 2527 2211 2596 fuisse
2238 2533 2503 2597 secreta-

208 2634 341 2700 rius
359 2632 550 2701 dictae
573 2632 1148 2724 Congregationis:

304 2765 341 2803 α
381 2740 457 2807 In
479 2740 939 2826 Salernitana,
962 2738 1303 2830 propositis
1334 2738 1513 2806 hisee
1547 2737 1893 2806 dubiisz...
1928 2740 2049 2806 IV.
2089 2740 2198 2805 An
2228 2739 2301 2804 hi
2339 2759 2507 2827 qua-

228 2866 263 2905 «
313 2853 465 2909 tuor
489 2843 791 2932 deputati
815 2845 957 2911 sint
963 2844 1304 2934 perpetui,
1328 2843 1434 2909 vel
1456 2844 1661 2909 etiam
1679 2844 1908 2909 amovi
1915 2844 2097 2928 biles,
2113 2853 2383 2909 servata
2398 2863 2512 2909 ra-

227 2974 261 3012 «
314 2947 495 3014 tione
519 2948 796 3014 concilii
816 2949 887 3015 in
913 2971 1139 3015 eorum
1193 2948 1561 3015 electione?
1588 2984 1681 2998 -
1728 2946 2136 3036 Responsum
2164 2948 2283 3014 suit
2299 2985 2393 3006 --
2418 2946 2514 3016 ad

223 3077 257 3120 «
297 3056 428 3136 IV,
457 3075 596 3121 esse
602 3065 1002 3145 perpetuos;
1049 3060 1126 3120 ut
1159 3053 1229 3119 in
1262 3054 1431 3120 libro
1459 3074 1529 3119 vr
1555 3052 2006 3139 beomorum,
2051 3054 2287 3144 pagina
2317 3053 2403 3122 22
2446 3059 2511 3122 et

226 3188 259 3226 α
303 3183 440 3250 seq.
475 3186 514 3226 »
548 3159 646 3227 lbi
665 3167 885 3228 autem
911 3161 1127 3249 agitur
1151 3160 1230 3226 de
1262 3165 1543 3249 quatuor
1592 3158 1907 3248 deputatis
1931 3181 2059 3250 pro
2103 3160 2511 3229 administra-

219 3269 392 3335 tione
417 3266 802 3356 temporali;
838 3287 994 3333 narn
1015 3266 1156 3332 istae
1172 3285 1360 3331 voces
1387 3263 1464 3330 Izi
1487 3275 1777 3354 quatuor
1799 3265 2175 3333 referuntur
2203 3268 2281 3334 ad¹
2305 3289 2411 3337 eos
2428 3267 2508 3337 de

223 3374 459 3463 quibus
489 3374 807 3463 agebatur
841 3372 909 3439 in
931 3372 1132 3440 dubio
1167 3371 1288 3454 1113
1332 3393 1532 3463 porro
1552 3370 1621 3438 in
1670 3372 1795 3439 isto
1817 3371 2021 3442 dubio
2041 3395 2191 3443 mox
2225 3377 2504 3461 citando,

226 3502 511 3571 expresse
534 3479 752 3569 agitur
775 3479 854 3545 de
882 3476 1198 3569 deputatis
1228 3500 1345 3569 pro
1374 3477 1930 3546 administratione
1959 3482 2320 3571 temporali.

309 3587 452 3656 Jam
473 3606 681 3677 supra
707 3584 1049 3652 citavimus
1059 3585 1412 3653 concilium
1443 3582 1504 3652 V
1525 3583 1997 3653 Mediolanense
2026 3588 2118 3654 sic
2142 3588 2506 3654 declarans:

232 3694 289 3760 Ii
307 3715 509 3785 porro
542 3712 800 3776 omnes,
825 3689 945 3756 ubi
968 3689 1170 3757 semel
1193 3688 1432 3757 delecti
1453 3701 1637 3773 sunt,
1665 3713 1748 3757 ne
1770 3714 2044 3782 unquan
2068 3693 2227 3782 (nisi
2259 3692 2339 3758 ob
2358 3711 2515 3755 cau-

232 3802 385 3890 sam)¹
415 3823 488 3868 eo
520 3819 806 3867 munere
833 3794 1250 3863 abdicentur.

317 3904 493 3974 ldem
535 3912 857 3992 tanquam
885 3907 1139 3969 certum
1188 3905 1409 3967 tenent
1437 3900 1831 3968 unanimiter
1885 3903 2261 3984 canonistae‚
2315 3902 2403 3968 ita
2445 3909 2520 3972 ut

239 4030 789 4101 supervacaneum
821 4008 902 4075 sit
924 4001 1078 4080 alias
1106 4007 1511 4073 auctoritates
1537 4028 1909 4096 congerere.
1954 4004 2518 4084 Quemadmodum

241 4137 383 4206 ergo
414 4120 547 4186 duo
574 4116 862 4206 deputati
887 4136 1006 4204 pro
1033 4114 1591 4181 administratione
1612 4110 1935 4202 spirituali
1973 4114 2036 4177 et
2084 4111 2166 4178 ab
2204 4112 2521 4208 Episcopo

242 4220 517 4311 eligendi
543 4220 998 4289 inamovibiles
1016 4225 1200 4306 sunt,
1219 4220 1305 4286 ita
1323 4224 1385 4286 et
1408 4225 1688 4307 quatuor
1708 4214 1813 4281 isti
1832 4235 1950 4303 pro
1973 4215 2523 4288 administratione

243 4329 573 4419 temporali
594 4327 803 4395 electi.
842 4326 1176 4393 Removeri
1201 4331 1419 4392 tamen
1450 4345 1634 4411 posse
1654 4321 1734 4386 ab
1761 4320 2081 4413 Episcopo
2104 4345 2179 4389 ex
2233 4324 2523 4408 legitima

239 4452 457 4518 causa,
482 4434 771 4503 dubium
801 4454 935 4501 esse
958 4430 1212 4520 nequit,
1241 4451 1396 4495 curn
1421 4448 1678 4515 semper
1703 4448 1777 4494 ex
1796 4427 2085 4515 legitima
2108 4444 2295 4493 causa
2312 4443 2528 4490 ‘remo-
