2930 4982
1140 292 1220 337 Μ
1265 290 1593 337 οΑΡιτυιιε.
2429 293 2511 350 95

227 404 650 475 examinatus
690 420 754 476 et
796 411 1215 502 approbatus
1256 436 1391 480 non
1414 413 1645 504 fuerit.
1689 412 1885 502 (Sess.
1920 415 1989 502 5,
2023 438 2082 484 c.
2137 439 2183 505 1,
2234 419 2315 488 de
2357 423 2507 517 ref.)

309 510 652 592 Quomodo
679 519 1097 588 canonicatus
1125 520 1506 611 theologalis
1533 522 1867 591 exordium
1897 523 2246 614 sumpserit
2273 533 2337 594 et
2373 534 2518 600 tan-

225 617 367 687 dem
416 642 457 688 a
488 622 639 711 jure
680 627 1016 693 communi
1053 625 1523 696 determinatus
1561 626 1774 711 fuerit,
1822 634 2035 697 exarat
2069 629 2264 699 etiam
2294 631 2515 706 Bene-

227 724 430 794 dictus
512 726 668 798 XlV
731 731 803 798 in
880 753 997 799 suo
1079 732 1249 800 libro
1318 733 1839 802 Institutionum
1895 735 2507 813 ecclesiasticarum.

227 829 574 921 (institutio
634 834 774 924 57.)
829 834 955 905 Sed
1008 844 1436 906 monumenta
1501 838 1811 907 historica
1862 862 2006 928 quae
2053 844 2377 932 pertinent
2427 849 2512 919 ad

227 937 619 1006 erectionem
646 941 1010 1031 praebendae
1038 943 1419 1033 theologalis
1450 946 1779 1035 praecipue
1806 944 2013 1013 videri
2043 955 2313 1038 possunt
2341 954 2514 1043 apud

226 1039 755 1116 Thomassinum.
801 1047 922 1139 (De
949 1049 1158 1118 veteri
1203 1062 1266 1116 et
1311 1073 1490 1118 nova
1521 1050 1842 1119 Ecclesioe
1878 1050 2181 1144 dismpl„
2231 1063 2411 1146 parte
2449 1060 2512 1144 1,

226 1147 267 1216 l.
300 1147 382 1232 11,
414 1173 475 1218 c.
520 1150 656 1242 10.)

308 1253 498 1335 Quod
527 1263 746 1326 autem
787 1281 997 1350 nuper
1027 1261 1228 1352 aliqui
1260 1263 1330 1331 in
1365 1262 1577 1332 Gallia
1613 1265 2048 1349 somniarunt,
2083 1265 2515 1357 theologalem

226 1361 415 1430 hodie
436 1364 506 1431 in
531 1366 648 1434 ista
674 1367 938 1457 regione
963 1368 1189 1437 haberi
1221 1392 1403 1460 posse
1425 1377 1501 1438 ut
1526 1372 1959 1440 revocabilem
1989 1371 2071 1437 ab
2094 1371 2414 1463 Episcopo
2433 1375 2518 1445 ad

227 1476 496 1559 nutum,
524 1472 998 1549 refutationem
1039 1494 1174 1540 non
1219 1482 1525 1542 meretur.
1575 1475 1837 1564 Pugnat
1881 1476 2064 1542 enim
2109 1476 2183 1544 in
2222 1479 2521 1548 terminis

226 1577 397 1667 quod
436 1580 790 1648 canonicus
826 1579 1207 1669 theologalis
1238 1602 1368 1648 non
1405 1583 1488 1649 sit
1522 1580 1898 1650 canonicus.
1935 1578 2108 1670 Ergo
2139 1582 2354 1672 primo
2385 1605 2521 1653 non

225 1689 429 1772 potest
459 1683 667 1752 facere
693 1684 1081 1776 EpiscopuS,
1123 1688 1341 1776 ut'qui
1371 1688 1728 1757 canonicus
1757 1709 1892 1755 non
1922 1693 2016 1756 est
2043 1688 2128 1756 sit
2160 1690 2520 1761 canonicus

225 1790 624 1879 theologaliS.
660 1790 986 1871 Secund0‚
1016 1814 1138 1860 nec
1169 1800 1372 1882 potest
1398 1795 1790 1863 canonicum
1816 1796 1956 1882 jam
1983 1796 2412 1863 constitutum
2445 1796 2518 1863 in

223 1917 497 1963 munere
536 1898 917 1986 theolog-alis
957 1898 1040 1964 ad
1082 1904 1320 1965 nutum
1361 1920 1689 1985 revocare,
1740 1920 1816 1965 eo
1869 1920 2062 1965 sensu
2110 1899 2282 1986 quod
2321 1900 2520 1988 possit

220 2001 394 2069 idem
436 2025 685 2071 munus
731 2003 912 2071 alteri
942 2004 1256 2070 canonico
1284 2003 1712 2071 committere.
1759 2002 1925 2070 Nam
1959 2024 2094 2069 non
2121 2009 2326 2092 potest
2352 2003 2523 2094 Epi-

220 2127 462 2197 scopus
486 2110 943 2177 canonicatum
970 2108 1396 2198 theologalem
1427 2130 1670 2191 creare,
1712 2109 1841 2174 nisi
1870 2130 1986 2196 per
2025 2109 2360 2177 decretum
2388 2110 2518 2177 eri-

221 2215 445 2301 gendo
486 2216 559 2281 in
589 2215 1044 2302 theologalem,
1076 2214 1535 2279 canonicatum
1582 2213 1873 2296 aliquem
1910 2211 2440 2298 determinatum,
2464 2222 2527 2280 et

211 2318 783 2397 illicanonicatui
814 2318 884 2382 in
919 2320 1310 2405 perpetuum
1351 2312 1758 2380 annectendo
1788 2334 2029 2379 munus
2068 2302 2389 2402 theologi}
2438 2316 2526 2386 ita

211 2428 289 2491 ut
321 2422 739 2512 quicumque
767 2423 836 2488 in
864 2426 1197 2512 posterum
1229 2420 1685 2489 canonicatum
1714 2419 1906 2487 illum
1938 2428 2392 2512 consequetur,
2425 2428 2521 2493 te-

217 2533 456 2597 neatur
484 2528 563 2595 de
579 2530 730 2617 jure
759 2528 1042 2617 theologi
1073 2527 1365 2595 officium
1395 2527 1672 2617 explere.
1702 2526 1915 2594 Aliter
1951 2529 2114 2596 facta
2144 2531 2402 2615 erecti0,
2426 2538 2521 2599 est

223 2635 358 2724 ipso
407 2636 564 2723 jure
621 2635 825 2702 nulla.
883 2634 1018 2702 Nec
1063 2634 1390 2701 tenebitur
1440 2656 1741 2723 uuquam
1789 2635 2172 2725 praedictum
2221 2638 2518 2706 officium

227 2741 475 2829 explere
501 2740 678 2808 ullus
705 2743 1078 2821 canonicuS,
1111 2746 1339 2831 praeter
1359 2739 1550 2807 illum
1577 2740 1681 2829 cuj
1693 2762 1769 2807 us
1798 2741 2148 2831 praebenda
2175 2742 2247 2807 in
2276 2742 2522 2808 theolo-

232 2846 435 2935 galem
469 2848 669 2914 semel
699 2869 816 2938 pro
850 2868 1106 2937 semper
1131 2852 1340 2913 erecta
1379 2851 1495 2912 est.
1526 2844 1703 2912 Dum
1741 2867 1896 2931 ergo
1934 2843 2149 2933 prima
2175 2846 2320 2910 vice
2360 2844 2521 2933 Epi-

235 2972 459 3041 scopus
536 2953 733 3042 elegit
807 2953 1094 3040 aliquem
1163 2952 1563 3018 canonicum
1630 2949 2089 3036 theologalem,
2142 2949 2244 3015 vel
2317 2950 2521 3040 ipsius

237 3058 642 3143 praebendam
663 3058 858 3146 erigit
878 3053 1072 3123 mo'do
1094 3054 1398 3144 praedicto
1419 3056 1489 3118 in
1511 3051 1961 3140 theologalem,
1989 3052 2087 3119 vel
2114 3074 2243 3120 non
2269 3076 2285 3119 z
2313 3055 2364 3120 si
2387 3077 2520 3123 non

236 3162 444 3250 erigit,
481 3164 721 3232 electus
764 3164 855 3230 sic
886 3162 968 3229 ab
997 3160 1314 3251 Episcopo
1350 3179 1485 3225 non
1515 3163 1608 3224 est
1644 3159 2000 3226 canonicus
2039 3160 2418 3247 theologalis
2447 3163 2518 3229 in

239 3289 419 3336 sensu
469 3270 666 3359 juriS,
725 3290 844 3335 nec
897 3266 1224 3334 tenebitur
1275 3264 1571 3331 officium
1621 3264 2003 3353 theologalis
2052 3264 2328 3355 explere,
2394 3289 2515 3335 nec

240 3373 446 3443 abesse
481 3397 519 3443 a
557 3376 755 3443 choro
788 3376 848 3441 ei
881 3374 1104 3441 licebit
1144 3373 1211 3439 in
1241 3371 1501 3438 casibus
1539 3370 1780 3459 quibus
1812 3392 1963 3439 vero
2000 3372 2347 3461 theologali
2378 3373 2519 3441 lici-

241 3484 372 3548 tum
393 3487 517 3563 est3
546 3503 681 3548 uno
704 3480 928 3563 verb0,
957 3478 1179 3546 nullus
1197 3478 1492 3545 existeret
1517 3477 1587 3542 in
1612 3477 1875 3545 dioecesi
1894 3480 2249 3545 canonicus
2273 3478 2519 3545 theolo-

244 3587 418 3673 galiS,
448 3588 748 3676 quamvis
784 3586 1018 3674 aliquis
1046 3585 1191 3650 ficte
1228 3589 1290 3650 et
1318 3582 1603 3649 indebite
1636 3604 1878 3649 nomen
1908 3582 2076 3648 illud
2101 3581 2436 3648 indueret:
2463 3586 2518 3648 si

244 3696 463 3762 erectio
492 3695 804 3762 canonice
834 3691 1000 3758 facta
1029 3692 1146 3767 est,
1185 3688 1478 3775 provisus
1508 3687 1586 3750 de
1624 3686 2011 3752 canonicatu
2038 3687 2133 3750 sic
2163 3686 2235 3749 in
2266 3685 2520 3753 theolo-

246 3799 443 3886 galem
479 3809 716 3881 erecto,
750 3800 919 3869 sicut
956 3800 1210 3865 tenetur
1256 3812 1497 3857 munus
1529 3788 1907 3876 theologalis
1942 3788 2219 3877 explere,
2252 3794 2313 3856 et
2339 3791 2418 3858 ad
2449 3791 2514 3859 id

246 3912 434 3996 potest
467 3908 676 3999 poenis
715 3912 776 3974 et
823 3903 1112 3972 censuris
1152 3900 1234 3968 ab
1271 3896 1588 3989 Episcopo
1631 3897 1799 3984 cogi,
1853 3894 1941 3960 ita
1981 3889 2208 3983 nequit
2244 3893 2515 3976 munere

246 4015 500 4102 privari,
548 4015 676 4082 nisi
706 4013 905 4081 simul
941 4011 1233 4102 privetur
1279 4006 1646 4097 praebenda,
1705 4004 1770 4070 id
1800 4008 1917 4085 est,
1974 4024 2086 4093 per
2125 4005 2514 4074 canonicum

244 4118 582 4206 judicium.
639 4119 806 4187 Nam
863 4117 918 4186 si
969 4117 1190 4184 relicto
1243 4114 1367 4203 ipsi
1415 4112 1801 4179 canonicatu
1850 4108 2209 4200 Episcopus
2248 4117 2519 4179 tentaret

248 4245 477 4296 munus
517 4233 580 4295 et
626 4248 863 4296 nomen
907 4222 1286 4311 theologalis
1328 4218 1514 4286 alteri
1554 4217 1871 4300 conferre,
1919 4218 2185 4285 nulliter
2248 4217 2515 4283 omnino

250 4340 468 4420 ageret.
514 4331 608 4402 De
641 4336 791 4424 jure
826 4332 1005 4401 enim
1053 4329 1435 4410 canonicuS,
1483 4327 1764 4393 retinens
1813 4322 2226 4413 praebendam
2270 4318 2517 4384 theolo-
