2930 4982
1178 321 1257 368 »Β
1302 319 1627 368 cunnus.
2428 311 2552 370 423

1343 555 1464 634 §2

270 720 388 768 omn
411 720 774 762 PARTICULARR
789 721 1046 762 CAPITULO
1065 722 1341 761 menum?
1358 721 1540 769 QUOAD
1556 721 1809 761 orrlcmn
1830 721 2152 762 cannarum
2170 724 2553 767 antummum!

1168 818 1310 858 ERGA
1344 818 1643 858 Emscopnu

343 974 489 1045 Dici
536 978 901 1067 generatim
926 983 1154 1069 potest,
1179 978 1297 1046 ubi
1329 978 1409 1046 ad
1437 977 1825 1068 hujusmodi
1854 976 2155 1048 officium
2181 986 2550 1053 tenerentur

258 1081 469 1150 caeteri
521 1082 888 1164 inferioreS,
938 1103 976 1150 a
1034 1081 1285 1151 fortiori
1338 1086 1402 1151 et
1454 1083 1668 1174 primo
1708 1082 1852 1151 loco
1897 1084 2100 1152 teneri
2157 1083 2547 1175 capitulum,

254 1210 409 1258 cum
458 1188 537 1256 ad
582 1189 651 1257 id
704 1188 1080 1257 instituatur
1117 1196 1180 1257 et
1218 1190 1502 1279 erigatur
1528 1189 1609 1258 ab
1638 1188 1925 1258 Ecclesia
1955 1194 2031 1258 ut
2072 1191 2155 1258 sit
2189 1189 2544 1262 consilium

251 1300 445 1384 atque
494 1299 757 1363 senatus
802 1293 1131 1387 Episcopi,
1162 1301 1353 1386 atque
1401 1293 1474 1363 in
1516 1317 1729 1363 unum
1771 1296 2102 1385 quoddam
2144 1314 2384 1386 corpus
2420 1297 2547 1387 ipsi

250 1399 589 1467 adhaereat.
627 1398 816 1468 Unde
846 1400 972 1468 sub
1000 1402 1182 1491 gravi
1227 1401 1306 1469 ad
1329 1400 1579 1470 Sanctae
1623 1400 1808 1469 Sedis
1838 1401 2141 1470 notitiam
2167 1401 2418 1470 deferre
2454 1406 2545 1470 te·

250 1512 508 1575 neretur
541 1506 597 1574 si
625 1506 793 1596 quid
822 1513 1044 1575 contra
1071 1507 1496 1576 orthodoxam
1527 1505 1726 1574 fidem
1754 1512 1866 1574 aut
1898 1505 2200 1575 Ecclesiae
2219 1508 2401 1596 jura,
2434 1511 2545 1575 aut

249 1611 616 1680 animarum
647 1614 1007 1704 perniciem
1044 1612 1240 1703 (quod
1266 1612 1441 1681 Deus
1478 1611 1741 1704 avertat)
1772 1613 2117 1681 moliretur
2142 1611 2502 1702 Episcopus
2519 1638 2539 1698 ;

245 1739 382 1807 quae
414 1718 765 1808 obligatiO,
808 1721 1202 1809 caeteroquin
1249 1742 1365 1810 per
1404 1741 1472 1788 se
1510 1724 1759 1810 patens,
1806 1718 2113 1810 pluribus
2150 1717 2425 1786 textibus
2468 1718 2538 1786 in

244 1845 499 1916 corpore
545 1826 729 1916 juris
772 1825 1177 1918 exprimitur.
1238 1825 1310 1893 ln
1344 1825 1719 1916 particulari
1761 1831 1978 1893 autem
2025 1830 2392 1893 memorant
2432 1844 2540 1892 ca·

249 1932 514 2000 nonistae
550 1933 1070 2001 admonitionem
1098 1955 1136 2000 a
1166 1931 1446 2022 capitulo
1485 1931 1868 2016 faciendam,
1901 1931 1957 2000 si
1983 1930 2343 2022 Episcopus
2378 1931 2535 2000 resi-

245 2035 475 2105 dentiae
511 2039 727 2126 legem
757 2037 1139 2127 negligeret.

342 2167 381 2206 <x
409 2140 810 2231 Capitulum,
845 2145 1145 2231 quamvis
1172 2164 1306 2210 non
1336 2143 1536 2234 possit
1561 2143 1761 2211 citare
1790 2141 2131 2231 proprium
2156 2139 2529 2226 praelatum,

253 2246 422 2314 «vel
460 2249 533 2314 in
570 2270 722 2316 eum
768 2250 1304 2331 animadvertere,
1348 2255 1555 2339 potest
1593 2255 1813 2317 tamen
1862 2268 2018 2315 eum
2055 2248 2385 2336 requirere
2432 2248 2537 2316 vel

254 2377 289 2418 (ι
318 2375 590 2422 monere
614 2361 685 2423 ut
712 2356 929 2428 redeat
958 2355 1037 2424 ad
1068 2355 1504 2424 residentiam.
1531 2354 1803 2426 Monitio
1825 2353 2002 2424 enim
2026 2353 2317 2446 procedit
2340 2353 2537 2422 etiam

250 2484 284 2526 «
314 2460 395 2530 de
431 2461 726 2531 inferiori
765 2462 845 2532 ad
871 2463 1271 2555 superiorem
1306 2469 1368 2532 et
1403 2463 1485 2532 de
1529 2462 1672 2555 pari
1700 2462 1768 2531 in
1798 2483 2047 2553 parem.
2081 2460 2162 2531 Et
2203 2484 2278 2530 ex
2301 2462 2534 2551 hujus-

251 2592 285 2632 «
312 2567 490 2636 modi
509 2567 870 2638 monitione
883 2568 1240 2662 Episcopus
1264 2570 1519 2638 videtur
1531 2570 1834 2638 constitui
1866 2569 1937 2636 in
1962 2570 2371 2639 contumacia
2395 2587 2525 2635 non

250 2697 285 2736 α
319 2674 673 2762 residendi,
724 2683 785 2744 et
826 2676 1064 2744 habere
1107 2676 1445 2744 ecclesiam
1500 2698 1615 2767 pro
1662 2675 2011 2756 derelicta;
2070 2681 2149 2743 ut
2195 2680 2533 2765 propterea

257 2797 293 2838 «
317 2779 551 2844 merito
596 2779 710 2846 illa
755 2782 1017 2870 spoliari
1074 2782 1292 2871 possit.
1341 2807 1379 2848 ι)
1436 2780 1807 2870 (Fagnanus
1846 2781 1920 2848 in
1963 2801 2022 2847 c.
2082 2780 2410 2862 Qualiter,
2436 2776 2534 2845 De

246 2878 503 2948 clericis
533 2895 675 2950 'non
698 2885 1148 2969 residentibUS,
1187 2909 1259 2953 n.
1309 2886 1402 2974 2.)
1429 2885 1555 2953 Sed
1598 2886 1703 2953 his
1727 2907 1863 2952 non
1889 2884 2143 2951 videtur
2169 2887 2531 2951 immoran-

240 2985 433 3074 dum,
473 3008 655 3071 cum,
697 2989 948 3057 favente
984 2989 1098 3057 Dei
1138 2992 1363 3079 gratia,
1410 2991 1566 3058 adeo
1614 3011 1762 3057 raro
1808 2990 2127 3073 accidant,
2183 2995 2255 3057 ut
2302 2989 2410 3055 vix
2448 2986 2529 3054 ad

243 3094 495 3183 praxim
521 3101 838 3185 spectent.

1193 3258 1235 3318 C
1250 3259 1300 3319 A
1313 3257 1358 3318 P
1371 3258 1482 3321 UT
1534 3258 1589 3318 X

846 3413 943 3460 ms
984 3414 1256 3462 GAPITULI
1298 3415 1495 3470 QUOAD
1535 3415 1910 3462 SEMINARIUM

324 3588 748 3659 sacrosancta
779 3584 1160 3654 Tridentina
1188 3587 1500 3675 synodus,
1524 3587 1686 3655 dum
1726 3575 2101 3657 mirabilem
2129 3591 2313 3658 illam
2337 3594 2528 3677 atque

241 3700 325 3763 tot
361 3696 502 3784 Jam
549 3690 878 3760 fructibus
924 3693 1442 3760 commendatam
1493 3694 1995 3762 seminariorum
2054 3694 2527 3763 institutionem

238 3800 535 3881 decrevit,
561 3819 700 3866 non
727 3800 981 3864 tantum
1009 3797 1089 3865 de
1122 3798 1444 3886 erigendis
1471 3800 1855 3888 hujusmodi
1879 3799 2267 3869 clericorum
2304 3797 2527 3866 domi-

243 3904 358 3974 bus
394 3904 790 3974 mandatum
832 3902 1052 3986 edixit,
1098 3903 1209 3972 sed
1256 3906 1958 3995 earumdem‚regimen
1986 3911 2178 3994 atque
2208 3902 2530 3993 guberna-

240 4010 483 4080 tionem
525 4008 1023 4100 sapientissimis
1063 4009 1321 4101 legibus
1356 4011 1703 4081 ordinavit.
1738 4012 1954 4100 Atque
1991 4011 2162 4077 inter
2199 4009 2348 4096 alia,
2377 4033 2525 4085 suas

241 4113 474 4186 habere
520 4115 884 4206 capitulum
922 4122 1134 4207 partes
1176 4118 1249 4185 in
1294 4118 1641 4186 seminario
1672 4117 1809 4183 sive
1861 4114 2334 4198 constituendO,
2388 4120 2525 4188 sive

238 4221 754 4291 administrando
771 4222 979 4291 voluit
1004 4230 1195 4313 atque
1220 4225 1518 4292 sancivit.
1541 4221 1743 4289 Porro
1764 4219 1833 4287 in
1858 4220 2100 4311 quibus
2118 4226 2181 4289 et
2205 4221 2531 4313 quomodo

234 4326 625 4399 intervenire
658 4326 910 4416 dejure
956 4330 1296 4398 communi
1326 4327 1694 4418 capitulum
1732 4327 1931 4417 possit
1972 4332 2036 4397 et
2067 4326 2315 4407 debeat,
2351 4337 2531 4389 nunc
