2930 4982
1193 344 1272 390 DE
1316 343 1647 391 cam‘rnus.
2491 336 2514 389 1
2534 336 2571 388 5

295 490 325 527 «
353 469 537 533 erant
580 486 807 532 earum
852 462 1280 531 ecclesiarum
1328 469 1624 531 rectores.
1682 461 1903 531 Serius
1948 468 2165 531 autem
2214 464 2574 533 constitutae

299 595 329 632 «
354 577 506 638 sunt
550 570 880 660 paroeciae3
930 569 1146 659 primo
1197 568 1468 658 quidem
1518 569 1589 636 in
1624 569 1786 636 vicis
1812 576 1874 636 et
1896 572 2106 659 pagis,
2136 569 2290 638 dein
2321 570 2391 637 in
2417 572 2575 638 civi·

297 678 635 761 «tatibus,
711 678 765 745 si
830 678 1111 767 majores
1168 676 1472 766 quaedam
1528 674 1804 744 Romani
1865 675 2127 767 imperii
2173 677 2578 767 excipiantur

296 807 325 846 «
350 785 572 852 urbes.
608 808 642 847 »
678 783 1110 852 Auctoritates
1157 788 1379 851 autem
1424 782 1519 851 ibi
1569 782 1801 865 citatae,
1852 788 2006 850 sunt
2033 782 2352 865 Petavius,
2388 782 2567 852 Tho·

287 891 635 970 massinUS‚
667 888 1086 978 Muratorius‚
1117 888 1361 959 Marius
1391 888 1645 979 Lupus,
1688 894 1811 956 etc.

1378 1164 1495 1241 §5

360 1357 477 1403 QUAE
512 1357 742 1395 FUEmNT
772 1357 901 1395 OLIM
943 1356 1212 1395 PRAECIPUA
1257 1357 1502 1395 CAPITULI
1537 1357 1654 1394 SIVE
1691 1355 1937 1395 (ZOLLEGII
1975 1355 2336 1394 CATHEDRALIS
2372 1357 2500 1395 «ΙΓῙΗ

1191 1463 1253 1501 ΕΤ
1287 1462 1681 1501 PRAEROGATIVAE

371 1634 422 1701 l.
479 1632 852 1702 Generatim
902 1632 1257 1701 dicendum
1305 1639 1399 1701 est
1450 1632 1836 1722 hujusmodi
1887 1631 2159 1720 collegia
2193 1632 2262 1699 in
2298 1632 2580 1721 quadam

285 1739 481 1808 fuisse
525 1737 923 1806 auctoritatis
968 1743 1030 1805 et
1063 1739 1397 1827 dignitatis
1440 1737 1745 1828 Episcopi
1779 1738 2264 1827 participatione
2294 1743 2355 1804 et
2378 1739 2578 1805 socie-

284 1851 434 1932 tate,
474 1844 647 1934 quod
694 1842 868 1933 apud
914 1843 1197 1911 eruditos
1231 1864 1684 1933 quoscumque
1721 1864 1987 1932 prorsus
2021 1848 2432 1932 compertum
2460 1849 2575 1909 est.

293 1950 513 2031 «Quis
541 1949 855 2037 ambiget,
883 1949 969 2015 ait
993 1946 1461 2017 Thomassinus
1490 1949 1679 2039 (part.
1713 1948 1826 2035 lll,
1855 1948 1972 2016 lib.
2007 1948 2087 2031 ll,
2113 1971 2172 2016 c.
2207 1970 2354 2029 ειν,
2383 1970 2451 2014 n.
2482 1949 2586 2015 ul-

292 2082 328 2120 «
356 2055 579 2146 timo),
623 2056 784 2143 quin
825 2055 1209 2144 hujusmodi
1247 2056 1775 2146 presbyterorum
1816 2060 1879 2122 et
1919 2054 2344 2123 diaconorum
2388 2056 2583 2124 colle-

291 2189 327 2225 «
357 2162 546 2250 gium
587 2161 656 2226 in
700 2161 996 2227 eamdem
1031 2161 1443 2250 copularetur
1468 2161 1692 2248 gloriae
1710 2164 1773 2227 et
1801 2161 2195 2228 auctoritatis
2218 2161 2581 2230 societatem

293 2293 330 2331 «
360 2290 519 2334 cum
562 2266 946 2354 Apostolicae
982 2265 1165 2332 Sedis
1202 2266 1518 2353 praesule3
1549 2287 1684 2331 non
1717 2266 1898 2331 aliter
1928 2271 2119 2352 atque
2146 2267 2435 2334 ecclesiae
2462 2288 2581 2334 cu·

294 2397 332 2433 «
354 2372 763 2459 juscumque
805 2388 918 2434 seu
964 2367 1348 2435 cathedralis
1376 2389 1487 2435 seu
1518 2368 2021 2459 metropolitanae
2054 2369 2288 2454 clerus,
2321 2393 2440 2461 pro
2467 2394 2585 2440 suo

298 2502 334 2540 «
364 2474 644 2564 quisque
667 2471 862 2540 modo
887 2494 1040 2539 cum
1074 2470 1388 2540 Pontifice
1417 2472 1579 2540 suo?
1605 2498 1637 2537 »

376 2579 455 2647 ΙΙ.
515 2578 729 2648 Tituli
759 2601 874 2646 seu
916 2578 1189 2646 nomina
1231 2578 1468 2669 quibus
1513 2578 1678 2646 olim
1707 2579 2014 2671 capitula
2031 2581 2312 2670 fuerunt
2348 2582 2583 2650 conde-

289 2699 540 2755 corata.
591 2724 683 2738 —
718 2684 994 2766 Quando
1032 2687 1100 2753 in
1139 2686 1465 2754 veteribus
1501 2688 1945 2755 monumentis
1972 2689 2193 2776 agitur
2214 2688 2293 2756 de
2311 2710 2387 2756 eo
2410 2690 2583 2777 quod

290 2793 647 2885 Episcopus
693 2792 896 2860 facere
946 2791 1134 2860 debet
1180 2814 1332 2860 cum
1380 2793 1722 2881 praesentia
1771 2799 1835 2860 et
1882 2793 2155 2861 consilio
2193 2792 2585 2860 clericorum

292 2924 583 2985 suorum,
623 2905 893 2967 monent
925 2899 1163 2965 eruditi
1204 2921 1321 2988 per
1357 2899 1505 2966 illos
1529 2898 1797 2966 clericos
1820 2897 2323 2984 intelligendum
2362 2898 2586 2966 cathe-

296 3006 464 3073 drale
511 3005 866 3094 collegium
914 3004 1261 3072 duodecim
1305 3004 1837 3093 presbyterorum
1887 3007 1950 3069 et
2000 3006 2244 3092 septem
2284 3002 2584 3074 diacono-

294 3133 464 3193 rum,
507 3110 788 3179 minime
825 3132 976 3178 vero
1019 3109 1304 3198 reliquos
1343 3110 1423 3177 de
1467 3109 1672 3193 clero;
1718 3107 1804 3175 ita
1847 3113 1921 3176 ut
1954 3109 2063 3176 illa
2086 3130 2207 3177 vox
2228 3110 2335 3179 sui
2360 3135 2434 3179 ex
2459 3135 2581 3181 usu

294 3216 719 3307 designaverit
773 3218 939 3286 solos
978 3216 1420 3285 cathedrales.
1493 3214 1936 3304 Designantur
1990 3218 2184 3285 etiam
2243 3240 2409 3309 saepe
2471 3243 2585 3308 per

295 3321 408 3390 ista
447 3323 644 3391 verba
686 3322 909 3391 clerici
953 3323 1070 3413 qui
1105 3322 1279 3391 circa
1317 3322 1538 3413 ipsum
1584 3333 1766 3390 sunt.
1815 3320 2087 3392 Sanctus
2135 3322 2413 3394 Basilius
2444 3349 2582 3394 me-

296 3435 499 3497 morat
536 3440 842 3497 senatum
873 3429 1274 3521 presbyterii
1301 3452 1428 3519 per
1473 3429 1776 3518 sinqulas
1816 3430 2120 3498 civitates
2147 3431 2352 3523 (epist.
2397 3433 2578 3522 319).

296 3534 564 3605 Sanctus
617 3559 769 3606 vero
812 3536 1245 3625 Hieronymus
1272 3589 1291 3620 ,
1350 3536 1624 3625 loquens
1671 3535 1750 3603 de
1805 3537 1997 3604 modo
2047 3559 2177 3626 quo
2225 3537 2586 3628 Episcopus

295 3664 479 3732 agere
524 3643 749 3711 debeat
793 3664 944 3730 erga
997 3642 1274 3729 clerum,
1319 3647 1640 3710 memorat
1679 3641 1958 3709 verbum
2008 3644 2278 3709 oratoris
2316 3642 2582 3713 Domitii

297 3749 371 3817 ad
403 3751 864 3838 imperatorem
895 3768 912 3811 t
954 3746 1091 3811 Gur
1119 3767 1236 3833 eqo
1265 3757 1326 3811 te
1349 3747 1633 3811 habeam
1664 3758 1744 3811 ut
1770 3746 2162 3833 principem,
2199 3767 2346 3813 cum
2373 3758 2450 3816 tu
2479 3773 2584 3820 me

298 3876 426 3923 non
456 3852 699 3921 Izabeas
723 3863 799 3919 ut
825 3853 1244 3920 senatorem?
1277 3847 1505 3941 (Epist.
1533 3848 1613 3916 ad
1642 3847 2132 3942 Nepotianum.)
2158 3850 2341 3934 Quod
2364 3865 2577 3929 autem

297 3960 677 4028 allusionem
725 3960 916 4026 faciat
957 3958 1038 4026 ad
1085 3958 1434 4047 antiquum
1484 3956 1960 4048 presbyterium
2016 3960 2186 4048 quod
2236 3983 2417 4032 nunc
2463 3989 2577 4036 vo-

299 4085 519 4132 camus
566 4063 974 4154 Capitulum,
1024 4063 1308 4131 innuunt
1352 4064 1492 4132 haec
1538 4064 1664 4131 alia
1709 4063 1912 4153 ipsius
1940 4066 2131 4134 verba
2168 4090 2184 4134 ε
2234 4069 2579 4142 «Ecclesia

307 4168 561 4236 «habet
612 4176 906 4238 senatum
972 4174 1212 4237 coetum
1278 4169 1889 4259 presbyterorum...
1954 4169 2263 4240 Senatum
2322 4199 2580 4267 quoque

308 4273 644 4343 «Romani
692 4277 1037 4360 habebant,
1086 4297 1369 4367 quorum
1414 4276 1685 4345 consilio
1733 4284 1963 4347 cuncta
2008 4280 2284 4367 agebant
2295 4308 2314 4368 3
2365 4290 2426 4348 et
2464 4303 2580 4350 nos

307 4404 340 4444 κ
368 4381 684 4452 habemus
723 4390 1022 4454 senatum
1049 4390 1347 4452 nostrum
1375 4390 1616 4453 coetum
1642 4387 2193 4475 presbyterorum.
2228 4410 2261 4449 »
2304 4384 2394 4473 (S.
2430 4386 2582 4456 Hie·
