2930 4982
401 402 526 458 57⁴
1374 404 1720 453 'rucuws

403 556 437 594 α
470 530 584 598 ubi
622 526 915 619 specialis
961 527 1030 595 id
1068 526 1268 615 exigit
1308 526 1674 610 necessitas,
1717 531 1829 593 aut
1872 520 2052 594 sedes
2094 523 2208 593 diu
2255 513 2559 593 vacatura
2604 532 2696 595 est

404 664 440 703 α
472 637 571 726 (ut
590 635 726 703 vult
746 634 1041 723 Layman
1068 632 1138 699 in
1166 655 1225 700 c.
1262 633 1429 700 Cum
1457 631 1650 716 olim,
1674 630 1770 700 De
1799 632 2083 721 majorit.
2113 636 2174 698 et
2197 630 2386 699 obed.
2397 681 2418 718 ,
2443 653 2516 699 n.
2552 630 2692 721 50),

407 765 441 805 ι(
469 741 578 810 sed
603 741 799 808 etiam
837 738 1229 828 simpliciter
1254 745 1317 805 et
1359 739 1730 806 indistincte
1762 731 2113 827 loquendo,
2142 738 2699 827 quemadmodum

406 877 440 914 α
470 851 533 918 id
577 854 783 940 potest
826 848 1206 939 Episcopus.
1249 872 1283 911 n
1334 847 1430 915 Ita
1469 846 1831 914 Leurenius
1876 845 2043 934 (loco
2072 835 2212 929 cit.,
2248 850 2478 934 quaest.
2509 845 2695 937 501).

396 957 714 1028 Eamdem
733 953 1096 1025 doctrinam
1121 952 1386 1020 tradunt
1404 951 1757 1040 Fagnanus
1782 952 1874 1039 (in
1898 972 1959 1019 c.
1990 945 2110 1018 His
2140 974 2315 1042 quoe,
2336 949 2433 1019 De
2461 954 2693 1043 major,

398 1074 464 1136 et
504 1065 727 1148 obed.,
758 1085 829 1132 n.
862 1061 1003 1152 50),
1037 1067 1099 1129 et
1132 1059 1396 1129 Garcias
1449 1059 1572 1151 (De
1603 1059 1847 1148 benef..
1890 1064 2066 1148 parte
2110 1080 2181 1145 v,
2227 1080 2285 1126 c.
2333 1059 2399 1142 7,
2438 1081 2508 1127 n.
2559 1060 2692 1147 27).

400 1173 582 1244 Idem
624 1178 798 1239 tenet
832 1177 1143 1260 tanquam
1181 1174 1437 1237 certum
1484 1165 1823 1257 Pignatelli
1857 1165 2032 1255 (tom.
2084 1163 2172 1252 X,
2214 1167 2494 1233 consult.
2544 1167 2693 1256 123,

402 1304 474 1350 n.
510 1278 604 1369 4),
644 1285 709 1345 et
734 1278 916 1346 addit
941 1277 1217 1344 unicum
1255 1275 1535 1343 inveniri
1568 1279 1940 1356 auctorem,
1967 1261 2203 1362 nempe
2234 1272 2554 1358 Fuscum,
2585 1276 2695 1365 qui

402 1389 675 1476 deneget
705 1383 988 1472 capitulo
1026 1382 1197 1450 hanc
1238 1386 1617 1473 potestatem
1655 1378 1966 1447 visitandi
1999 1371 2353 1446 dioecesim.
2401 1379 2696 1452 Lotterus

404 1493 525 1584 (Dc
565 1514 636 1559 re
662 1491 899 1579 bcnefi,
925 1490 974 1556 l.
1006 1488 1073 1575 2,
1103 1511 1168 1577 q.
1200 1487 1271 1572 2,
1303 1509 1339 1554 a
1366 1509 1435 1554 n.
1464 1487 1576 1575 42)
1613 1484 1911 1554 eamdem
1941 1481 2210 1553 sustinet
2238 1485 2502 1568 thesim,
2531 1485 2697 1575 quod

403 1621 664 1690 nempe,
696 1595 1252 1687 quemadmodum
1287 1593 1731 1661 indubitatum
1766 1599 1860 1660 est
1887 1594 2000 1682 jus
2026 1592 2191 1660 illud
2225 1593 2520 1660 visitandi
2563 1614 2697 1661 esse

404 1714 624 1775 actum
643 1704 1156 1797 jurisdictionis
1138 1702 1342 1792 ipsius
1362 1700 1695 1792 Episcopi,
1720 1701 1807 1768 ita
1830 1701 2107 1768 minime
2130 1705 2224 1767 est
2242 1700 2691 1787 baesitandum,

404 1813 616 1882 illud
599 1835 667 1880 ln
698 1811 1057 1902 capitulum
1086 1809 1384 1875 transire.
1424 1806 1519 1875 Ex
1549 1807 1656 1874 bis
1684 1813 1747 1875 et
1779 1808 2001 1875 multis
2025 1795 2167 1874 aliis
2188 1807 2697 1890 auctoritatibuS,

405 1941 552 2008 quae
592 1918 799 1985 videri
842 1920 1115 2007 possunt
1156 1903 1480 2004 congestae
1521 1916 1692 2006 apud
1734 1915 2167 2002 Leurenium,
2208 1914 2352 1982 loco
2393 1915 2614 1999 citat0,
2648 1916 2704 1981 et

410 2025 584 2116 apud
612 2023 962 2090 Barbosam
994 2021 1137 2112 (lus
1165 2019 1301 2088 eccl
1307 2071 1355 2100 .,
1381 2021 1427 2087 l.
1460 2022 1523 2103 1,
1553 2044 1612 2089 c.
1648 2021 1760 2105 37,
1789 2045 1857 2088 n.
1888 2021 2028 2111 67),
2059 2011 2593 2089 concludendum
2622 2022 2704 2086 est

408 2132 792 2199 sententiam
815 2151 961 2220 quae
987 2128 1219 2195 tribuit
1247 2129 1634 2217 generaliter
1665 2129 1974 2219 capitulo,
2004 2129 2151 2196 sede
2178 2133 2475 2210 vacante,
2508 2132 2703 2217 potes-

408 2243 605 2305 tatem
633 2237 968 2304 visitandae
1004 2235 1322 2320 dioecesis,
1363 2236 1803 2303 communiter
1831 2256 1869 2302 a
1898 2233 2540 2302 doctoribus‘haberi
2569 2239 2702 2299 tan-

412 2365 609 2434 quam
659 2350 901 2411 certam
947 2349 1009 2409 et
1057 2327 1424 2409 tenendam.
1482 2340 1669 2422 Quod
1718 2347 1935 2409 autem
1989 2342 2220 2409 dicunt
2266 2342 2346 2409 de
2396 2339 2700 2430 capitu10,

411 2456 677 2519 vacante
705 2451 877 2530 sede,
905 2450 972 2517 id
1015 2449 1484 2540 applicandum
1512 2450 1689 2518 venit
1730 2448 1973 2533 vicario
2002 2448 2340 2540 capitulari
2369 2448 2595 2515 ‘statim
2637 2468 2704 2515 ac

413 2556 655 2623 electus
681 2556 839 2636 fuit3
874 2577 1029 2622 cum
1072 2556 1336 2623 aliunde
1366 2579 1500 2623 non
1538 2559 1762 2626 minus
1792 2563 2042 2627 certum
2086 2558 2171 2631 sit
2207 2561 2405 2624 totam
2441 2550 2704 2643 capituli

405 2660 927 2752 jurisdictionem
954 2661 1025 2727 in
1050 2661 1298 2728 dictum
1327 2663 1652 2730 vicarium
1678 2666 1978 2732 transire.

503 2766 818 2835 Probatur
850 2765 918 2834 3⁰
969 2788 1042 2833 ex
1085 2767 1270 2835 valde
1308 2769 1696 2838 attendendo
1739 2771 1995 2838 decreto
2035 2765 2328 2856 Gregorii
2350 2762 2533 2850 XVI,
2570 2784 2704 2852 quo

415 2875 582 2942 ritus
606 2872 986 2963 hujusmodi
1029 2872 1412 2941 visitationis
1447 2878 1864 2965 praescriptus
1902 2880 2018 2942 est.
2045 2913 2138 2926 —
2168 2872 2432 2940 Etiamsi
2467 2870 2705 2960 reperi·

416 2986 648 3046 rentur
673 2979 871 3067 aliqui
903 2985 1195 3047 auctores
1222 2984 1467 3047 veteres
1495 2981 1613 3067 qui
1646 2981 1724 3049 de
1753 2980 2059 3071 praedicto
2091 2978 2317 3047 vicarii
2342 2976 2707 3066 capitularis

409 3087 561 3175 jure
603 3085 759 3152 olim
804 3085 1200 3154 haesitassent
1236 3092 1349 3153 aut
1385 3088 1651 3155 confuse
1691 3088 1890 3157 locuti
1935 3089 2230 3169 fuissent,
2263 3089 2474 3153 essent
2514 3083 2703 3151 hodie

416 3193 687 3261 omnino
717 3192 1081 3278 deserendi,
1116 3192 1203 3259 ob
1237 3193 1633 3262 decisionem
1664 3217 1700 3261 a
1734 3194 2044 3284 Gregorio
2082 3191 2237 3262 XVI
2281 3214 2399 3281 per
2435 3189 2498 3259 S.
2535 3188 2707 3257 Con·

416 3298 858 3385 gregationem
890 3299 1139 3367 rituum
1162 3307 1555 3385 emanatam,
1583 3323 1786 3390 quam
1811 3322 1931 3392 pro
1959 3302 2052 3368 rei
2076 3298 2386 3388 gravitate
2410 3297 2522 3364 hic
2552 3295 2705 3364 refe-

416 3403 689 3470 rendam
716 3405 1025 3473 duximus
1052 3430 1069 3472 ε

516 3534 551 3572 «
600 3507 872 3576 Certum
928 3510 1460 3634 exploratumque
1514 3535 1669 3582 cum
1725 3513 1807 3580 sit
1858 3513 1928 3580 in
1970 3531 2361 3609 unaquaque
2410 3504 2699 3586 dioecesi,

426 3615 701 3705 «elapso
749 3635 922 3683 anno
963 3636 999 3682 a
1040 3614 1145 3682 die
1188 3617 1560 3687 novissimae
1602 3619 1987 3687 visitationis
2034 3623 2305 3708 peractae
2352 3614 2435 3685 ab
2479 3613 2703 3681 ultimo

424 3750 456 3789 α
487 3723 803 3814 Episcopo
835 3722 1163 3806 defunct0,
1197 3745 1379 3813 posse
1406 3725 1729 3793 vicarium
1759 3712 2181 3815 capitularem
2208 3720 2506 3811 legitime
2550 3719 2706 3787 elec·

429 3835 636 3898 «tum
687 3831 860 3897 banc
900 3829 1112 3919 ipsam
1158 3830 1591 3899 visitationem
1641 3853 1755 3921 per
1799 3831 2128 3899 dioecesim
2172 3828 2538 3913 instituere,
2571 3823 2708 3893 sede

430 3960 462 3999 α
493 3937 709 4004 adhuc
753 3928 1042 4019 vacante,
1093 3934 1227 4003 non
1273 3937 1386 4004 abs
1432 3960 1504 4005 re
1545 3937 1627 4005 ab
1670 3922 2016 4031 aliquibus
2040 3934 2409 4003 dubitatum
2447 3936 2545 4000 est
2588 3948 2710 4019 quo

430 4042 686 4109 «modo
730 4049 793 4109 et
821 4043 951 4109 ritu
993 4043 1076 4110 sit
1105 4064 1142 4109 a
1172 4043 1341 4110 clero
1384 4040 1800 4133 excipiendus
1834 4043 1958 4111 hac
2001 4044 2071 4110 in
2109 4040 2396 4120 actione3
2441 4053 2711 4128 quaeque

432 4172 467 4214 «
493 4145 575 4247 ab
601 4147 828 4214 eodem
864 4149 1037 4218 clero
1071 4149 1380 4238 obsequia
1410 4149 1508 4217 illi
1547 4135 2066 4240 sint'praestan'da
2096 4171 2112 4215 ε
2146 4150 2395 4237 oportet
2425 4144 2609 4211 enim
2644 4146 2714 4207 ut

433 4280 466 4320 «
497 4252 752 4320 minora
779 4252 911 4318 sint
945 4250 1076 4322 illis
1103 4277 1249 4345 quae
1289 4255 1615 4346 Episcopo.
1652 4256 2056 4323 exhibentur.
2105 4252 2449 4342 Propterea
2477 4252 2713 4317 attento

433 4387 467 4425 «
495 4360 951 4449 liturgicorum
980 4359 1196 4428 hocin
1224 4363 1551 4452 proposito
1584 4362 1867 4449 silentio,
1898 4361 2247 4448 volensque
2272 4355 2510 4432 ‚omnia
2536 4353 2712 4422 ordi·

432 4489 467 4528 «
498 4472 645 4531 nate
694 4465 1056 4546 instituere,
1080 4468 1658 4536 reverendissimus
1710 4469 1990 4537 vicarius
2040 4463 2413 4557 capitularis
2463 4458 2712 4532 Abelli-
