2930 4982
376 301 501 358 504
1345 308 1693 355 ‘rnAm-Aws

373 431 479 498 sit.
513 430 679 498 Cum
708 451 861 519 ergo
889 429 1057 498 dicta
1081 429 1324 519 pruzia,
1353 432 1426 495 ut
1450 427 1800 518 probatum
1828 432 1945 514 est,
1992 427 2071 496 de
2107 448 2173 494 se
2199 426 2548 516 illegitima
2585 429 2661 497 sit

375 542 438 605 et
477 536 680 615 irrita,
721 557 853 603 non
894 534 1095 603 evasit
1124 534 1421 624 legitima
1451 556 1567 626 per
1612 539 2031 603 memoratam
2060 532 2241 602 Sedis
2271 533 2657 624 Apostolicae

373 640 602 730 agendi
635 640 980 708 rationem.

464 746 824 814 Conclusio
856 743 1208 837 proesentis
1242 744 1697 835 paraqraphz‘.
1745 783 1836 796 -
1869 744 1940 814 Si
1968 746 2261 833 quinque
2300 747 2662 835 superiores

372 853 839 944 propositiones
885 850 1103 920 solidis
1152 850 1441 918 nitantur
1479 851 1870 934 rationibUS,
1936 855 2150 941 aperte
2197 851 2495 939 sequitur
2535 874 2665 921 non

372 980 553 1051 posse
573 958 766 1026 hodie
794 959 864 1026 in
889 956 1121 1041 Gallia,
1155 978 1274 1024 nec
1300 957 1476 1024 licite
1501 979 1624 1025 nec
1655 958 1886 1040 valide,
1919 959 2164 1049 plurem,
2197 957 2344 1025 sede
2371 965 2663 1046 vacante,

373 1066 648 1133 vicarios
674 1064 1055 1155 capitulares
1088 1062 1408 1153 deputari.
1443 1062 1616 1130 Huic
1646 1068 1862 1131 tamen
1891 1061 2292 1131 conclusioni
2322 1085 2455 1130 non
2483 1064 2665 1131 aliter

373 1171 689 1253 adhaere0‚
709 1192 907 1258 quam
926 1170 979 1237 si
1005 1170 1193 1237 fuerit
1211 1168 1393 1238 Sedis
1412 1168 1798 1259 Apostolicae
1812 1170 2065 1260 judicio
2085 1191 2387 1236 consona.
2409 1169 2492 1236 Et
2511 1192 2659 1238 cum

377 1276 747 1343 resciverim
775 1275 957 1343 illam
983 1275 1195 1364 ipsam
1225 1297 1488 1344 causam
1532 1273 1641 1343 hic
1683 1280 1746 1343 et
1773 1298 1951 1344 nunc
1989 1275 2209 1344 Romae
2254 1274 2563 1364 pendere,
2592 1275 2663 1341 in

375 1388 781 1448 antecessum
812 1380 1128 1448 exituram
1160 1380 1602 1469 Apostolicam
1634 1381 2029 1450 decisionem
2063 1379 2441 1469 amplector,
2475 1380 2664 1448 dere-

374 1486 530 1556 licta
565 1487 856 1578 qualibet
885 1486 1205 1556 contraria
1234 1486 1565 1577 opinione.

1473 1682 1586 1758 §6

377 1833 593 1878 QUANDO
633 1835 779 1873 UNITI
827 1835 1002 1874 FUERE
1049 1835 1206 1880 AEQUE
1243 1835 1650 1875 PRINCIPALITER
1695 1838 1802 1876 DUO
1831 1837 2215 1888 EPISCOPATUS,
2260 1836 2661 1883 UNUMQCODQUE

447 1931 748 1972 CAPITULUM
779 1932 1126 1971 CATHEDRALE
1156 1933 1323 1972 DEBET
1352 1934 1498 1973 SUUM
1526 1935 1802 1973 DEPUTARE
1832 1935 2115 1986 vchan,
2146 1935 2240 1979 QUI
2269 1935 2330 1973 IN
2358 1934 2430 1972 EA
2457 1934 2662 1974 TANTUE

450 2030 671 2068 DIOECESI
714 2031 772 2069 IN
804 2032 911 2076 QL‘A
953 2032 1205 2070 ELIGITUR
1244 2031 1690 2071 JURISDICTIONEM
1735 2032 1909 2070 HABET

481 2194 514 2233 «
563 2167 693 2237 Ubi
742 2192 893 2237 vero
950 2171 1168 2261 plures
1220 2174 1352 2238 sint
1398 2171 1679 2238 ecclesiae
1727 2170 2120 2239 cathedrales
2167 2191 2314 2258 quae
2357 2168 2484 2236 sub
2547 2190 2667 2236 uno

390 2300 424 2339 «
469 2275 788 2367 Episcopo
815 2299 999 2368 aeque
1033 2277 1481 2367 principaliter
1510 2279 1711 2346 unitae
1746 2280 1896 2361 sint,
1931 2277 2251 2366 quamviS,
2286 2277 2437 2343 sede
2460 2276 2666 2366 plena,

388 2407 423 2445 «
472 2404 684 2449 unum
728 2384 808 2450 sit
862 2385 1184 2472 regimen,
1231 2405 1572 2472 unumque
1616 2384 1930 2466 tribunal,
1989 2405 2142 2449 cum
2193 2380 2390 2449 unico
2439 2380 2671 2448 vicario

391 2510 424 2548 «
465 2488 752 2573 generali
783 2490 902 2578 (De
905 2488 1192 2578 jurisd„
1223 2488 1521 2558 discursu
1551 2490 1636 2557 22
1654 2490 1822 2557 et24
1851 2495 2036 2557 —De
2047 2512 2362 2579 precem„
2387 2487 2552 2555 disc.
2581 2485 2664 2575 7),

389 2615 422 2653 ι(
467 2591 680 2660 adhuc
723 2599 968 2681 tamen,
1018 2597 1167 2663 sede
1203 2603 1469 2663 vacante
1503 2596 1607 2663 vel
1651 2597 1985 2686 impedita,
2036 2596 2338 2686 quaelibet
2376 2593 2657 2674 ecclesia,

391 2720 424 2758 «
462 2697 644 2784 juxta
686 2704 986 2766 naturam
1027 2700 1299 2767 unionis
1345 2723 1528 2789 aeque
1572 2702 1954 2791 principalis
1983 2701 2225 2792 pluries
2254 2699 2661 2776 insinuatam,

390 2827 424 2867 «
472 2825 668 2871 suum
717 2810 956 2872 statum
984 2807 1329 2894 antiquum
1365 2806 1673 2890 assumit;
1715 2805 2116 2896 proindeque
2141 2804 2473 2895 quodlibet
2501 2803 2670 2894 capi-

392 2936 428 2974 «
474 2911 721 2998 tulum,
751 2934 907 2980 cum
934 2912 1312 2982 omnimoda
1350 2912 1878 3003 independentia,
1910 2915 2050 3002 ejus
2086 2911 2431 3003 proprium
2460 2932 2537 2978 ac
2574 2909 2673 2976 di-

390 3038 427 3079 «
469 3037 729 3098 versum
768 3020 1032 3111 deputat
1065 3017 1385 3096 vicarium
1417 3020 1702 3108 aliosque
1731 3020 2038 3087 officiales
2067 3021 2139 3085 in
2179 3039 2296 3086 sua
2326 3017 2667 3107 respective

392 3145 429 3187 «
474 3123 760 3206 dioecesi,
792 3127 1060 3215 perinde
1085 3148 1161 3193 ac
1198 3126 1252 3192 si
1271 3125 1578 3213 quaelibet
1603 3126 1867 3194 haberet
1900 3125 2238 3216 proprium
2256 3124 2662 3213 Episcopum,

392 3250 429 3292 «
472 3236 663 3317 atque
718 3237 992 3320 uterque
1038 3232 1265 3299 eodem
1320 3236 1605 3321 tempore
1655 3230 1934 3299 obiisset.
1983 3254 2018 3295 »
2069 3229 2161 3297 lta
2191 3228 2562 3296 Cardinalis
2607 3227 2673 3294 de

357 3323 360 3326 “
385 3330 561 3399 Luca
577 3334 1080 3420 (Annotationes
1092 3338 1448 3426 practicae,
1473 3338 1769 3405 discursu
1797 3336 1906 3419 31,
1940 3337 2012 3403 in
2028 3337 2156 3402 fine
2177 3335 2340 3402 tomi
2361 3333 2567 3423 XIV).

473 3434 675 3503 Addit
712 3436 883 3502 idem
914 3446 1162 3523 auctor,
1197 3444 1252 3507 si
1290 3446 1360 3508 in
1399 3463 1534 3508 una
1562 3463 1637 3507 ex
1665 3442 1850 3508 dictis
1885 3440 2168 3507 ecclesiis
2199 3437 2562 3506 extinctum
2604 3436 2672 3503 de

385 3542 550 3612 facto
578 3540 772 3609 fuerit
817 3543 1199 3632 capitulum,
1239 3546 1319 3614 ad
1358 3547 1930 3637 metropolitanum
1967 3546 2285 3635 pertinere
2319 3541 2667 3633 deputatio-

390 3671 545 3717 nem
572 3647 798 3716 vicarii
823 3648 1220 3739 capitularis,

1317 3846 1602 3908 CAPUT
1656 3847 1754 3905 IX

392 3987 725 4038 GAPITULUM
758 3996 822 4041 IN
848 3994 1194 4040 DEPUTANDO
1224 3994 1468 4039 VICARIO
1515 3994 1755 4038 NULLAM
1779 3992 1998 4040 POTEST
2027 3992 2140 4038 SIBI
2184 3989 2673 4040 JURISDIGTIONBM

1364 4099 1715 4145 RESERVARE

490 4287 526 4330 ς(
569 4256 847 4347 vigebat
874 4262 1032 4333 olim
1069 4267 1290 4358 opinio
1323 4268 1700 4359 permittens
1733 4266 2013 4358 capitulo
2055 4253 2343 4356 aliquam
2362 4266 2671 4356 jurisdic-

398 4394 430 4434 «
467 4368 662 4441 tionis
692 4373 938 4457 partem
971 4373 1097 4439 sibi
1124 4395 1474 4445 reservare.
1514 4375 1603 4443 Ea
1632 4381 1917 4465 propter,
1956 4397 2109 4443 cum
2149 4375 2312 4442 olim
2340 4374 2662 4441 institutus
