2930 4982
428 389 554 446 374
1394 372 1736 432 suenrus

424 518 624 585 ritate
645 511 984 604 Episcopi,
1016 507 1269 599 quoties
1307 507 1378 573 in
1407 505 1598 573 illius
1633 499 2107 594 praejudicium
2136 523 2272 569 non
2302 513 2596 592 verqant,
2623 515 2691 570 ut

422 622 681 705 docent,
731 618 1033 685 Barbosa
1088 616 1167 705 (c.
1245 612 1359 692 42,
1416 635 1485 678 n.
1563 609 1700 700 73),
1759 606 2138 699 Piqnatelli
2199 608 2534 698 (Consult.
2590 607 2686 693 35,

419 750 487 796 n.
513 727 624 803 32,
657 736 821 795 tom.
856 723 1011 813 JV).

512 836 789 902 Attento
801 832 967 921 jure
981 825 1375 920 pontificio,
1409 822 1723 915 capitulis
1752 819 2177 888 ecclesiarum
2208 818 2423 887 veluti
2451 823 2697 911 corpori

420 940 707 1031 mystico
731 936 1138 1028 facultatem
1149 931 1588 1025 permittente
1616 940 1875 997 statuta
1904 925 2158 1014 edendi,
2184 950 2262 994 ac
2292 926 2695 995 consuetudi·

420 1070 530 1115 nes
549 1046 830 1114 illorum
849 1041 1145 1131 reqimen
1171 1048 1624 1107 concernentes
1648 1033 2020 1102 inducendi.
2050 1032 2258 1123 (Rota,
2280 1038 2457 1123 parte
2479 1033 2587 1116 17,
2605 1034 2694 1101 de·

421 1154 536 1224 cis.
557 1151 714 1237 210,
734 1172 800 1217 n.
829 1147 956 1215 910
979 1169 1173 1215 causa
1196 1143 1660 1225 Avenionensi,
1692 1141 1885 1210 1671.
1916 1140 2041 1209 Ubi
2063 1141 2352 1208 citantur
2368 1161 2508 1231 cap.
2543 1142 2693 1226 1‚De

418 1258 521 1325 his
538 1277 687 1348 quoe
704 1254 886 1344 fiunt
904 1276 945 1319 a
963 1252 1219 1341 majore
1230 1261 1435 1341 parte
1454 1248 1772 1338 capituli,
1790 1254 1851 1316 et
1872 1266 2098 1314 omnes
2121 1247 2469 1314 canonistae
2487 1247 2572 1314 de
2591 1248 2692 1314 hoc

419 1364 626 1454 capite
636 1362 1039 1429 disserentes.
1059 1396 1144 1408 —-
1158 1356 1310 1446 Cap.
1336 1357 1618 1422 unicum
1633 1353 2139 1423 Declericisnon
2152 1351 2609 1420 residentibus.
2619 1392 2693 1404 —

421 1469 611 1556 Rota,
639 1468 834 1535 decis.
860 1466 1017 1549 229,
1042 1485 1261 1532 coram
1287 1460 1675 1547 Bellamera,
1703 1467 1765 1528 et
1788 1460 1991 1527 decis.
2024 1459 2185 1537 371,
2209 1479 2429 1526 coram
2450 1456 2697 1548 Pegna.)

422 1573 682 1642 Eadem
707 1571 1073 1661 facultate,
1106 1591 1240 1659 qua
1262 1568 1335 1635 in
1361 1567 1443 1635 iis
1478 1589 1626 1657 quae
1658 1566 1943 1636 ecclesiae
1965 1566 2257 1656 reqimen
2285 1574 2691 1649 concernunt,

409 1679 575 1746 licet
613 1676 934 1769 capitulis
960 1676 1383 1744 ecclesiarum
1426 1685 1694 1741 statuta
1747 1672 2042 1756 condere,
2064 1670 2241 1739 ‘licet
2270 1693 2518 1761 quoque
2553 1693 2690 1738 con-

422 1783 566 1852 dita
596 1784 942 1873 abroqare.
986 1782 1195 1873 (Rota,
1224 1788 1403 1873 parte
1434 1781 1544 1865 17,
1578 1781 1773 1848 decis.
1811 1778 1968 1861 308,
1999 1801 2066 1846 n.
2101 1779 2168 1862 9,
2201 1777 2470 1867 recent.)

515 1889 909 1980 Capitulum
958 1888 1032 1956 in
1090 1884 1530 1956 concernendo
1579 1907 1719 1952 rem
1766 1895 1830 1951 et
1863 1906 2190 1975 personas
2231 1883 2693 1974 capitularium

412 2005 638 2085 potest
665 1993 869 2061 etiam
898 1994 1043 2061 sine
1078 1993 1488 2061 auctoritate
1513 1992 1835 2083 Episcopi
1855 2002 2167 2058 statuere.
2210 1991 2389 2073 Quin
2412 1990 2540 2056 imo
2557 2012 2696 2056 con·

423 2113 722 2168 currente
747 2099 1017 2167 scientia
1043 2112 1107 2167 et
1158 2099 1367 2189 lonqa
1394 2098 1737 2190 patientia
1768 2097 2087 2188 Episcopi
2108 2098 2223 2188 (ex
2251 2096 2483 2187 quibus
2513 2093 2695 2162 colli·

423 2207 609 2298 qitur
631 2207 771 2297 ejus
810 2205 1211 2297 consensus),
1237 2216 1458 2297 potest
1501 2204 1882 2296 capitulum
1911 2215 2203 2272 statuere
2246 2205 2420 2271 circa
2455 2226 2531 2270 ea
2566 2223 2693 2293 quoe

423 2314 630 2381 etiam
679 2325 968 2406 tanqunt
1026 2326 1288 2381 statum
1328 2312 1611 2381 ecclesioe
1654 2333 1790 2379 suoe
1831 2310 2038 2403 (Rota,
2092 2333 2172 2403 pa
2183 2316 2278 2378 rte
2321 2310 2391 2390 3,
2436 2315 2687 2385 recent„

421 2419 617 2485 decis.
648 2418 757 2499 20,
787 2441 854 2486 n.
890 2419 987 2508 6.)
1904 2414 1913 2419 ’

509 2523 804 2589 Dubium
836 2546 968 2591 non
997 2536 1093 2591 est
1122 2524 1552 2614 (capitulum)
1566 2544 1764 2614 posse
1783 2533 2079 2590 statuere
2109 2523 2291 2590 circa
2314 2519 2693 2590 obedientias

422 2635 486 2693 et
507 2637 636 2692 tem
630 2626 841 2716 poral
842 2627 1037 2693 itates
1056 2650 1213 2693 suas
1233 2628 1424 2695 certis
1449 2625 1663 2695 modis
1683 2640 1748 2695 et
1760 2628 1999 2719 formis
2019 2629 2191 2696 inter
2220 2628 2549 2695 canonicos
2564 2625 2691 2692 dis-

429 2729 829 2800 tribuendas.
863 2729 1071 2820 (Rota,
1100 2732 1306 2822 partis
1338 2734 1380 2798 4
1412 2739 1572 2800 tom.
1613 2732 1724 2822 ΙΙΙ,
1759 2733 1953 2802 decis.
1992 2734 2111 2803 571
2131 2786 2152 2822 ,
2184 2758 2249 2804 n.
2278 2734 2368 2820 5.)

1512 2968 1606 3028 III
1678 2966 1682 2971 ’

576 3108 726 3158 Sacra
757 3108 1084 3171 Congregatio
1119 3109 1335 3171 concilii,
1368 3115 1422 3159 et
1447 3110 1719 3159 concilium
1751 3111 2033 3161 Romanum
2061 3110 2156 3161 sub
2181 3110 2448 3161 Benedicto
2472 3109 2577 3160 Xlll

517 3272 750 3340 Inutile
784 3274 1092 3343 duximus
1131 3297 1248 3365 per
1290 3276 1562 3364 longum
1606 3275 1801 3342 citare
1841 3297 2089 3343 sacram
2126 3274 2688 3366 Congregationem

428 3377 712 3444 concilii.
748 3376 911 3457 Quis
956 3382 1134 3447 enim
1170 3386 1350 3469 putet
1378 3381 1540 3447 dum
1571 3378 1730 3448 Rota
1757 3381 2119 3448 doctrinam
2163 3383 2508 3471 expositam
2549 3380 2690 3446 adeo

425 3482 701 3549 firmiter
722 3489 984 3571 teneret,
1016 3487 1210 3553 aliam
1238 3487 1306 3552 in
1338 3485 1850 3574 Congregatione
1872 3487 2130 3555 concilii
2149 3488 2476 3578 viguisse?
2497 3486 2689 3555 Etiam

425 3588 679 3657 ultimis
723 3591 1127 3680 temporibus
1173 3596 1529 3680 utrumque
1562 3591 1853 3658 tribunal
1896 3598 2141 3660 constat
2180 3592 2353 3659 idem
2397 3592 2689 3674 sensis8e;

424 3692 596 3782 quod
624 3714 754 3761 una
778 3698 892 3761 aut
919 3696 1119 3762 altera
1147 3701 1398 3762 tantum
1432 3696 1733 3764 citatione
1757 3697 1971 3786 palam
2001 3698 2204 3765 facere
2228 3699 2382 3766 satis
2405 3700 2522 3767 erit
2549 3720 2565 3764 ε

522 3824 556 3864 κ
602 3799 894 3890 Tandem
925 3800 1091 3869 inest
1124 3801 1404 3891 capitulo
1434 3801 1701 3871 facultas
1727 3806 1985 3895 propria
2008 3804 2262 3873 decreta
2289 3802 2691 3883 immutandi,

430 3928 463 3963 «
510 3903 902 3990 declarandi,
937 3908 1310 3991 revocandi,
1348 3905 1705 3976 dummodo
1734 3912 1805 3976 in
1834 3909 1936 3976 his
1971 3911 2195 3977 eadem
2233 3933 2380 3999 quae
2408 3906 2698 3978 anteactis

432 4032 466 4070 «
517 4009 789 4080 decretis
824 4014 1193 4082 solemnitas
1227 4014 1600 4080 intercedat.
1638 4051 1728 4065 —
1762 4013 1956 4083 Sacra
1983 4013 2412 4105 Congregatio
2444 4016 2699 4105 Episco-

432 4136 468 4176 «
515 4133 750 4201 porum
772 4124 833 4184 et
861 4120 1260 4207 regularium
1298 4118 1378 4187 13
1411 4120 1628 4186 martii
1658 4119 1851 4187 1615.
1877 4158 1967 4172 —-
1995 4119 2344 4206 Gawmtus,
2378 4129 2423 4190 t.
2460 4121 2535 4203 11,
2561 4121 2702 4186 Ma·

439 4243 472 4281 «
521 4218 731 4286 nuale
764 4223 1285 4315 Episcoporum‚
1311 4238 1379 4296 v⁰
1406 4227 1776 4319 Capitulum
1813 4266 1904 4278 —
1933 4233 1994 4295 et
2015 4223 2699 4312 Monacelli‚Formul.

435 4350 467 4388 «
517 4322 679 4415 leq„
711 4325 810 4392 tit.
855 4324 921 4411 3,
958 4328 1075 4396 for.
1123 4332 1189 4415 2,
1226 4356 1293 4401 n.
1329 4333 1438 4402 35.
1479 4358 1512 4397 >³
1551 4334 1817 4421 (Votum
1848 4338 2169 4404 secretarii
2197 4358 2391 4405 sacrae
2419 4335 2702 4421 Congre-

426 4431 703 4515 gationis
745 4428 1030 4518 concilii,
1101 4434 1167 4501 in
1226 4434 1661 4526 Senegaliensi
1715 4461 1931 4527 causa,
1988 4439 2032 4510 9
2070 4441 2229 4511 maii
2270 4440 2482 4526 18293
2539 4435 2704 4505 The·
