<?xml version="1.0" encoding="UTF-8"?>
<!DOCTYPE html PUBLIC "-//W3C//DTD XHTML 1.0 Transitional//EN"
    "http://www.w3.org/TR/xhtml1/DTD/xhtml1-transitional.dtd">
<html xmlns="http://www.w3.org/1999/xhtml" xml:lang="en" lang="en">
 <head>
  <title>
</title>
<meta http-equiv="Content-Type" content="text/html;charset=utf-8" />
  <meta name='ocr-system' content='tesseract 3.04.00' />
  <meta name='ocr-capabilities' content='ocr_page ocr_carea ocr_par ocr_line ocrx_word'/>
</head>
<body>
  <div class='ocr_page' id='page_1' title='image "./tractatusdecapi00bouigoog_0419.png"; bbox 0 0 2930 4982; ppageno 0'>
   <div class='ocr_carea' id='block_1_1' title="bbox 1194 312 2561 380">
    <p class='ocr_par' dir='ltr' id='par_1_1' title="bbox 1194 312 2561 380">
     <span class='ocr_line' id='line_1_1' title="bbox 1194 312 2561 380; baseline 0.002 -14"><span class='ocrx_word' id='word_1_1' title='bbox 1194 319 1271 366; x_wconf 75' lang='lat' dir='ltr'><strong>on</strong></span> <span class='ocrx_word' id='word_1_2' title='bbox 1314 318 1646 380; x_wconf 60' lang='lat' dir='ltr'><strong>captanus.</strong></span> <span class='ocrx_word' id='word_1_3' title='bbox 2442 312 2561 370; x_wconf 75' lang='lat'><strong>38¹</strong></span> 
     </span>
    </p>
   </div>
   <div class='ocr_carea' id='block_1_2' title="bbox 261 437 2573 4427">
    <p class='ocr_par' dir='ltr' id='par_1_2' title="bbox 290 437 2573 839">
     <span class='ocr_line' id='line_1_2' title="bbox 296 437 2570 529; baseline 0.003 -26"><span class='ocrx_word' id='word_1_4' title='bbox 296 467 326 504; x_wconf 91' lang='lat'>«</span> <span class='ocrx_word' id='word_1_5' title='bbox 368 458 677 507; x_wconf 89' lang='lat' dir='ltr'><strong>consensu</strong></span> <span class='ocrx_word' id='word_1_6' title='bbox 699 463 716 524; x_wconf 86' lang='lat'><em>3</em></span> <span class='ocrx_word' id='word_1_7' title='bbox 744 457 940 526; x_wconf 90' lang='lat' dir='ltr'><strong>quem</strong></span> <span class='ocrx_word' id='word_1_8' title='bbox 971 437 1028 505; x_wconf 90' lang='lat' dir='ltr'><strong>si</strong></span> <span class='ocrx_word' id='word_1_9' title='bbox 1049 437 1410 529; x_wconf 88' lang='lat' dir='ltr'><strong>postulatus</strong></span> <span class='ocrx_word' id='word_1_10' title='bbox 1432 438 1589 506; x_wconf 86' lang='lat' dir='ltr'><strong>dare</strong></span> <span class='ocrx_word' id='word_1_11' title='bbox 1608 438 1679 506; x_wconf 92' lang='lat' dir='ltr'><strong>in</strong></span> <span class='ocrx_word' id='word_1_12' title='bbox 1696 438 1943 507; x_wconf 87' lang='lat' dir='ltr'><strong>statutis</strong></span> <span class='ocrx_word' id='word_1_13' title='bbox 1960 437 2169 507; x_wconf 79' lang='lat' dir='ltr'><strong>licitis</strong></span> <span class='ocrx_word' id='word_1_14' title='bbox 2190 445 2256 507; x_wconf 89' lang='lat' dir='ltr'><strong>et</strong></span> <span class='ocrx_word' id='word_1_15' title='bbox 2277 440 2570 511; x_wconf 80' lang='lat' dir='ltr'><strong>honestis</strong></span> 
     </span>
     <span class='ocr_line' id='line_1_3' title="bbox 295 543 2573 635; baseline 0.003 -27"><span class='ocrx_word' id='word_1_16' title='bbox 295 572 324 608; x_wconf 89' lang='lat'>«</span> <span class='ocrx_word' id='word_1_17' title='bbox 359 545 765 624; x_wconf 77' lang='lat' dir='ltr'><strong>recusaverit,</strong></span> <span class='ocrx_word' id='word_1_18' title='bbox 814 543 1155 612; x_wconf 87' lang='lat' dir='ltr'><strong>adeundus</strong></span> <span class='ocrx_word' id='word_1_19' title='bbox 1202 550 1296 612; x_wconf 90' lang='lat' dir='ltr'><strong>est</strong></span> <span class='ocrx_word' id='word_1_20' title='bbox 1330 544 1878 635; x_wconf 86' lang='lat' dir='ltr'><strong>Archiepiscopus</strong></span> <span class='ocrx_word' id='word_1_21' title='bbox 1911 545 2027 634; x_wconf 91' lang='lat' dir='ltr'><strong>qui</strong></span> <span class='ocrx_word' id='word_1_22' title='bbox 2069 546 2456 628; x_wconf 75' lang='lat' dir='ltr'><strong>consentiat,</strong></span> <span class='ocrx_word' id='word_1_23' title='bbox 2507 553 2573 615; x_wconf 89' lang='lat' dir='ltr'><strong>et</strong></span> 
     </span>
     <span class='ocr_line' id='line_1_4' title="bbox 294 649 2561 743; baseline 0.004 -29"><span class='ocrx_word' id='word_1_24' title='bbox 294 677 323 714; x_wconf 89' lang='lat'>«</span> <span class='ocrx_word' id='word_1_25' title='bbox 356 651 432 719; x_wconf 41' lang='lat' dir='ltr'><strong>in&lt;</strong></span> <span class='ocrx_word' id='word_1_26' title='bbox 460 656 693 717; x_wconf 90' lang='lat' dir='ltr'><strong>eventu</strong></span> <span class='ocrx_word' id='word_1_27' title='bbox 736 671 868 738; x_wconf 89' lang='lat' dir='ltr'><strong>quo</strong></span> <span class='ocrx_word' id='word_1_28' title='bbox 914 649 1274 740; x_wconf 83' lang='lat' dir='ltr'><strong>Episcopus</strong></span> <span class='ocrx_word' id='word_1_29' title='bbox 1321 649 1489 719; x_wconf 91' lang='lat' dir='ltr'><strong>nulli</strong></span> <span class='ocrx_word' id='word_1_30' title='bbox 1522 650 2025 742; x_wconf 84' lang='lat' dir='ltr'><strong>Archiepiscopo</strong></span> <span class='ocrx_word' id='word_1_31' title='bbox 2065 652 2149 719; x_wconf 89' lang='lat' dir='ltr'><strong>sit</strong></span> <span class='ocrx_word' id='word_1_32' title='bbox 2191 652 2561 743; x_wconf 86' lang='lat' dir='ltr'><strong>subjectus,</strong></span> 
     </span>
     <span class='ocr_line' id='line_1_5' title="bbox 290 755 1935 839; baseline 0 -18"><span class='ocrx_word' id='word_1_33' title='bbox 290 782 320 821; x_wconf 92' lang='lat'>«</span> <span class='ocrx_word' id='word_1_34' title='bbox 358 757 821 839; x_wconf 65' lang='lat' dir='ltr'><strong>recurrendum</strong></span> <span class='ocrx_word' id='word_1_35' title='bbox 848 765 941 824; x_wconf 89' lang='lat' dir='ltr'><strong>est</strong></span> <span class='ocrx_word' id='word_1_36' title='bbox 968 757 1048 823; x_wconf 88' lang='lat' dir='ltr'><strong>ad</strong></span> <span class='ocrx_word' id='word_1_37' title='bbox 1073 755 1430 824; x_wconf 89' lang='lat' dir='ltr'><strong>Summum</strong></span> <span class='ocrx_word' id='word_1_38' title='bbox 1457 755 1869 826; x_wconf 89' lang='lat' dir='ltr'><strong>Pontificem.</strong></span> <span class='ocrx_word' id='word_1_39' title='bbox 1900 782 1935 820; x_wconf 69' lang='grc' dir='ltr'><strong>ι)</strong></span> 
     </span>
    </p>

    <p class='ocr_par' dir='ltr' id='par_1_3' title="bbox 261 861 2572 1481">
     <span class='ocr_line' id='line_1_6' title="bbox 367 861 2563 946; baseline 0.004 -19"><span class='ocrx_word' id='word_1_40' title='bbox 367 887 400 926; x_wconf 91' lang='lat'>«</span> <span class='ocrx_word' id='word_1_41' title='bbox 437 861 521 930; x_wconf 91' lang='lat' dir='ltr'><strong>Ut</strong></span> <span class='ocrx_word' id='word_1_42' title='bbox 543 863 1012 930; x_wconf 89' lang='lat' dir='ltr'><strong>canonicorum</strong></span> <span class='ocrx_word' id='word_1_43' title='bbox 1041 867 1275 931; x_wconf 83' lang='lat' dir='ltr'><strong>statuta</strong></span> <span class='ocrx_word' id='word_1_44' title='bbox 1313 863 1444 931; x_wconf 86' lang='lat' dir='ltr'><strong>sint</strong></span> <span class='ocrx_word' id='word_1_45' title='bbox 1472 863 1712 946; x_wconf 83' lang='lat' dir='ltr'><strong>valida,</strong></span> <span class='ocrx_word' id='word_1_46' title='bbox 1743 885 1878 931; x_wconf 89' lang='lat' dir='ltr'><strong>non</strong></span> <span class='ocrx_word' id='word_1_47' title='bbox 1912 862 2128 931; x_wconf 89' lang='lat' dir='ltr'><strong>solum</strong></span> <span class='ocrx_word' id='word_1_48' title='bbox 2163 864 2396 933; x_wconf 87' lang='lat' dir='ltr'><strong>debent</strong></span> <span class='ocrx_word' id='word_1_49' title='bbox 2425 888 2563 935; x_wconf 87' lang='lat' dir='ltr'><strong>csse</strong></span> 
     </span>
     <span class='ocr_line' id='line_1_7' title="bbox 288 968 2561 1061; baseline 0.004 -29"><span class='ocrx_word' id='word_1_50' title='bbox 288 994 318 1032; x_wconf 91' lang='lat'>«</span> <span class='ocrx_word' id='word_1_51' title='bbox 355 968 792 1057; x_wconf 75' lang='lat' dir='ltr'><strong>capitulariter</strong></span> <span class='ocrx_word' id='word_1_52' title='bbox 828 975 1080 1058; x_wconf 85' lang='lat' dir='ltr'><strong>peracta</strong></span> <span class='ocrx_word' id='word_1_53' title='bbox 1120 975 1183 1036; x_wconf 88' lang='lat' dir='ltr'><strong>et</strong></span> <span class='ocrx_word' id='word_1_54' title='bbox 1210 968 1564 1058; x_wconf 84' lang='lat' dir='ltr'><strong>publicata,</strong></span> <span class='ocrx_word' id='word_1_55' title='bbox 1598 969 1708 1037; x_wconf 88' lang='lat' dir='ltr'><strong>sed</strong></span> <span class='ocrx_word' id='word_1_56' title='bbox 1750 968 1989 1037; x_wconf 89' lang='lat' dir='ltr'><strong>debent</strong></span> <span class='ocrx_word' id='word_1_57' title='bbox 2039 990 2174 1036; x_wconf 85' lang='lat' dir='ltr'><strong>esse</strong></span> <span class='ocrx_word' id='word_1_58' title='bbox 2202 968 2274 1035; x_wconf 91' lang='lat' dir='ltr'><strong>in</strong></span> <span class='ocrx_word' id='word_1_59' title='bbox 2307 973 2561 1061; x_wconf 85' lang='lat' dir='ltr'><strong>scriptis</strong></span> 
     </span>
     <span class='ocr_line' id='line_1_8' title="bbox 261 1072 2568 1165; baseline 0.003 -29"><span class='ocrx_word' id='word_1_60' title='bbox 261 1098 316 1136; x_wconf 15' lang='lat' dir='ltr'><strong>t«</strong></span> <span class='ocrx_word' id='word_1_61' title='bbox 355 1074 637 1141; x_wconf 87' lang='lat' dir='ltr'><strong>redacta.</strong></span> <span class='ocrx_word' id='word_1_62' title='bbox 668 1098 702 1136; x_wconf 80' lang='grc'>»</span> <span class='ocrx_word' id='word_1_63' title='bbox 739 1073 818 1140; x_wconf 86' lang='lat' dir='ltr'><strong>Et</strong></span> <span class='ocrx_word' id='word_1_64' title='bbox 844 1073 999 1141; x_wconf 85' lang='lat' dir='ltr'><strong>licet</strong></span> <span class='ocrx_word' id='word_1_65' title='bbox 1026 1072 1259 1141; x_wconf 88' lang='lat' dir='ltr'><strong>Suarez</strong></span> <span class='ocrx_word' id='word_1_66' title='bbox 1288 1079 1350 1141; x_wconf 86' lang='lat' dir='ltr'><strong>et</strong></span> <span class='ocrx_word' id='word_1_67' title='bbox 1377 1072 1491 1141; x_wconf 89' lang='lat' dir='ltr'><strong>alii</strong></span> <span class='ocrx_word' id='word_1_68' title='bbox 1520 1074 1961 1142; x_wconf 89' lang='lat' dir='ltr'><strong>communiter</strong></span> <span class='ocrx_word' id='word_1_69' title='bbox 1986 1075 2262 1141; x_wconf 82' lang='lat' dir='ltr'><strong>doceant</strong></span> <span class='ocrx_word' id='word_1_70' title='bbox 2297 1073 2568 1165; x_wconf 88' lang='lat' dir='ltr'><strong>scriptu·</strong></span> 
     </span>
     <span class='ocr_line' id='line_1_9' title="bbox 274 1178 2572 1269; baseline 0.002 -24"><span class='ocrx_word' id='word_1_71' title='bbox 274 1201 412 1261; x_wconf 89' lang='lat' dir='ltr'><strong>ram</strong></span> <span class='ocrx_word' id='word_1_72' title='bbox 434 1201 567 1245; x_wconf 91' lang='lat' dir='ltr'><strong>non</strong></span> <span class='ocrx_word' id='word_1_73' title='bbox 596 1201 732 1245; x_wconf 89' lang='lat' dir='ltr'><strong>esse</strong></span> <span class='ocrx_word' id='word_1_74' title='bbox 759 1178 839 1246; x_wconf 93' lang='lat' dir='ltr'><strong>de</strong></span> <span class='ocrx_word' id='word_1_75' title='bbox 868 1179 1219 1246; x_wconf 87' lang='lat' dir='ltr'><strong>substantia</strong></span> <span class='ocrx_word' id='word_1_76' title='bbox 1248 1179 1434 1267; x_wconf 81' lang='lat' dir='ltr'><strong>legis,</strong></span> <span class='ocrx_word' id='word_1_77' title='bbox 1460 1179 1735 1247; x_wconf 88' lang='lat' dir='ltr'><strong>sustinet</strong></span> <span class='ocrx_word' id='word_1_78' title='bbox 1769 1178 2193 1269; x_wconf 88' lang='lat' dir='ltr'><strong>Ceccoperius</strong></span> <span class='ocrx_word' id='word_1_79' title='bbox 2223 1180 2401 1247; x_wconf 87' lang='lat' dir='ltr'><strong>illam</strong></span> <span class='ocrx_word' id='word_1_80' title='bbox 2434 1202 2572 1249; x_wconf 91' lang='lat' dir='ltr'><strong>esse</strong></span> 
     </span>
     <span class='ocr_line' id='line_1_10' title="bbox 271 1285 2569 1377; baseline 0.002 -25"><span class='ocrx_word' id='word_1_81' title='bbox 271 1286 699 1352; x_wconf 88' lang='lat' dir='ltr'><strong>necessariam</strong></span> <span class='ocrx_word' id='word_1_82' title='bbox 744 1307 858 1375; x_wconf 85' lang='lat' dir='ltr'><strong>pro</strong></span> <span class='ocrx_word' id='word_1_83' title='bbox 915 1286 1163 1352; x_wconf 89' lang='lat' dir='ltr'><strong>statutis</strong></span> <span class='ocrx_word' id='word_1_84' title='bbox 1215 1306 1359 1374; x_wconf 85' lang='lat' dir='ltr'><strong>quae</strong></span> <span class='ocrx_word' id='word_1_85' title='bbox 1413 1285 1583 1353; x_wconf 90' lang='lat' dir='ltr'><strong>fiunt</strong></span> <span class='ocrx_word' id='word_1_86' title='bbox 1634 1286 1715 1353; x_wconf 88' lang='lat' dir='ltr'><strong>ab</strong></span> <span class='ocrx_word' id='word_1_87' title='bbox 1765 1285 2187 1353; x_wconf 78' lang='lat' dir='ltr'><strong>inferioribus</strong></span> <span class='ocrx_word' id='word_1_88' title='bbox 2250 1286 2569 1377; x_wconf 82' lang='lat' dir='ltr'><strong>principis</strong></span> 
     </span>
     <span class='ocr_line' id='line_1_11' title="bbox 271 1390 1144 1481; baseline 0.002 -26"><span class='ocrx_word' id='word_1_89' title='bbox 271 1395 329 1456; x_wconf 94' lang='lat' dir='ltr'><strong>et</strong></span> <span class='ocrx_word' id='word_1_90' title='bbox 351 1390 710 1481; x_wconf 79' lang='lat' dir='ltr'><strong>specialiter</strong></span> <span class='ocrx_word' id='word_1_91' title='bbox 729 1413 766 1457; x_wconf 88' lang='lat' dir='ltr'><strong>a</strong></span> <span class='ocrx_word' id='word_1_92' title='bbox 792 1390 1144 1461; x_wconf 84' lang='lat' dir='ltr'><strong>canonicis.</strong></span> 
     </span>
    </p>

    <p class='ocr_par' dir='ltr' id='par_1_4' title="bbox 279 1492 2573 1905">
     <span class='ocr_line' id='line_1_12' title="bbox 362 1492 2570 1564; baseline 0.002 -5"><span class='ocrx_word' id='word_1_93' title='bbox 362 1520 394 1559; x_wconf 92' lang='lat'>«</span> <span class='ocrx_word' id='word_1_94' title='bbox 432 1495 681 1563; x_wconf 88' lang='lat' dir='ltr'><strong>Omnes</strong></span> <span class='ocrx_word' id='word_1_95' title='bbox 720 1496 1226 1563; x_wconf 85' lang='lat' dir='ltr'><strong>consuetudines·</strong></span> <span class='ocrx_word' id='word_1_96' title='bbox 1257 1494 1540 1564; x_wconf 72' lang='lat' dir='ltr'><strong>ecclesiae</strong></span> <span class='ocrx_word' id='word_1_97' title='bbox 1579 1494 1833 1562; x_wconf 91' lang='lat' dir='ltr'><strong>bonum</strong></span> <span class='ocrx_word' id='word_1_98' title='bbox 1871 1495 2069 1562; x_wconf 90' lang='lat' dir='ltr'><strong>etiam</strong></span> <span class='ocrx_word' id='word_1_99' title='bbox 2107 1492 2230 1562; x_wconf 88' lang='lat' dir='ltr'><strong>erit</strong></span> <span class='ocrx_word' id='word_1_100' title='bbox 2278 1495 2349 1561; x_wconf 93' lang='lat' dir='ltr'><strong>in</strong></span> <span class='ocrx_word' id='word_1_101' title='bbox 2400 1494 2570 1564; x_wconf 88' lang='lat' dir='ltr'><strong>libro</strong></span> 
     </span>
     <span class='ocr_line' id='line_1_13' title="bbox 280 1601 2573 1692; baseline 0.003 -28"><span class='ocrx_word' id='word_1_102' title='bbox 280 1626 310 1664; x_wconf 93' lang='lat'>«</span> <span class='ocrx_word' id='word_1_103' title='bbox 350 1601 741 1685; x_wconf 88' lang='lat' dir='ltr'><strong>describere,</strong></span> <span class='ocrx_word' id='word_1_104' title='bbox 784 1624 866 1669; x_wconf 91' lang='lat' dir='ltr'><strong>ne</strong></span> <span class='ocrx_word' id='word_1_105' title='bbox 907 1603 989 1669; x_wconf 88' lang='lat' dir='ltr'><strong>sit</strong></span> <span class='ocrx_word' id='word_1_106' title='bbox 1029 1603 1098 1670; x_wconf 92' lang='lat' dir='ltr'><strong>in</strong></span> <span class='ocrx_word' id='word_1_107' title='bbox 1126 1608 1426 1692; x_wconf 85' lang='lat' dir='ltr'><strong>potestate</strong></span> <span class='ocrx_word' id='word_1_108' title='bbox 1448 1603 1730 1692; x_wconf 87' lang='lat' dir='ltr'><strong>alicujus</strong></span> <span class='ocrx_word' id='word_1_109' title='bbox 1753 1601 1914 1669; x_wconf 84' lang='lat' dir='ltr'><strong>salso</strong></span> <span class='ocrx_word' id='word_1_110' title='bbox 1955 1601 2233 1690; x_wconf 83' lang='lat' dir='ltr'><strong>allegare</strong></span> <span class='ocrx_word' id='word_1_111' title='bbox 2295 1622 2573 1670; x_wconf 86' lang='lat' dir='ltr'><strong>consue-</strong></span> 
     </span>
     <span class='ocr_line' id='line_1_14' title="bbox 279 1706 2570 1798; baseline 0.001 -26"><span class='ocrx_word' id='word_1_112' title='bbox 279 1736 307 1773; x_wconf 87' lang='lat'>«</span> <span class='ocrx_word' id='word_1_113' title='bbox 353 1710 691 1788; x_wconf 92' lang='lat' dir='ltr'><strong>tudinem;</strong></span> <span class='ocrx_word' id='word_1_114' title='bbox 724 1706 831 1776; x_wconf 83' lang='lat' dir='ltr'><strong>sed</strong></span> <span class='ocrx_word' id='word_1_115' title='bbox 879 1709 1179 1776; x_wconf 88' lang='lat' dir='ltr'><strong>hoc.non</strong></span> <span class='ocrx_word' id='word_1_116' title='bbox 1217 1716 1311 1778; x_wconf 87' lang='lat' dir='ltr'><strong>est</strong></span> <span class='ocrx_word' id='word_1_117' title='bbox 1361 1712 1825 1793; x_wconf 89' lang='lat' dir='ltr'><strong>necessarium,</strong></span> <span class='ocrx_word' id='word_1_118' title='bbox 1873 1708 2030 1798; x_wconf 86' lang='lat' dir='ltr'><strong>quia</strong></span> <span class='ocrx_word' id='word_1_119' title='bbox 2077 1707 2370 1796; x_wconf 83' lang='lat' dir='ltr'><strong>obligant</strong></span> <span class='ocrx_word' id='word_1_120' title='bbox 2415 1708 2570 1777; x_wconf 87' lang='lat' dir='ltr'><strong>licet</strong></span> 
     </span>
     <span class='ocr_line' id='line_1_15' title="bbox 280 1814 1020 1905; baseline 0.005 -29"><span class='ocrx_word' id='word_1_121' title='bbox 280 1837 309 1876; x_wconf 97' lang='lat'>«</span> <span class='ocrx_word' id='word_1_122' title='bbox 351 1834 482 1880; x_wconf 92' lang='lat' dir='ltr'><strong>non</strong></span> <span class='ocrx_word' id='word_1_123' title='bbox 516 1814 650 1881; x_wconf 87' lang='lat' dir='ltr'><strong>sint</strong></span> <span class='ocrx_word' id='word_1_124' title='bbox 678 1817 956 1905; x_wconf 71' lang='lat' dir='ltr'><strong>scriptae.</strong></span> <span class='ocrx_word' id='word_1_125' title='bbox 986 1841 1020 1880; x_wconf 89' lang='lat'>»</span> 
     </span>
    </p>

    <p class='ocr_par' dir='ltr' id='par_1_5' title="bbox 275 1918 2568 2222">
     <span class='ocr_line' id='line_1_16' title="bbox 355 1918 2568 2011; baseline 0.002 -29"><span class='ocrx_word' id='word_1_126' title='bbox 355 1943 389 1982; x_wconf 93' lang='lat'>«</span> <span class='ocrx_word' id='word_1_127' title='bbox 430 1918 945 1989; x_wconf 88' lang='lat' dir='ltr'><strong>Consuetudines</strong></span> <span class='ocrx_word' id='word_1_128' title='bbox 984 1921 1237 2011; x_wconf 81' lang='lat' dir='ltr'><strong>scriptae</strong></span> <span class='ocrx_word' id='word_1_129' title='bbox 1288 1941 1420 1988; x_wconf 91' lang='lat' dir='ltr'><strong>non</strong></span> <span class='ocrx_word' id='word_1_130' title='bbox 1467 1925 1789 1989; x_wconf 87' lang='lat' dir='ltr'><strong>vocantur</strong></span> <span class='ocrx_word' id='word_1_131' title='bbox 1846 1926 2108 1996; x_wconf 68' lang='lat' dir='ltr'><strong>statum,</strong></span> <span class='ocrx_word' id='word_1_132' title='bbox 2151 1919 2263 1985; x_wconf 90' lang='lat' dir='ltr'><strong>sed</strong></span> <span class='ocrx_word' id='word_1_133' title='bbox 2312 1940 2568 2009; x_wconf 85' lang='lat' dir='ltr'><strong>semper</strong></span> 
     </span>
     <span class='ocr_line' id='line_1_17' title="bbox 275 2025 2567 2116; baseline 0.003 -28"><span class='ocrx_word' id='word_1_134' title='bbox 275 2051 306 2088; x_wconf 95' lang='lat'>«</span> <span class='ocrx_word' id='word_1_135' title='bbox 346 2033 689 2094; x_wconf 88' lang='lat' dir='ltr'><strong>remanent</strong></span> <span class='ocrx_word' id='word_1_136' title='bbox 713 2027 786 2092; x_wconf 87' lang='lat' dir='ltr'><strong>in</strong></span> <span class='ocrx_word' id='word_1_137' title='bbox 815 2049 931 2094; x_wconf 88' lang='lat' dir='ltr'><strong>sua</strong></span> <span class='ocrx_word' id='word_1_138' title='bbox 960 2027 1197 2116; x_wconf 86' lang='lat' dir='ltr'><strong>specie,</strong></span> <span class='ocrx_word' id='word_1_139' title='bbox 1230 2026 1357 2093; x_wconf 88' lang='lat' dir='ltr'><strong>nisi</strong></span> <span class='ocrx_word' id='word_1_140' title='bbox 1387 2032 1701 2094; x_wconf 87' lang='lat' dir='ltr'><strong>statutum</strong></span> <span class='ocrx_word' id='word_1_141' title='bbox 1740 2027 2082 2094; x_wconf 89' lang='lat' dir='ltr'><strong>mandaret</strong></span> <span class='ocrx_word' id='word_1_142' title='bbox 2104 2025 2349 2094; x_wconf 84' lang='lat' dir='ltr'><strong>servari</strong></span> <span class='ocrx_word' id='word_1_143' title='bbox 2374 2026 2567 2094; x_wconf 89' lang='lat' dir='ltr'><strong>talem</strong></span> 
     </span>
     <span class='ocr_line' id='line_1_18' title="bbox 277 2131 2075 2222; baseline 0.002 -29"><span class='ocrx_word' id='word_1_144' title='bbox 277 2157 309 2195; x_wconf 91' lang='lat'>«</span> <span class='ocrx_word' id='word_1_145' title='bbox 353 2133 918 2217; x_wconf 86' lang='lat' dir='ltr'><strong>consuetudinem,</strong></span> <span class='ocrx_word' id='word_1_146' title='bbox 941 2135 1096 2222; x_wconf 87' lang='lat' dir='ltr'><strong>quia</strong></span> <span class='ocrx_word' id='word_1_147' title='bbox 1113 2138 1275 2200; x_wconf 88' lang='lat' dir='ltr'><strong>tunc</strong></span> <span class='ocrx_word' id='word_1_148' title='bbox 1295 2133 1567 2201; x_wconf 87' lang='lat' dir='ltr'><strong>assumit</strong></span> <span class='ocrx_word' id='word_1_149' title='bbox 1589 2133 1727 2199; x_wconf 83' lang='lat' dir='ltr'><strong>vim</strong></span> <span class='ocrx_word' id='word_1_150' title='bbox 1757 2131 2005 2199; x_wconf 88' lang='lat' dir='ltr'><strong>statuti.</strong></span> <span class='ocrx_word' id='word_1_151' title='bbox 2038 2155 2075 2195; x_wconf 68' lang='lat' dir='ltr'><strong>n</strong></span> 
     </span>
    </p>

    <p class='ocr_par' dir='ltr' id='par_1_6' title="bbox 275 2235 2570 2650">
     <span class='ocr_line' id='line_1_19' title="bbox 371 2235 2570 2327; baseline 0.001 -28"><span class='ocrx_word' id='word_1_152' title='bbox 371 2261 405 2298; x_wconf 90' lang='lat'>«</span> <span class='ocrx_word' id='word_1_153' title='bbox 432 2235 543 2302; x_wconf 87' lang='lat' dir='ltr'><strong>Ne</strong></span> <span class='ocrx_word' id='word_1_154' title='bbox 577 2237 811 2325; x_wconf 88' lang='lat' dir='ltr'><strong>aliquis</strong></span> <span class='ocrx_word' id='word_1_155' title='bbox 836 2261 913 2304; x_wconf 85' lang='lat' dir='ltr'><strong>ex</strong></span> <span class='ocrx_word' id='word_1_156' title='bbox 953 2240 1287 2305; x_wconf 87' lang='lat' dir='ltr'><strong>canonicis</strong></span> <span class='ocrx_word' id='word_1_157' title='bbox 1324 2241 1574 2304; x_wconf 82' lang='lat' dir='ltr'><strong>noviter</strong></span> <span class='ocrx_word' id='word_1_158' title='bbox 1603 2237 1887 2327; x_wconf 88' lang='lat' dir='ltr'><strong>receptis</strong></span> <span class='ocrx_word' id='word_1_159' title='bbox 1935 2236 2135 2325; x_wconf 87' lang='lat' dir='ltr'><strong>possit</strong></span> <span class='ocrx_word' id='word_1_160' title='bbox 2162 2237 2473 2322; x_wconf 87' lang='lat' dir='ltr'><strong>conqueri</strong></span> <span class='ocrx_word' id='word_1_161' title='bbox 2500 2255 2570 2302; x_wconf 85' lang='lat' dir='ltr'><strong>se</strong></span> 
     </span>
     <span class='ocr_line' id='line_1_20' title="bbox 277 2339 2570 2429; baseline 0.001 -24"><span class='ocrx_word' id='word_1_162' title='bbox 277 2367 311 2406; x_wconf 93' lang='lat'>«</span> <span class='ocrx_word' id='word_1_163' title='bbox 351 2341 608 2409; x_wconf 90' lang='lat' dir='ltr'><strong>realiter</strong></span> <span class='ocrx_word' id='word_1_164' title='bbox 635 2363 768 2410; x_wconf 91' lang='lat' dir='ltr'><strong>non</strong></span> <span class='ocrx_word' id='word_1_165' title='bbox 815 2343 1115 2410; x_wconf 86' lang='lat' dir='ltr'><strong>habuisse</strong></span> <span class='ocrx_word' id='word_1_166' title='bbox 1145 2348 1530 2410; x_wconf 87' lang='lat' dir='ltr'><strong>statutorum</strong></span> <span class='ocrx_word' id='word_1_167' title='bbox 1579 2342 1905 2423; x_wconf 88' lang='lat' dir='ltr'><strong>notitiam,</strong></span> <span class='ocrx_word' id='word_1_168' title='bbox 1942 2341 2156 2408; x_wconf 89' lang='lat' dir='ltr'><strong>solent</strong></span> <span class='ocrx_word' id='word_1_169' title='bbox 2183 2341 2253 2406; x_wconf 92' lang='lat' dir='ltr'><strong>in</strong></span> <span class='ocrx_word' id='word_1_170' title='bbox 2286 2339 2570 2429; x_wconf 90' lang='lat' dir='ltr'><strong>capitulo</strong></span> 
     </span>
     <span class='ocr_line' id='line_1_21' title="bbox 277 2449 2564 2542; baseline 0.001 -28"><span class='ocrx_word' id='word_1_171' title='bbox 277 2477 309 2516; x_wconf 92' lang='lat'>«</span> <span class='ocrx_word' id='word_1_172' title='bbox 355 2449 545 2517; x_wconf 87' lang='lat' dir='ltr'><strong>bisin</strong></span> <span class='ocrx_word' id='word_1_173' title='bbox 566 2472 739 2518; x_wconf 88' lang='lat' dir='ltr'><strong>anno</strong></span> <span class='ocrx_word' id='word_1_174' title='bbox 769 2450 984 2541; x_wconf 85' lang='lat' dir='ltr'><strong>legi...</strong></span> <span class='ocrx_word' id='word_1_175' title='bbox 1029 2450 1108 2518; x_wconf 91' lang='lat' dir='ltr'><strong>Et</strong></span> <span class='ocrx_word' id='word_1_176' title='bbox 1135 2456 1470 2542; x_wconf 89' lang='lat' dir='ltr'><strong>propterea</strong></span> <span class='ocrx_word' id='word_1_177' title='bbox 1495 2452 1564 2518; x_wconf 93' lang='lat' dir='ltr'><strong>in</strong></span> <span class='ocrx_word' id='word_1_178' title='bbox 1605 2452 1920 2519; x_wconf 88' lang='lat' dir='ltr'><strong>canonico</strong></span> <span class='ocrx_word' id='word_1_179' title='bbox 1940 2449 2266 2539; x_wconf 85' lang='lat' dir='ltr'><strong>allegante</strong></span> <span class='ocrx_word' id='word_1_180' title='bbox 2291 2453 2457 2516; x_wconf 87' lang='lat' dir='ltr'><strong>statu</strong></span> <span class='ocrx_word' id='word_1_181' title='bbox 2470 2455 2564 2516; x_wconf 91' lang='lat' dir='ltr'><strong>to·</strong></span> 
     </span>
     <span class='ocr_line' id='line_1_22' title="bbox 275 2558 1767 2650; baseline 0.002 -31"><span class='ocrx_word' id='word_1_182' title='bbox 275 2584 307 2620; x_wconf 91' lang='lat'>«</span> <span class='ocrx_word' id='word_1_183' title='bbox 353 2580 503 2625; x_wconf 91' lang='lat' dir='ltr'><strong>rum</strong></span> <span class='ocrx_word' id='word_1_184' title='bbox 529 2560 989 2647; x_wconf 83' lang='lat' dir='ltr'><strong>ignorantiam,</strong></span> <span class='ocrx_word' id='word_1_185' title='bbox 1024 2561 1439 2650; x_wconf 75' lang='lat' dir='ltr'><strong>praesumitur</strong></span> <span class='ocrx_word' id='word_1_186' title='bbox 1476 2558 1691 2625; x_wconf 80' lang='lat' dir='ltr'><strong>dolus,</strong></span> <span class='ocrx_word' id='word_1_187' title='bbox 1732 2584 1767 2622; x_wconf 71' lang='lat' dir='ltr'><strong>n</strong></span> 
     </span>
    </p>

    <p class='ocr_par' dir='ltr' id='par_1_7' title="bbox 276 2662 2570 3171">
     <span class='ocr_line' id='line_1_23' title="bbox 363 2662 2569 2757; baseline -0 -29"><span class='ocrx_word' id='word_1_188' title='bbox 363 2692 398 2729; x_wconf 90' lang='lat'>«</span> <span class='ocrx_word' id='word_1_189' title='bbox 442 2664 814 2755; x_wconf 87' lang='lat' dir='ltr'><strong>Capitulum</strong></span> <span class='ocrx_word' id='word_1_190' title='bbox 856 2667 1053 2733; x_wconf 87' lang='lat' dir='ltr'><strong>etiam</strong></span> <span class='ocrx_word' id='word_1_191' title='bbox 1105 2667 1185 2734; x_wconf 89' lang='lat' dir='ltr'><strong>de</strong></span> <span class='ocrx_word' id='word_1_192' title='bbox 1222 2688 1516 2757; x_wconf 85' lang='lat' dir='ltr'><strong>expresso</strong></span> <span class='ocrx_word' id='word_1_193' title='bbox 1554 2664 1861 2755; x_wconf 91' lang='lat' dir='ltr'><strong>Episcopi</strong></span> <span class='ocrx_word' id='word_1_194' title='bbox 1914 2684 2179 2732; x_wconf 89' lang='lat' dir='ltr'><strong>assensu</strong></span> <span class='ocrx_word' id='word_1_195' title='bbox 2229 2685 2363 2729; x_wconf 91' lang='lat' dir='ltr'><strong>non</strong></span> <span class='ocrx_word' id='word_1_196' title='bbox 2394 2662 2569 2728; x_wconf 79' lang='lat' dir='ltr'><strong>valet</strong></span> 
     </span>
     <span class='ocr_line' id='line_1_24' title="bbox 280 2767 2565 2861; baseline 0 -31"><span class='ocrx_word' id='word_1_197' title='bbox 280 2793 316 2831; x_wconf 91' lang='lat'>«</span> <span class='ocrx_word' id='word_1_198' title='bbox 360 2769 712 2855; x_wconf 83' lang='lat' dir='ltr'><strong>quidquam</strong></span> <span class='ocrx_word' id='word_1_199' title='bbox 741 2777 1017 2838; x_wconf 86' lang='lat' dir='ltr'><strong>statuere</strong></span> <span class='ocrx_word' id='word_1_200' title='bbox 1046 2774 1216 2860; x_wconf 88' lang='lat' dir='ltr'><strong>quod</strong></span> <span class='ocrx_word' id='word_1_201' title='bbox 1250 2796 1405 2839; x_wconf 91' lang='lat' dir='ltr'><strong>cum</strong></span> <span class='ocrx_word' id='word_1_202' title='bbox 1441 2775 1591 2861; x_wconf 84' lang='lat' dir='ltr'><strong>jure</strong></span> <span class='ocrx_word' id='word_1_203' title='bbox 1622 2769 1955 2860; x_wconf 88' lang='lat' dir='ltr'><strong>pontificio</strong></span> <span class='ocrx_word' id='word_1_204' title='bbox 1999 2773 2251 2858; x_wconf 82' lang='lat' dir='ltr'><strong>pugnet</strong></span> <span class='ocrx_word' id='word_1_205' title='bbox 2282 2767 2448 2855; x_wconf 87' lang='lat' dir='ltr'><strong>(cap.</strong></span> <span class='ocrx_word' id='word_1_206' title='bbox 2480 2769 2565 2832; x_wconf 81' lang='lat' dir='ltr'><strong>In</strong></span> 
     </span>
     <span class='ocr_line' id='line_1_25' title="bbox 281 2870 2570 2967; baseline 0.001 -31"><span class='ocrx_word' id='word_1_207' title='bbox 281 2897 316 2936; x_wconf 91' lang='lat'>«</span> <span class='ocrx_word' id='word_1_208' title='bbox 361 2883 615 2955; x_wconf 79' lang='lat' dir='ltr'><strong>sancta,</strong></span> <span class='ocrx_word' id='word_1_209' title='bbox 642 2874 709 2954; x_wconf 75' lang='lat'><strong>2,</strong></span> <span class='ocrx_word' id='word_1_210' title='bbox 732 2883 958 2961; x_wconf 82' lang='lat' dir='ltr'><strong>quaest.</strong></span> <span class='ocrx_word' id='word_1_211' title='bbox 981 2876 1046 2963; x_wconf 73' lang='lat'><strong>2)</strong></span> <span class='ocrx_word' id='word_1_212' title='bbox 1063 2926 1077 2940; x_wconf 90' lang='lat'><strong>.</strong></span> <span class='ocrx_word' id='word_1_213' title='bbox 1104 2877 1244 2943; x_wconf 89' lang='lat' dir='ltr'><strong>Nec</strong></span> <span class='ocrx_word' id='word_1_214' title='bbox 1286 2875 1421 2967; x_wconf 83' lang='lat' dir='ltr'><strong>ipse</strong></span> <span class='ocrx_word' id='word_1_215' title='bbox 1450 2876 1821 2964; x_wconf 88' lang='lat' dir='ltr'><strong>Episcopus</strong></span> <span class='ocrx_word' id='word_1_216' title='bbox 1849 2878 2054 2961; x_wconf 89' lang='lat' dir='ltr'><strong>potest</strong></span> <span class='ocrx_word' id='word_1_217' title='bbox 2078 2870 2570 2939; x_wconf 85' lang='lat' dir='ltr'><strong>constitutiones</strong></span> 
     </span>
     <span class='ocr_line' id='line_1_26' title="bbox 278 2973 2565 3065; baseline 0.001 -25"><span class='ocrx_word' id='word_1_218' title='bbox 278 3002 311 3040; x_wconf 90' lang='lat'>«</span> <span class='ocrx_word' id='word_1_219' title='bbox 362 2976 571 3042; x_wconf 84' lang='lat' dir='ltr'><strong>facere</strong></span> <span class='ocrx_word' id='word_1_220' title='bbox 642 2977 778 3065; x_wconf 85' lang='lat' dir='ltr'><strong>juri</strong></span> <span class='ocrx_word' id='word_1_221' title='bbox 845 2977 1166 3052; x_wconf 86' lang='lat' dir='ltr'><strong>canonico</strong></span> <span class='ocrx_word' id='word_1_222' title='bbox 1230 2980 1656 3045; x_wconf 81' lang='lat' dir='ltr'><strong>adversantes.</strong></span> <span class='ocrx_word' id='word_1_223' title='bbox 1716 2975 2005 3063; x_wconf 82' lang='lat' dir='ltr'><strong>(Fragosi</strong></span> <span class='ocrx_word' id='word_1_224' title='bbox 2060 2975 2109 3043; x_wconf 90' lang='lat' dir='ltr'><strong>l.</strong></span> <span class='ocrx_word' id='word_1_225' title='bbox 2164 2974 2226 3056; x_wconf 89' lang='lat'><strong>1,</strong></span> <span class='ocrx_word' id='word_1_226' title='bbox 2288 2973 2443 3041; x_wconf 91' lang='lat' dir='ltr'><strong>dub.</strong></span> <span class='ocrx_word' id='word_1_227' title='bbox 2504 2977 2565 3059; x_wconf 89' lang='lat'><strong>1,</strong></span> 
     </span>
     <span class='ocr_line' id='line_1_27' title="bbox 276 3080 795 3171; baseline 0.006 -26"><span class='ocrx_word' id='word_1_228' title='bbox 276 3108 309 3146; x_wconf 94' lang='lat'>«</span> <span class='ocrx_word' id='word_1_229' title='bbox 355 3091 428 3149; x_wconf 85' lang='lat' dir='ltr'><strong>n⁰</strong></span> <span class='ocrx_word' id='word_1_230' title='bbox 454 3080 568 3161; x_wconf 72' lang='lat'><strong>48,</strong></span> <span class='ocrx_word' id='word_1_231' title='bbox 596 3087 646 3148; x_wconf 51' lang='lat' dir='ltr'><strong>t,</strong></span> <span class='ocrx_word' id='word_1_232' title='bbox 682 3080 795 3171; x_wconf 89' lang='lat' dir='ltr'><strong>ll.)</strong></span> 
     </span>
    </p>

    <p class='ocr_par' dir='ltr' id='par_1_8' title="bbox 276 3186 2563 3469">
     <span class='ocr_line' id='line_1_28' title="bbox 361 3186 2563 3277; baseline 0.002 -25"><span class='ocrx_word' id='word_1_233' title='bbox 361 3213 397 3252; x_wconf 91' lang='lat'>«</span> <span class='ocrx_word' id='word_1_234' title='bbox 442 3186 716 3255; x_wconf 90' lang='lat' dir='ltr'><strong>Possunt</strong></span> <span class='ocrx_word' id='word_1_235' title='bbox 738 3209 892 3256; x_wconf 88' lang='lat' dir='ltr'><strong>vero</strong></span> <span class='ocrx_word' id='word_1_236' title='bbox 914 3188 1234 3271; x_wconf 89' lang='lat' dir='ltr'><strong>canonici,</strong></span> <span class='ocrx_word' id='word_1_237' title='bbox 1257 3194 1586 3256; x_wconf 89' lang='lat' dir='ltr'><strong>annuente</strong></span> <span class='ocrx_word' id='word_1_238' title='bbox 1604 3187 1948 3277; x_wconf 84' lang='lat' dir='ltr'><strong>Episcopo,</strong></span> <span class='ocrx_word' id='word_1_239' title='bbox 1976 3193 2200 3253; x_wconf 86' lang='lat' dir='ltr'><strong>contra</strong></span> <span class='ocrx_word' id='word_1_240' title='bbox 2229 3187 2563 3274; x_wconf 82' lang='lat' dir='ltr'><strong>synodicas</strong></span> 
     </span>
     <span class='ocr_line' id='line_1_29' title="bbox 276 3294 2563 3415; baseline 0.003 -57"><span class='ocrx_word' id='word_1_241' title='bbox 276 3319 308 3360; x_wconf 91' lang='lat'>«</span> <span class='ocrx_word' id='word_1_242' title='bbox 355 3294 782 3376; x_wconf 87' lang='lat' dir='ltr'><strong>sanctiones,</strong></span> <span class='ocrx_word' id='word_1_243' title='bbox 755 3294 896 3384; x_wconf 67' lang='lat' dir='ltr'><strong>¹juri</strong></span> <span class='ocrx_word' id='word_1_244' title='bbox 925 3294 1238 3363; x_wconf 86' lang='lat' dir='ltr'><strong>canonico</strong></span> <span class='ocrx_word' id='word_1_245' title='bbox 1267 3316 1400 3364; x_wconf 88' lang='lat' dir='ltr'><strong>non</strong></span> <span class='ocrx_word' id='word_1_246' title='bbox 1424 3294 1803 3406; x_wconf 79' lang='lat' dir='ltr'><strong>contrariaS,</strong></span> <span class='ocrx_word' id='word_1_247' title='bbox 1834 3298 2134 3415; x_wconf 82' lang='lat' dir='ltr'><strong>statuere,</strong></span> <span class='ocrx_word' id='word_1_248' title='bbox 2169 3298 2231 3361; x_wconf 87' lang='lat' dir='ltr'><strong>et</strong></span> <span class='ocrx_word' id='word_1_249' title='bbox 2249 3299 2563 3365; x_wconf 86' lang='lat' dir='ltr'><strong>statutum</strong></span> 
     </span>
     <span class='ocr_line' id='line_1_30' title="bbox 276 3402 1014 3469; baseline 0 -4"><span class='ocrx_word' id='word_1_250' title='bbox 276 3426 307 3465; x_wconf 91' lang='lat'>«</span> <span class='ocrx_word' id='word_1_251' title='bbox 343 3406 509 3469; x_wconf 85' lang='lat' dir='ltr'><strong>esset</strong></span> <span class='ocrx_word' id='word_1_252' title='bbox 534 3402 949 3469; x_wconf 88' lang='lat' dir='ltr'><strong>servandum.</strong></span> <span class='ocrx_word' id='word_1_253' title='bbox 978 3425 1014 3466; x_wconf 86' lang='lat'>»</span> 
     </span>
    </p>

    <p class='ocr_par' dir='ltr' id='par_1_9' title="bbox 274 3506 2568 3702">
     <span class='ocr_line' id='line_1_31' title="bbox 362 3506 2568 3598; baseline 0 -28"><span class='ocrx_word' id='word_1_254' title='bbox 362 3532 397 3571; x_wconf 92' lang='lat'>«</span> <span class='ocrx_word' id='word_1_255' title='bbox 441 3506 753 3587; x_wconf 85' lang='lat' dir='ltr'><strong>Quamvis</strong></span> <span class='ocrx_word' id='word_1_256' title='bbox 789 3506 1147 3597; x_wconf 87' lang='lat' dir='ltr'><strong>capitulum</strong></span> <span class='ocrx_word' id='word_1_257' title='bbox 1195 3513 1469 3576; x_wconf 85' lang='lat' dir='ltr'><strong>statuere</strong></span> <span class='ocrx_word' id='word_1_258' title='bbox 1508 3513 1786 3598; x_wconf 91' lang='lat' dir='ltr'><strong>nequeat</strong></span> <span class='ocrx_word' id='word_1_259' title='bbox 1813 3514 2041 3576; x_wconf 87' lang='lat' dir='ltr'><strong>contra</strong></span> <span class='ocrx_word' id='word_1_260' title='bbox 2074 3506 2255 3597; x_wconf 81' lang='lat' dir='ltr'><strong>leges</strong></span> <span class='ocrx_word' id='word_1_261' title='bbox 2293 3508 2568 3596; x_wconf 82' lang='lat' dir='ltr'><strong>pontifi-</strong></span> 
     </span>
     <span class='ocr_line' id='line_1_32' title="bbox 274 3613 2561 3702; baseline -0 -28"><span class='ocrx_word' id='word_1_262' title='bbox 274 3638 305 3675; x_wconf 89' lang='lat'>«</span> <span class='ocrx_word' id='word_1_263' title='bbox 346 3613 504 3699; x_wconf 76' lang='lat' dir='ltr'><strong>ciaS‚</strong></span> <span class='ocrx_word' id='word_1_264' title='bbox 536 3618 740 3702; x_wconf 89' lang='lat' dir='ltr'><strong>potest</strong></span> <span class='ocrx_word' id='word_1_265' title='bbox 761 3617 977 3679; x_wconf 87' lang='lat' dir='ltr'><strong>tamen</strong></span> <span class='ocrx_word' id='word_1_266' title='bbox 1007 3614 1311 3682; x_wconf 88' lang='lat' dir='ltr'><strong>adversus</strong></span> <span class='ocrx_word' id='word_1_267' title='bbox 1338 3635 1442 3681; x_wconf 87' lang='lat' dir='ltr'><strong>eas</strong></span> <span class='ocrx_word' id='word_1_268' title='bbox 1479 3615 2019 3682; x_wconf 88' lang='lat' dir='ltr'><strong>consuetudinem</strong></span> <span class='ocrx_word' id='word_1_269' title='bbox 2044 3615 2490 3682; x_wconf 85' lang='lat' dir='ltr'><strong>introducere.</strong></span> <span class='ocrx_word' id='word_1_270' title='bbox 2526 3635 2561 3673; x_wconf 69' lang='lat'><strong>&gt;2</strong></span> 
     </span>
    </p>

    <p class='ocr_par' dir='ltr' id='par_1_10' title="bbox 276 3711 2570 4124">
     <span class='ocr_line' id='line_1_33' title="bbox 364 3711 2563 3809; baseline -0.001 -24"><span class='ocrx_word' id='word_1_271' title='bbox 364 3746 398 3784; x_wconf 88' lang='lat'>«</span> <span class='ocrx_word' id='word_1_272' title='bbox 436 3720 537 3786; x_wconf 90' lang='lat' dir='ltr'><strong>Ad</strong></span> <span class='ocrx_word' id='word_1_273' title='bbox 584 3711 1127 3808; x_wconf 70' lang='lat' dir='ltr'><strong>praescribendam</strong></span> <span class='ocrx_word' id='word_1_274' title='bbox 1178 3722 1724 3788; x_wconf 86' lang='lat' dir='ltr'><strong>consuetudinem</strong></span> <span class='ocrx_word' id='word_1_275' title='bbox 1775 3722 2132 3809; x_wconf 86' lang='lat' dir='ltr'><strong>contrajus</strong></span> <span class='ocrx_word' id='word_1_276' title='bbox 2163 3717 2563 3786; x_wconf 87' lang='lat' dir='ltr'><strong>canonicum</strong></span> 
     </span>
     <span class='ocr_line' id='line_1_34' title="bbox 277 3822 2569 3916; baseline 0.001 -29"><span class='ocrx_word' id='word_1_277' title='bbox 277 3850 311 3888; x_wconf 94' lang='lat'>«</span> <span class='ocrx_word' id='word_1_278' title='bbox 348 3826 623 3913; x_wconf 83' lang='lat' dir='ltr'><strong>exigitur</strong></span> <span class='ocrx_word' id='word_1_279' title='bbox 676 3831 931 3915; x_wconf 87' lang='lat' dir='ltr'><strong>tempus</strong></span> <span class='ocrx_word' id='word_1_280' title='bbox 998 3827 1424 3916; x_wconf 86' lang='lat' dir='ltr'><strong>quadraginta</strong></span> <span class='ocrx_word' id='word_1_281' title='bbox 1501 3849 1837 3895; x_wconf 82' lang='lat' dir='ltr'><strong>annorum</strong></span> <span class='ocrx_word' id='word_1_282' title='bbox 1921 3827 2184 3915; x_wconf 87' lang='lat' dir='ltr'><strong>quando</strong></span> <span class='ocrx_word' id='word_1_283' title='bbox 2257 3823 2354 3889; x_wconf 89' lang='lat' dir='ltr'><strong>lex</strong></span> <span class='ocrx_word' id='word_1_284' title='bbox 2446 3822 2569 3889; x_wconf 87' lang='lat' dir='ltr'><strong>fuit</strong></span> 
     </span>
     <span class='ocr_line' id='line_1_35' title="bbox 276 3929 2570 4021; baseline 0.002 -27"><span class='ocrx_word' id='word_1_285' title='bbox 276 3956 308 3994; x_wconf 92' lang='lat'>«</span> <span class='ocrx_word' id='word_1_286' title='bbox 347 3931 427 3998; x_wconf 84' lang='lat' dir='ltr'><strong>ab</strong></span> <span class='ocrx_word' id='word_1_287' title='bbox 479 3932 662 3998; x_wconf 90' lang='lat' dir='ltr'><strong>initio</strong></span> <span class='ocrx_word' id='word_1_288' title='bbox 713 3938 987 4021; x_wconf 88' lang='lat' dir='ltr'><strong>recepta.</strong></span> <span class='ocrx_word' id='word_1_289' title='bbox 1056 3932 1411 4002; x_wconf 82' lang='lat' dir='ltr'><strong>Sufficiunt</strong></span> <span class='ocrx_word' id='word_1_290' title='bbox 1460 3956 1612 4003; x_wconf 89' lang='lat' dir='ltr'><strong>vero</strong></span> <span class='ocrx_word' id='word_1_291' title='bbox 1664 3934 1897 4003; x_wconf 92' lang='lat' dir='ltr'><strong>decem</strong></span> <span class='ocrx_word' id='word_1_292' title='bbox 1946 3935 2105 4000; x_wconf 84' lang='lat' dir='ltr'><strong>anni</strong></span> <span class='ocrx_word' id='word_1_293' title='bbox 2150 3931 2205 3997; x_wconf 89' lang='lat' dir='ltr'><strong>si</strong></span> <span class='ocrx_word' id='word_1_294' title='bbox 2255 3929 2380 4012; x_wconf 84' lang='lat' dir='ltr'><strong>lex,</strong></span> <span class='ocrx_word' id='word_1_295' title='bbox 2439 3935 2570 3998; x_wconf 88' lang='lat' dir='ltr'><strong>sta-</strong></span> 
     </span>
     <span class='ocr_line' id='line_1_36' title="bbox 279 4033 2249 4124; baseline 0.001 -25"><span class='ocrx_word' id='word_1_296' title='bbox 279 4063 310 4100; x_wconf 90' lang='lat'>«</span> <span class='ocrx_word' id='word_1_297' title='bbox 347 4033 560 4105; x_wconf 88' lang='lat' dir='ltr'><strong>tutum</strong></span> <span class='ocrx_word' id='word_1_298' title='bbox 593 4044 704 4106; x_wconf 87' lang='lat' dir='ltr'><strong>aut</strong></span> <span class='ocrx_word' id='word_1_299' title='bbox 726 4039 1095 4107; x_wconf 89' lang='lat' dir='ltr'><strong>constitutio</strong></span> <span class='ocrx_word' id='word_1_300' title='bbox 1128 4062 1260 4108; x_wconf 92' lang='lat' dir='ltr'><strong>non</strong></span> <span class='ocrx_word' id='word_1_301' title='bbox 1286 4040 1527 4108; x_wconf 83' lang='lat' dir='ltr'><strong>fuerint</strong></span> <span class='ocrx_word' id='word_1_302' title='bbox 1553 4041 1637 4108; x_wconf 89' lang='lat' dir='ltr'><strong>ab</strong></span> <span class='ocrx_word' id='word_1_303' title='bbox 1666 4040 1856 4106; x_wconf 87' lang='lat' dir='ltr'><strong>initio</strong></span> <span class='ocrx_word' id='word_1_304' title='bbox 1904 4042 2180 4124; x_wconf 76' lang='lat' dir='ltr'><strong>recepta.</strong></span> <span class='ocrx_word' id='word_1_305' title='bbox 2214 4061 2249 4100; x_wconf 82' lang='lat'>»</span> 
     </span>
    </p>

    <p class='ocr_par' dir='ltr' id='par_1_11' title="bbox 281 4143 2568 4427">
     <span class='ocr_line' id='line_1_37' title="bbox 365 4143 2567 4237; baseline -0 -32"><span class='ocrx_word' id='word_1_306' title='bbox 365 4169 399 4207; x_wconf 94' lang='lat'>«</span> <span class='ocrx_word' id='word_1_307' title='bbox 434 4144 801 4235; x_wconf 89' lang='lat' dir='ltr'><strong>Capitulum</strong></span> <span class='ocrx_word' id='word_1_308' title='bbox 830 4151 889 4212; x_wconf 91' lang='lat' dir='ltr'><strong>et</strong></span> <span class='ocrx_word' id='word_1_309' title='bbox 917 4147 1214 4214; x_wconf 89' lang='lat' dir='ltr'><strong>canonici</strong></span> <span class='ocrx_word' id='word_1_310' title='bbox 1253 4153 1525 4237; x_wconf 89' lang='lat' dir='ltr'><strong>possunt</strong></span> <span class='ocrx_word' id='word_1_311' title='bbox 1562 4145 1978 4212; x_wconf 89' lang='lat' dir='ltr'><strong>introducere</strong></span> <span class='ocrx_word' id='word_1_312' title='bbox 2030 4143 2567 4211; x_wconf 86' lang='lat' dir='ltr'><strong>consuetudinem</strong></span> 
     </span>
     <span class='ocr_line' id='line_1_38' title="bbox 282 4243 2568 4343; baseline -0.004 -31"><span class='ocrx_word' id='word_1_313' title='bbox 282 4272 315 4312; x_wconf 94' lang='lat'>«</span> <span class='ocrx_word' id='word_1_314' title='bbox 350 4251 552 4318; x_wconf 92' lang='lat' dir='ltr'><strong>multo</strong></span> <span class='ocrx_word' id='word_1_315' title='bbox 574 4252 802 4320; x_wconf 87' lang='lat' dir='ltr'><strong>fortius</strong></span> <span class='ocrx_word' id='word_1_316' title='bbox 831 4259 1062 4343; x_wconf 84' lang='lat' dir='ltr'><strong>praeter</strong></span> <span class='ocrx_word' id='word_1_317' title='bbox 1092 4255 1240 4342; x_wconf 79' lang='lat' dir='ltr'><strong>Jus3</strong></span> <span class='ocrx_word' id='word_1_318' title='bbox 1300 4258 1365 4319; x_wconf 91' lang='lat' dir='ltr'><strong>et</strong></span> <span class='ocrx_word' id='word_1_319' title='bbox 1412 4253 1549 4319; x_wconf 76' lang='lat' dir='ltr'><strong>haec</strong></span> <span class='ocrx_word' id='word_1_320' title='bbox 1584 4251 1821 4318; x_wconf 90' lang='lat' dir='ltr'><strong>decem</strong></span> <span class='ocrx_word' id='word_1_321' title='bbox 1859 4268 2188 4319; x_wconf 86' lang='lat' dir='ltr'><strong>annorum</strong></span> <span class='ocrx_word' id='word_1_322' title='bbox 2224 4243 2568 4316; x_wconf 87' lang='lat' dir='ltr'><strong>intervallo</strong></span> 
     </span>
     <span class='ocr_line' id='line_1_39' title="bbox 281 4358 770 4427; baseline -0.004 -4"><span class='ocrx_word' id='word_1_323' title='bbox 281 4379 311 4417; x_wconf 97' lang='lat'>«</span> <span class='ocrx_word' id='word_1_324' title='bbox 349 4358 770 4427; x_wconf 83' lang='lat' dir='ltr'><strong>inducitur.»</strong></span> 
     </span>
    </p>
   </div>
  </div>
 </body>
</html>
