2930 4982
1169 349 1251 394 ne
1294 348 1621 397 cunnus,
2415 340 2538 398 509

338 475 406 544 3⁰
434 472 554 541 His
580 473 671 540 ita
696 469 1040 548 stantibus,
1067 469 1210 559 jam
1236 467 1514 535 minime
1541 469 1741 536 dubia
1770 474 1862 538 est
1890 470 2271 559 quaestionis
2289 468 2545 538 resolu-

239 581 367 660 tio,
400 579 612 670 quoad
640 576 987 645 liceitatem
1011 579 1073 641 et
1104 573 1390 641 valorem
1419 573 1799 663 hujusmodi
1827 576 2338 644 restrictionum.
2375 574 2544 643 Nam

237 686 367 755 etsi
410 684 569 752 olim
624 683 797 750 inter
840 684 1133 750 auctores
1175 684 1589 748 controversa
1622 701 1724 747 res
1755 680 2055 768 extiterit,
2098 703 2135 749 a
2162 682 2372 750 multo
2400 684 2541 771 jam

235 798 539 882 tempore
564 787 938 857 communis
988 787 1308 855 sententia
1352 785 1694 876 praevaluit
1739 807 1872 853 non
1918 786 2114 854 licere
2172 809 2290 856 nec
2326 790 2541 858 valere

231 895 674 966 restrictiones
697 891 1141 983 jurisdictioni
1159 891 1386 959 vicarii
1416 890 1791 981 capitularis
1818 891 2163 981 appositas.
2204 892 2283 958 Et
2305 916 2540 982 quam-

232 1005 344 1072 vis
369 1002 560 1072 Sacra
590 1000 1016 1089 Congregatio
1057 998 1321 1066 concilii
1362 997 1695 1088 prioribus
1722 1003 1867 1088 post
1905 997 2231 1086 synodum
2271 996 2543 1068 Triden-

235 1108 457 1176 tinam
480 1105 880 1196 temporibus
910 1102 1428 1171 restrictionibus
1464 1102 1716 1189 faverit,
1747 1108 1967 1171 tamen
1997 1103 2061 1169 id
2092 1108 2307 1192 postea
2334 1125 2546 1171 corre·

235 1215 338 1283 xit
374 1218 437 1282 et
481 1213 882 1281 contrarium
910 1232 948 1278 a
999 1210 1208 1278 multo
1258 1214 1550 1299 tempore
1596 1215 1959 1278 constanter
2008 1209 2309 1278 declarat.
2361 1209 2544 1291 Unde

236 1321 422 1389 sicut
443 1319 599 1387 olim
632 1318 716 1385 ob
745 1316 950 1409 ipsius
971 1317 1419 1384 auctoritatem
1450 1316 1751 1406 capitulis
1772 1316 2028 1385 licitum
2063 1318 2188 1384 fuit
2207 1318 2541 1408 praedictas

234 1425 682 1494 restrictiones
711 1443 1057 1514 apponere,
1100 1423 1188 1490 ita
1229 1422 1446 1506 hodie,
1492 1422 1576 1490 ob
1622 1424 1919 1491 eamdem
1966 1425 2440 1514 auctoritatem,
2474 1425 2540 1495 id

234 1532 339 1600 eis
368 1532 567 1599 evasit
593 1529 927 1598 illicitum.
959 1528 1146 1598 Unde
1174 1549 1356 1596 nunc
1384 1549 1581 1596 causa
1609 1528 1876 1597 omnino
1901 1530 2085 1597 finita
2143 1535 2260 1613 est,
2295 1530 2362 1596 id
2420 1536 2538 1617 est,

234 1636 678 1705 restrictiones
730 1634 970 1724 apponi
1020 1633 1195 1700 licite
1247 1654 1381 1700 non
1432 1638 1738 1722 possunt,
1794 1640 1856 1700 et
1905 1636 2207 1726 appositae
2264 1657 2398 1702 non
2452 1641 2543 1703 te-

236 1748 429 1809 nent.
465 1740 591 1810 Sed
619 1744 907 1808 remanet
924 1739 1194 1828 quaestio
1223 1760 1306 1805 an
1338 1737 1567 1805 vitient
1591 1737 1966 1807 electionem
2005 1746 2068 1808 et
2094 1740 2367 1808 reddant
2392 1761 2535 1808 eam

239 1847 529 1915 nullam.

336 1954 404 2019 4.
436 1951 501 2021 Si
529 1973 721 2042 porro
750 1951 1015 2039 aliquod
1045 1949 1409 2038 capitulum
1435 1950 1818 2037 hujusmodi
1842 1950 2259 2020 limitationes
2284 1953 2533 2021 nihilo-

237 2057 474 2126 minus
494 2061 795 2148 apponat,
819 2078 902 2123 an
927 2056 1153 2123 electio
1189 2055 1309 2121 erit
1328 2055 1544 2123 valida
1560 2055 1716 2123 licet
1752 2077 1887 2124 non
1918 2058 2122 2125 valeat
2168 2058 2382 2146 quoad
2407 2081 2534 2126 res-

232 2164 615 2250 trictiones3
652 2185 737 2230 an
777 2184 930 2231 vero
953 2162 1074 2229 erit
1104 2161 1335 2229 nulla?
1361 2200 1451 2212 —
1484 2160 1569 2230 Ut
1596 2162 1805 2230 valida
1834 2164 2091 2231 videtur
2128 2164 2425 2232 habenda
2445 2170 2537 2232 ta·

229 2265 323 2334 lis
349 2267 615 2334 eiectio:
646 2268 1048 2355 emiditiones
1076 2267 1251 2333 enim
1279 2267 1582 2357 appositae
1599 2268 1839 2358 (utpote
1858 2270 1994 2357 jam
2021 2270 2258 2359 dejure
2282 2270 2530 2359 nullae),

228 2374 575 2462 quoddam
605 2379 759 2440 sunt
794 2373 1244 2440 addimentum
1279 2393 1561 2462 *prorsus
1617 2373 1849 2441 inutile
1876 2374 2172 2443 electioni
2225 2397 2533 2464 superve-

232 2480 475 2548 niens:
510 2503 629 2571 pro
685 2481 908 2569 regula
964 2484 1183 2547 autem
1240 2478 1412 2569 apud
1459 2479 1870 2570 jurisperitos
1920 2482 2256 2572 accipitur,
2301 2482 2532 2551 inutile

235 2585 443 2653 alicui
466 2588 637 2653 actui
661 2586 1146 2677 supervenienS,
1183 2606 1316 2652 non
1365 2584 1591 2655 vitiare
1646 2586 1837 2654 illum
1885 2594 2129 2672 actum,
2163 2588 2217 2656 si
2269 2588 2532 2657 aliunde

232 2691 474 2759 habeat
495 2692 803 2781 requisita
826 2692 906 2760 ad
935 2691 1241 2759 valorem.
1274 2689 1460 2759 Unde
1484 2692 1766 2760 vicarius
1794 2694 2166 2784 capitularis
2182 2716 2336 2762 cum
2355 2694 2533 2762 limi-

233 2806 371 2868 tata
392 2802 843 2890 jurisdictione
876 2801 1240 2891 deputatuS,
1289 2800 1344 2868 si
1391 2801 1672 2875 aliunde,
1701 2803 1928 2871 electio
1952 2803 2243 2892 legitime
2272 2808 2531 2894 peracta

233 2906 346 2991 sit,
385 2907 504 2973 has
542 2927 767 2974 omnes
816 2905 1251 2973 restrictiones
1302 2927 1421 2995 pro
1473 2927 1607 2974 non
1656 2908 1964 2998 appositis
2011 2909 2247 2977 habere
2298 2912 2522 2998 potest.

234 3011 607 3079 Prudenter
631 3018 849 3079 tamen
873 3015 1016 3099 aget
1033 3011 1089 3078 si
1127 3011 1342 3078 statim
1376 3011 1454 3078 de
1478 3012 1603 3080 hoc
1638 3014 1977 3081 certiorem
2036 3014 2220 3081 faciat
2262 3012 2526 3082 Sacram

233 3115 825 3206 Congregationem
861 3115 1146 3201 concilii,
1186 3138 1331 3205 quae
1368 3117 1635 3207 plenam
1679 3120 1860 3188 electi
1897 3120 2423 3211 jurisdictionem
2456 3121 2528 3188 in

234 3224 352 3291 tali
404 3245 556 3291 casu
585 3226 978 3291 confirmare¹
1000 3222 1181 3290 solet.

324 3327 609 3396 Videtur
635 3329 724 3397 ita
745 3330 981 3396 sentire
1014 3327 1372 3396 Cardinalis
1399 3328 1481 3396 de
1509 3328 1708 3413 Luca,
1737 3353 1888 3400 cum
1928 3333 2098 3402 dicat
2123 3332 2288 3423 (loco
2330 3332 2524 3401 modo

237 3430 457 3521 citato)
494 3457 511 3499 ε
543 3434 627 3499 Si
648 3457 797 3501 vero
827 3433 1174 3524 deputatio
1203 3435 1295 3502 sit
1341 3433 1601 3520 valida,
1634 3435 1751 3505 sed
1771 3439 1962 3527 facta
2001 3439 2094 3508 sit
2131 3438 2227 3507 ad
2265 3450 2525 3529 tempus

234 3549 355 3605 aut
376 3560 531 3605 cum
556 3539 896 3629 aliquibus
917 3541 1473 3609 restrictionibus,
1488 3592 1504 3609 .
1518 3592 1534 3609 .

321 3640 397 3709 ld
435 3664 584 3711 vero
604 3651 855 3712 certum
874 3650 992 3732 est,
1024 3647 1092 3712 in
1122 3646 1231 3713 tali
1252 3668 1405 3713 casu
1437 3669 1570 3714 non
1592 3648 1844 3718 devolvi
1863 3650 2244 3719 electionem
2272 3650 2353 3718 ad
2375 3669 2523 3716 me-

230 3748 728 3837 tropolitanum,
786 3752 896 3820 sed
946 3753 1419 3821 recurrendum
1470 3755 1550 3823 ad
1607 3753 1870 3825 Sacram
1937 3757 2518 3847 Congregationem

234 3854 520 3922 concilii.
