2930 4982
1164 340 1246 385 nn
1289 339 1617 385 eminus.
2421 335 2545 389 457

260 480 296 525 (ι
340 455 644 523 nieorum
705 457 1055 546 propriam.
1121 457 1303 524 Extat
1358 458 1691 525 decretum
1743 457 1954 526 Sacrae
2011 458 2549 549 Congregatiouis

259 585 295 625 «
341 562 616 644 rituum,
649 561 731 630 ab
753 561 1017 632 Urbano
1045 564 1191 633 Vlll
1217 564 1681 632 confirmatum
1714 569 1778 630 et
1810 565 1997 632 initio
2027 568 2306 634 missalis
2340 569 2550 636 inser-

258 693 295 731 «
338 673 505 750 tum,
540 667 631 737 sic
659 674 939 737 statuens
971 695 986 737 t
1021 670 1424 738 Prohibetur
1449 693 1608 737 usus
1658 670 1961 748 rochetti,
1994 674 2273 763 eaeceptis
2321 685 2548 743 tamen

260 795 297 835 «
342 770 577 860 quibus
598 770 832 860 dejure
855 774 1170 863 competit
1194 796 1215 840 .·
1239 785 1303 841 et
1311 786 1568 865 proeter
1588 773 1710 840 lzoc
1728 775 2055 841 statuitur
2073 789 2134 842 et
2161 776 2550 847 declaratur

257 902 293 942 «
334 877 585 945 nemini
627 879 818 946 licere
866 879 1186 948 inservire
1228 891 1350 946 aut
1380 880 1688 947 assistere
1726 879 1797 946 in
1825 879 2259 950 celebratione
2305 884 2548 953 missa-

255 1008 292 1046 «
337 1006 488 1051 rum
504 996 625 1051 aut
644 983 1027 1053 divinorum
1046 986 1431 1077 officiorum
1446 1009 1599 1053 cum
1610 985 1927 1067 rochetta,
1949 1009 2156 1077 neque
2174 1011 2324 1055 cum
2350 992 2548 1058 Cotta

252 1114 289 1155 ι(
344 1089 698 1158 habentem
748 1093 1047 1160 manicas
1098 1104 1422 1182 anqustas
1473 1092 1567 1160 ad
1604 1092 1824 1160 instar
1878 1093 2165 1161 roclzetti
2177 1114 2208 1177 ,·
2263 1107 2329 1161 et
2380 1094 2551 1165 idem

251 1223 290 1262 «
343 1196 747 1265 servandum
791 1210 886 1267 est
933 1199 1003 1266 in
1047 1199 1485 1266 concionibus.
1525 1225 1561 1263 »

343 1302 489 1370 Non
536 1304 802 1372 omnino
845 1307 1188 1373 concordat
1222 1304 1706 1375 Scarl'antonius
1755 1328 1907 1374 cum
1954 1306 2216 1374 notione
2256 1329 2293 1374 a
2336 1306 2553 1378 Nardo

244 1408 483 1477 tradita
512 1410 683 1478 circa
707 1411 1074 1479 rochettum
1112 1435 1129 1479 z
1191 1436 1225 1475 «
1252 1411 1505 1479 Nomen
1533 1411 1842 1490 rochem,
1879 1411 2050 1501 quod
2083 1412 2211 1480 alio
2240 1412 2555 1482 vocabulo

252 1539 287 1579 «
345 1513 521 1582 linea
548 1536 661 1584 seu
705 1516 980 1584 camisia
1010 1539 1294 1586 romana
1333 1522 1779 1607 nuncupatur,
1818 1517 2126 1586 nonnulli
2155 1517 2557 1587 arbitrantur

252 1649 287 1686 «
345 1621 660 1691 derivasse
710 1646 749 1692 a
788 1622 991 1692 Gallis
1038 1646 1073 1692 a
1123 1646 1278 1692 voce
1322 1623 1542 1707 ricba,
1606 1625 1778 1714 apud
1827 1625 2316 1692 Avenionenses
2376 1625 2553 1704 trita,

258 1755 295 1793 «
347 1731 680 1798 occasione
731 1731 905 1820 quod
962 1731 1300 1798 Avenione
1361 1731 1684 1819 degebant
1754 1730 2017 1799 Summi
2074 1730 2441 1799 Pontifices,
2511 1753 2548 1795 »

248 1835 789 1926 (Scarfantonius‚
839 1843 884 1904 t.
921 1836 969 1914 l,
1012 1860 1075 1926 p.
1108 1836 1218 1924 37,
1264 1859 1332 1904 n.
1381 1837 1449 1923 6,
1486 1875 1577 1889 -
1619 1837 1822 1906 citans
1848 1836 2242 1923 Gavantum,
2277 1842 2326 1905 t.
2388 1836 2442 1921 1,
2473 1836 2555 1904 de

246 1941 384 2011 Rit.
429 1965 592 2012 serv.
638 1944 707 2010 in
755 1942 959 2010 celeb.
1001 1943 1234 2026 Missae,
1281 1945 1378 2010 tit.
1423 1966 1465 2023 ι,
1523 1966 1592 2008 n.
1647 1944 1717 2028 2,
1756 1981 1849 1994 -
1889 1949 1952 2009 et
1999 1944 2159 2009 alios
2209 1942 2555 2034 auctores.)

257 2074 293 2115 «
346 2049 704 2116 Cardinalis
753 2048 1074 2116 Batonius
1129 2048 1231 2137 (ad
1286 2069 1396 2117 an.
1448 2048 1604 2131 261,
1657 2070 1742 2115 n.
1780 2048 1892 2131 40)
1936 2048 2208 2137 loquens
2247 2047 2326 2114 de
2376 2048 2556 2116 linea

258 2181 299 2218 «
346 2154 684 2243 Cypriani,
739 2160 955 2223 censet
999 2154 1392 2223 vocabulum
1441 2175 1575 2221 esse
1637 2154 1895 2236 italum,
1950 2160 2012 2220 et
2064 2154 2218 2221 alias
2259 2155 2556 2243 ejusdem

264 2284 304 2324 «
344 2260 618 2326 rochetti
663 2258 1083 2347 etymologias
1126 2261 1304 2326 docte
1352 2264 1658 2326 recenset.
1722 2259 1890 2325 Illud
1942 2264 2192 2326 certum
2241 2266 2333 2327 est
2382 2259 2558 2348 quod

263 2392 298 2431 «
348 2366 531 2433 illius
559 2365 951 2434 vocabulum
978 2371 1364 2456 usurpatum
1384 2387 1642 2455 semper
1669 2365 1794 2432 fuit
1820 2386 1937 2455 pro
1963 2365 2357 2453 designanda
2388 2371 2557 2434 veste

262 2497 296 2535 «
341 2471 515 2540 linea
531 2470 957 2542 Praelatorum
975 2479 1037 2542 et
1054 2474 1523 2542 canonicorum
1546 2472 2035 2561 regularium...
2059 2471 2449 2563 Hujusmodi
2474 2473 2557 2542 li-

264 2604 297 2642 «
342 2600 480 2646 neae
511 2602 622 2647 seu
645 2580 808 2647 alhae
838 2581 1127 2668 gestatio,
1160 2579 1520 2667 antiquitus
1536 2579 1658 2645 fuit
1678 2579 2023 2646 commissa
2037 2580 2347 2647 omnibus
2367 2580 2560 2649 cleri-

264 2711 299 2750 «
345 2685 457 2764 eiS‚
492 2685 607 2774 qui
630 2685 857 2753 eadem
889 2685 1098 2752 induti
1118 2686 1463 2775 prodibant
1502 2686 1571 2752 in
1596 2684 1963 2774 publicum,
2010 2692 2085 2752 ut
2106 2687 2442 2774 colligitur
2481 2708 2558 2753 ex

273 2815 307 2853 «
350 2792 609 2880 epistola
640 2792 774 2860 divi
793 2792 1174 2881 Hieronymi
1198 2793 1277 2860 ad
1308 2791 1747 2883 Nepotianum
1777 2792 1891 2881 (1).
1931 2791 2084 2857 Haec
2123 2798 2340 2857 autem
2371 2790 2559 2859 vestis

276 2917 308 2955 α
350 2893 522 2960 linea
561 2917 704 2970 non.
730 2901 864 2963 erat
908 2897 1020 2965 illa
1060 2899 1254 2985 cujus
1291 2918 1448 2963 usus
1483 2901 1619 2963 erat
1655 2896 1826 2961 inter
1868 2894 2399 2975 sacrificandum,
2449 2893 2559 2961 sed

265 3025 302 3062 «
355 3006 661 3089 tanquam
701 3003 966 3092 profana
1002 3003 1383 3070 censebatur
1413 3030 1430 3088 3
1462 3005 1660 3090 prout
1694 3005 1790 3067 est
1831 3001 2026 3065 etiam
2056 3020 2236 3065 nunc
2275 3021 2429 3067 usus
2456 3022 2558 3068 ro-

265 3132 300 3171 «
350 3108 574 3186 chetti,
597 3110 767 3197 quod
793 3109 862 3175 in
887 3107 1326 3177 functionibus
1345 3107 1620 3173 omnino
1647 3105 1935 3194 profanis
1958 3111 2019 3171 et
2043 3105 2342 3173 civilibus
2363 3106 2558 3173 etiam

267 3237 302 3275 «
351 3212 721 3280 adhibetur.
755 3237 790 3277 >³
820 3212 1356 3304 (Scart'antouius,
1391 3212 1533 3278 loco
1556 3212 1801 3296 citat0.)

347 3316 428 3385 ll.
491 3320 723 3409 Cappa
788 3321 882 3386 sic
921 3324 1141 3385 vocata
1188 3322 1283 3385 est
1332 3338 1370 3385 a
1420 3317 1628 3407 capite
1666 3317 1774 3384 cui
1816 3315 2203 3405 imponitur,
2256 3314 2353 3381 vel
2402 3317 2560 3404 quia

257 3444 495 3514 corpus
524 3426 733 3515 capiat
755 3430 819 3491 et
835 3424 1101 3512 ambiat,
1122 3430 1194 3491 ut
1220 3422 1409 3491 tradit
1428 3420 1643 3490 Denos
1674 3424 2066 3513 (Tractatus
2091 3419 2191 3489 de
2197 3421 2554 3505 canonicis,

255 3529 375 3595 lib.
425 3529 820 3620 1V‚c.12).
885 3531 1041 3620 Ejus
1087 3530 1428 3618 mysticam
1479 3528 2018 3619 significationem
2065 3527 2157 3596 sic
2202 3526 2561 3617 exponebat

257 3633 628 3726 Stephanus
672 3636 1099 3705 Tornacensis
1149 3636 1559 3726 Episcopus:
1602 3638 1746 3704 Hac
1789 3632 2055 3725 duplici
2104 3644 2277 3700 veste
2334 3632 2561 3719 (cappa

257 3763 495 3832 nempe
518 3749 582 3811 et
606 3744 913 3834 rochetto)
943 3742 1343 3832 requlariter
1369 3740 1594 3807 induti
1623 3739 1967 3807 videamur
1994 3759 2024 3823 ;
2047 3760 2129 3804 ne
2163 3734 2561 3825 superpelli-
2626 3742 2645 3750 “

257 3871 445 3915 ceum
477 3862 781 3917 nostrum
804 3848 1109 3917 sordibus
1127 3847 1487 3939 polluatur
1495 3867 1525 3930 ,·
1552 3857 1615 3913 et
1644 3868 1725 3912 ne
1754 3867 1971 3935 cappa
2001 3854 2231 3910 nostra
2261 3840 2560 3909 scissuris

257 3968 668 4045 rumpatur;
695 3969 773 4023 ut
779 3980 908 4046 per
935 3955 1344 4023 munditiam
1368 3954 1555 4021 omni
1582 3964 1878 4043 tempore
1906 3949 2297 4017 vestimenta
2327 3960 2559 4016 nostra

255 4062 396 4128 sint
430 4062 750 4147 candida,
783 4075 848 4131 et
871 4087 994 4155 per
1021 4063 1405 4131 continuam
1439 4059 1920 4151 poenitentiam
1966 4068 2288 4146 tanquam
2339 4057 2562 4124 tunica

260 4167 495 4236 talaris
520 4170 613 4236 sit
634 4192 851 4261 cappa
872 4166 1565 4259 nostra(apudDenos,
1600 4168 1741 4234 loco
1770 4166 1986 4252 citat0,
2019 4186 2078 4232 c.
2120 4162 2249 4255 11).
2285 4153 2562 4232 Etsauc·

322 4325 387 4388 (1)
419 4326 493 4376 Ex
515 4327 703 4389 Nardo,
727 4341 832 4379 non
866 4328 1103 4379 omnihus
1138 4328 1334 4378 clericis
1364 4337 1660 4377 concessum
1696 4326 1775 4374 est
1809 4326 2094 4388 antiquitus
2125 4322 2432 4376 rochettum,
2473 4314 2565 4368 scd

258 4403 500 4470 Episcopo
523 4411 576 4459 et
604 4408 825 4472 capitulo
853 4411 1069 4458 tantum.
