2930 4982
1138 342 1217 387 DE
1261 341 1594 391 enimus.
2404 342 2440 396 ὅ
2450 344 2481 397 7
2495 343 2523 398 1

237 453 481 543 absque
505 454 642 523 ulla
663 456 1052 534 limitatione
1075 461 1410 550 temporis,
1435 468 1497 527 et
1518 460 1710 529 etiam
1736 463 1879 530 aliis
1901 484 2101 552 quam
2130 467 2386 535 arctatis
2408 469 2527 559 (1).

238 558 426 630 Unde
462 561 580 629 ubi
625 585 775 631 non
776 563 1027 633 fuisset
1024 565 1375 657 receptum
1405 567 1763 638 concilium
1794 565 2283 657 Tridentinum,
2315 576 2532 674 adhuc

237 666 319 740 ad
336 666 558 740 illud
530 692 643 758 Jus
669 691 1026 739 commune
1053 674 1524 741 attendendum
1554 675 1738 741 foret.

329 773 652 843 Secundo.
685 775 746 843 A
770 777 1033 845 concilii
1061 775 1429 847 Tridentini
1461 775 1750 870 tempore
1780 784 2035 847 certum
2069 789 2163 850 est
2190 806 2322 852 non
2349 808 2532 877 posse

237 877 632 949 dimissorias
667 887 705 949 a
734 884 1020 972 capitulo
1061 883 1125 951 et
1163 883 1405 954 vicario
1447 886 1815 977 capitulari,
1867 887 2015 982 sede
2050 897 2337 975 vacante,
2378 916 2531 961 con·

239 984 377 1054 cedi
409 987 579 1053 intra
612 986 908 1077 primum
934 991 1288 1061 vacationis
1315 1015 1602 1074 annum,
1627 994 1754 1062 nisi
1782 993 2060 1062 arctatis.

337 1092 577 1159 Tertio.
618 1092 750 1161 Lex
777 1094 889 1162 illa
914 1092 1294 1166 Tridentina
1329 1101 1755 1190 intelligenda
1779 1108 1877 1168 est
1916 1101 2113 1167 etiam
2144 1102 2352 1189 quoad
2388 1105 2536 1194 pria-

238 1216 416 1263 mam
475 1204 831 1267 tonsuram.
883 1200 977 1268 ita
1030 1206 1445 1272 communior
1507 1208 1863 1290 sententia3
1922 1207 2069 1273 vide
2127 1206 2534 1277 Leurenium

243 1298 480 1391 (Tract.
509 1308 606 1372 De
628 1306 957 1396 capitulo,
987 1309 1136 1377 sede
1161 1333 1336 1393 vac„
1380 1318 1607 1400 quaest.
1640 1311 1821 1402 412).
1866 1311 2000 1380 Nec
2047 1312 2382 1381 fidendum
2420 1315 2540 1383 ali-

240 1409 479 1497 quibus
529 1413 915 1480 auctoribus
939 1416 1056 1503 qui
1101 1418 1508 1483 contrarium
1549 1425 1860 1507 tanquam
1909 1425 2159 1486 certum
2202 1427 2531 1509 asserunt3

239 1515 408 1583 inter
433 1538 595 1605 quos
632 1519 827 1586 etiam
869 1519 1076 1588 fuerat
1104 1521 1473 1609 Monacelli,
1516 1524 1632 1612 qui
1670 1531 1886 1614 postea
1914 1526 2299 1593 sententiam
2347 1550 2537 1595 suam

238 1621 510 1687 correxit
555 1629 628 1689 ut
666 1624 803 1713 ipse
837 1625 930 1692 sic
967 1628 1226 1716 exponit
1270 1627 1472 1718 (parte
1510 1627 1579 1715 3,
1619 1629 1718 1695 tit.
1761 1631 1822 1712 1,
1859 1629 2050 1697 form.
2104 1629 2172 1714 3,
2203 1631 2424 1699 adnot.
2463 1632 2532 1717 3,

238 1725 389 1800 edit.
417 1726 733 1811 VenetiiS‚
765 1731 959 1816 1772,
994 1754 1141 1822 pag.
1180 1732 1336 1825 532)
1370 1756 1388 1800 z
1433 1760 1468 1798 «
1496 1733 1651 1802 Haec
1680 1742 1898 1803 autem
1933 1736 2253 1805 facultatis
2281 1740 2538 1807 restric-

248 1832 400 1899 «tio
438 1856 571 1901 non
599 1836 812 1904 solum
848 1838 1110 1927 respicit
1141 1840 1401 1908 ordines
1444 1843 1731 1916 minores
1754 1847 1816 1909 et
1854 1843 2153 1933 majores,
2181 1847 2292 1913 sed
2338 1848 2535 1914 etiam

246 1960 281 2003 «
312 1939 595 2028 primam
625 1942 993 2011 clericalem
1023 1945 1388 2026 tonsuram,
1415 1969 1538 2037 pro
1564 1970 1694 2037 qua
1736 1950 1909 2016 intra
1952 1971 2204 2017 annum
2235 1947 2367 2019 non
2408 1953 2536 2020 nisi

249 2048 567 2116 «arctatis
596 2048 1005 2132 ‚dimissorias
1040 2050 1322 2118 vicarius
1365 2053 1740 2142 capitularis
1783 2054 2099 2122 concedit.
2135 2053 2215 2122 Et
2247 2056 2395 2122 licet
2442 2056 2535 2144 (in

249 2172 284 2213 «
310 2154 491 2238 parte
524 2151 589 2237 1,
616 2151 712 2218 tit.
749 2155 811 2236 1,
841 2156 919 2221 ad
945 2154 1137 2222 form.
1169 2156 1234 2235 2,
1266 2179 1335 2225 n.
1365 2158 1432 2247 2)
1459 2160 1865 2228 contrarium
1892 2153 2237 2244 tenuerim,
2262 2184 2443 2229 nunc
2465 2184 2537 2230 re

249 2278 285 2317 ι(
318 2255 556 2325 melius
600 2259 859 2346 cognita
896 2261 1177 2330 libenter
1230 2264 1311 2332 ab
1356 2265 1468 2333 illa
1511 2268 1821 2356 opinione
1869 2269 2098 2336 recedo
2126 2320 2142 2346 ‚
2193 2275 2333 2336 tum
2384 2270 2538 2358 quia

248 2382 282 2422 «
311 2360 641 2440 decretum
670 2387 786 2455 per
815 2388 920 2433 me
950 2368 1042 2435 ibi
1078 2369 1453 2459 allegatum,
1491 2374 1941 2464 Conqreqatio
1977 2375 2232 2443 censuit
2278 2375 2537 2472 textum

250 2489 284 2529 «
312 2466 650 2563 huncsnon
689 2475 1235 2565 comprehendere
1267 2477 1574 2570 primam
1621 2490 1993 2564 tonsuram,
2021 2481 2209 2550 debet
2233 2482 2533 2572 intelligi,

249 2597 283 2638 «
310 2578 488 2663 quod
518 2579 870 2649 concilium
902 2605 1034 2650 non
1073 2588 1581 2676 comprehendat
1616 2590 1928 2679 primam
1942 2590 2272 2659 tonsuram
2307 2587 2544 2680 quoad

250 2703 539 2770 «poenas
591 2685 694 2752 ibi
749 2687 1104 2778 impositas
1163 2700 1383 2761 contra
1436 2696 1808 2776 ordinatos,
1866 2718 1999 2764 non
2053 2703 2269 2765 autem
2323 2696 2540 2786 quoad

249 2784 637 2857 «licentiam
677 2795 1056 2879 ordinandi3
1119 2803 1262 2865 tum
1318 2800 1473 2888 quia
1515 2800 1865 2890 Fagnanus
1907 2825 1945 2870 a
1984 2825 2090 2870 me
2131 2804 2353 2871 eodem
2399 2803 2539 2871 loco

247 2915 280 2952 «
312 2892 567 2978 citatuS,
594 2896 931 2987 loquitur
913 2924 983 2968 m
1016 2925 1168 2971 casu
1193 2907 1442 2984 arctati,
1473 2913 1548 2973 ut
1578 2913 1747 2997 patet
1773 2930 1848 2976 ex
1872 2911 2014 2999 ejus
2038 2909 2251 2976 verbis
2273 2909 2531 2978 relatiS.

252 3019 287 3060 «
312 3016 540 3067 rursus
586 2998 970 3072 dubitatum
1007 3008 1189 3097 fuit,
1226 3032 1319 3076 an
1356 3011 1652 3079 vicarius
1692 3006 2006 3104 capituli,
2041 3013 2190 3082 ¹sede
2229 3027 2533 3098 vacante,

252 3104 517 3192 «possit
562 3108 904 3177 concedere
944 3111 1204 3182 litteras
1250 3113 1663 3187 dimissorias
1714 3119 1809 3188 ad
1832 3122 2141 3212 primam
2177 3134 2547 3190 tonsuram·

250 3223 709 3298 «praesentato
736 3215 832 3282 ad
859 3218 1314 3338 capellaniam
1357 3225 1748 3315 simplicem
1756 3231 1793 3296 7
1835 3231 2052 3297 Sacra
2096 3230 2534 3327 Conqreqatio

253 3339 287 3378 α
314 3318 566 3383 censuit
593 3342 809 3408 posse,
841 3326 1001 3413 quia
1037 3350 1173 3395 non
1189 3331 1593 3419 prohibetur
1634 3332 1798 3403 dare
1822 3322 2232 3433 dimissorias
2261 3336 2355 3405 ad
2386 3338 2535 3428 pri-

249 3445 285 3484 «
316 3431 498 3503 mam
529 3432 907 3511 tonsuram,
928 3443 991 3499 et
1031 3435 1201 3523 quia
1204 3451 1665 3527 praesentatus
1693 3432 1799 3510 est
1838 3455 2163 3513 arctatus.
2213 3445 2299 3512 Et
2319 3464 2535 3534 quan-

251 3553 284 3593 «
305 3548 511 3618 quam
562 3553 639 3598 ex
688 3533 899 3623 prima
940 3542 1195 3608 ratione
1225 3562 1268 3609 3
1312 3543 1648 3634 Fagnano·
1668 3549 1967 3629 deducta,
2016 3553 2311 3643 videatur
2358 3552 2532 3640 quod

249 3635 592 3705 «vicarius
632 3641 853 3728 possit
876 3642 1278 3712 dimissorias
1318 3653 1671 3721 concedere
1716 3654 1795 3721 ad
1844 3661 2125 3744 primam
2166 3640 2538 3741 tonsuram,

247 3767 278 3804 α
309 3742 499 3809 ctiam
537 3765 668 3812 non
697 3749 975 3832 arctatiS,
1005 3755 1221 3818 tamen
1256 3751 1379 3821 hoc
1417 3755 1576 3822 dicit
1604 3757 1836 3842 obiter,
1868 3766 1931 3829 et
1971 3760 2250 3830 dubium
2296 3785 2530 3856 propo·

244 3873 278 3911 «
308 3846 504 3916 situm
542 3856 603 3918 et
635 3853 992 3923 resolutum
1023 3863 1117 3924 est
1155 3857 1236 3926 de
1266 3865 1522 3928 arctato,
1551 3861 1723 3930 Tum
1764 3864 1919 3954 quia
1952 3876 2103 3934 cum
2133 3869 2341 3965 prima
2379 3875 2526 3939 ton-

243 3980 278 4018 «
306 3961 480 4040 sura,
509 3961 872 4029 secundum
898 3966 1377 4035 canonistarum
1404 3973 1835 4072 sententiam'
1817 3997 1886 4040 ln
1917 3974 2055 4042 foro
2078 3977 2288 4065 magis
2309 3999 2527 4073 recep-

299 4165 373 4228 (i)
390 4166 625 4227 Arctatus
647 4169 833 4222 dicitur
866 4172 978 4235 ille,
1000 4176 1139 4225 verbi
1167 4180 1344 4239 gratia,
1372 4182 1460 4242 qui
1486 4181 1702 4233 obtinuit
1719 4174 2053 4247 praebendam
2078 4174 2416 4240 canonicalem
2440 4192 2525 4242 cui

232 4255 463 4309 annexus
481 4248 559 4295 est
577 4249 968 4315 presbyteiQatus
986 4254 1066 4304 vel
1085 4255 1395 4318 diaconatus,
1413 4260 1493 4309 vel
1511 4261 1921 4325 subdiaconatus,
1936 4270 1992 4314 et
2007 4269 2095 4331 qui
2114 4269 2341 4319 nondum
2361 4268 2525 4319 ordint

231 4324 315 4374 isti
334 4327 561 4377 initiatus
581 4330 673 4377 est.
701 4329 938 4381 Arctatur
958 4335 1166 4394 proinde
1187 4330 1275 4388 seu
1297 4341 1499 4390 tenetur
1515 4342 1660 4439 Illum
1675 4344 1902 4397 ordinem
1922 4347 2051 4398 infla
2069 4362 2261 4400 annum
2284 4351 2520 4415 recipere.

234 4403 327 4452 sub
351 4416 501 4466 poena
527 4408 819 4458 amittendae
845 4411 1144 4472 praebendae.
