2930 4982
1149 343 1231 388 ΒΕ
1275 343 1605 389 carnum.
2403 339 2526 395 535

241 477 276 516 «
323 454 393 520 in
431 457 583 543 Jure
632 456 961 541 visitandi,
1015 458 1183 527 sicut
1247 460 1607 549 capitulum
1668 463 1953 532 ecclesias
2020 463 2429 534 cathedralis.
2487 494 2519 530 »

324 559 685 631 Cardinalis
709 564 790 632 de
829 564 1004 633 Luca
1038 566 1152 655 (De
1155 565 1650 655 jurisdictione,
1685 569 1983 638 discursu
2030 570 2143 660 54)
2174 571 2333 638 dicit
2360 572 2530 641 sede

238 665 463 733 eodem
489 690 640 735 casu
683 675 984 758 rogatum
1012 672 1401 739 sententiam
1430 672 1670 756 dicere,
1707 675 2110 763 respondisse
2139 676 2204 743 in
2242 676 2529 748 favorem

238 773 534 860 capituli,
582 780 771 863 atque
799 777 885 844 ita
927 777 1188 868 exponit
1233 799 1367 845 suae
1402 777 1747 846 decisionis
1785 780 2102 848 rationes:
2145 780 2529 861 «Quoniam

242 900 278 939 «
328 877 655 968 dispositio
692 881 855 948 sacri
888 881 1152 950 concilii
1175 881 1541 950 Tridentini
1575 884 1749 973 (sesS.
1777 885 1895 963 24,
1927 906 1987 952 c.
2026 885 2158 974 16),
2190 909 2304 975 per
2326 911 2528 977 quam

248 1008 281 1045 «
328 986 768 1073 praescribitur
805 988 1013 1055 forma
1049 988 1479 1078 deputationis
1505 989 1734 1058 vicarii
1780 991 2089 1060 faciendae
2130 1013 2245 1081 per
2283 994 2532 1083 capitu-

254 1119 285 1157 «
336 1094 502 1179 lum,
554 1095 700 1162 sede
741 1099 1029 1182 vacante,
1058 1095 1145 1161 ita
1171 1095 1460 1184 procedit
1499 1097 1569 1163 in
1612 1098 2094 1166 cathedralibus
2122 1103 2185 1165 et
2216 1104 2534 1189 metropo-

246 1231 281 1268 «
322 1200 562 1283 litaniS,
595 1221 669 1267 ac
689 1199 761 1266 in
799 1200 1214 1268 inferioribus
1244 1201 1532 1269 ecclesiis
1562 1205 1871 1294 exemptis
1914 1226 2197 1294 quarum
2225 1204 2534 1277 Praelatus

250 1332 282 1371 «
332 1307 563 1374 habeat
589 1305 1110 1396 jurisdictionem
1137 1306 1560 1375 ordinariam
1601 1331 1756 1377 cum
1808 1309 2132 1379 territorio
2161 1317 2449 1402 separato
2472 1317 2535 1382 et

245 1439 280 1479 «
325 1412 583 1480 nullius
601 1432 630 1495 ,·
673 1412 982 1502 quoniam
1034 1414 1257 1480 eadem
1307 1418 1399 1480 est
1453 1415 1809 1504 proportio,
1860 1421 1929 1482 ut
1984 1421 2157 1507 patet
2193 1439 2269 1484 ex
2314 1417 2531 1489 verbis

248 1546 282 1584 «
332 1508 593 1587 concilii
645 1542 661 1585 ε
715 1522 813 1587 Et
884 1518 947 1586 si
1011 1518 1274 1586 ecclesia
1328 1519 1474 1609 ipsa
1537 1521 2067 1612 metropolitana
2114 1523 2355 1612 fuerit,
2410 1537 2531 1592 aut

247 1651 280 1690 ι(
324 1638 659 1716 exempta,
710 1626 1218 1717 capitulumque
1277 1625 1622 1716 neqliqens
1678 1627 1919 1718 fuerit,
1984 1640 2126 1696 tum
2186 1630 2535 1719 antiquior

248 1758 280 1797 «
305 1734 698 1822 ‘Episcopus
723 1733 795 1799 in
810 1732 1353 1824 metropolitana,
1374 1742 1440 1798 et
1451 1731 1901 1823 propinquior
1916 1734 1986 1800 in
2010 1747 2343 1826 exempta,
2361 1758 2535 1809 oeco-

246 1864 280 1903 «
328 1860 603 1904 nomum
631 1851 694 1905 et
723 1837 1073 1925 vicarium,
1109 1849 1231 1905 ete.
1272 1836 1459 1917 Quod
1504 1839 1700 1905 etiam
1727 1840 2187 1930 comprobatur
2225 1864 2300 1909 ex
2325 1842 2533 1912 decla-

247 1970 281 2008 «
328 1945 572 2012 ratione
616 1944 827 2017 Sacrae
879 1943 1432 2033 Congregationis,
1489 1944 1824 2032 registrata
1866 1946 2037 2033 apud
2082 1946 2374 2013 Garziam
2415 1948 2533 2038 (De

244 2077 278 2116 «
334 2051 687 2139 beneficiiS,
731 2055 898 2140 part.
926 2049 992 2133 5,
1018 2071 1075 2116 c.
1112 2049 1178 2134 7,
1213 2074 1282 2118 n.
1319 2040 1432 2117 20.
1467 2087 1557 2100 —
1584 2049 1889 2137 Barbosa,
1921 2050 2200 2118 Collect.
2239 2052 2309 2118 in
2350 2075 2525 2121 conc.

245 2184 280 2221 «
334 2157 541 2237 Trici„
602 2179 660 2224 c.
716 2157 823 2239 16,
880 2179 948 2224 n.
983 2155 1124 2246 ΒΟ).
1177 2157 1253 2224 Et
1297 2158 1686 2248 supponitur
1730 2157 2099 2224 absolutum
2157 2180 2269 2248 per
2304 2158 2533 2227 Rotam

251 2288 282 2327 «
326 2263 671 2351 (decisione
707 2263 857 2350 146,
890 2286 956 2354 p.
996 2264 1059 2348 1,
1099 2265 1254 2352 rec.)
1287 2289 1308 2342 ⁴:
1346 2270 1408 2332 et
1443 2265 1712 2349 merit03
1741 2265 2079 2352 quoniam,
2112 2265 2262 2331 licet
2288 2267 2531 2354 dejure

247 2397 281 2437 «
329 2369 666 2438 communi
685 2370 855 2460 apud
884 2370 1233 2438 scribentes
1270 2372 1577 2439 deductos
1603 2395 1714 2462 per
1742 2372 2130 2462 Fagnanum
2159 2372 2321 2463 (loco
2342 2394 2532 2464 supra

247 2504 281 2544 «
321 2475 532 2566 citato)
561 2477 625 2543 id
655 2463 814 2544 esset
841 2476 908 2543 in
932 2479 1313 2565 quaestione,
1336 2483 1612 2546 attamen
1633 2480 1753 2547 ista
1788 2479 2098 2570 (quaestio)
2124 2480 2327 2570 sopita
2355 2479 2533 2548 vide-

245 2613 280 2652 «
327 2592 433 2652 tur
459 2607 575 2674 per
602 2584 846 2651 dictum
890 2584 1239 2653 conciliare
1269 2587 1622 2667 decretum,
1665 2609 1779 2677 per
1808 2588 1982 2675 quod
2036 2589 2124 2654 ita
2155 2591 2532 2679 praesuppo÷

247 2720 279 2756 «
327 2691 511 2757 sitive
566 2691 936 2758 canonizata
977 2677 1288 2758 remansit
1329 2714 1404 2760 ea
1452 2694 1699 2783 opiniO,
1749 2716 1894 2782 quae
1941 2694 2132 2761 etiam
2181 2694 2250 2760 in
2290 2698 2532 2782 puncto

249 2824 281 2862 «
322 2798 489 2886 juris
518 2796 726 2862 verior
754 2796 1074 2864 censenda
1112 2804 1224 2864 est.
1263 2796 1432 2865 Cum
1461 2800 1641 2864 enim
1684 2799 2064 2886 hujusmodi
2095 2798 2350 2864 Praelati
2380 2815 2535 2863 cum

250 2928 283 2966 «
331 2902 646 2970 territorio
675 2907 1044 2991 separato...
1081 2903 1202 2970 suh
1231 2902 1728 2970 Ordinariorum
1754 2904 2020 2969 nomine
2048 2903 2395 2989 veniant,..
2428 2923 2531 2970 se-

250 3035 283 3073 «
333 3009 556 3098 quitur
584 3009 782 3097 quod,
831 3007 1101 3076 Praelato
1158 3009 1426 3092 defecto,
1476 3031 1554 3076 ex
1609 3009 1835 3076 eadem
1889 3009 2136 3075 ratione
2189 3008 2530 3098 cujusdam

249 3141 283 3181 «
322 3117 493 3204 juris
518 3138 651 3182 non
680 3115 1115 3201 decrescendi,
1143 3115 1227 3182 oh
1252 3138 1452 3203 quam
1492 3118 1563 3181 in
1595 3115 1878 3205 capitulo
1915 3114 2297 3181 cathedralis
2327 3136 2532 3181 rema-

248 3248 283 3286 «
334 3227 442 3289 net
494 3221 778 3289 ecclesiae
827 3222 1325 3307 administratiO,
1367 3222 1541 3288 idem
1575 3222 1643 3287 in
1683 3221 1992 3288 omnibus
2036 3219 2107 3286 in
2150 3221 2529 3308 hujusmodi

252 3354 284 3392 «
327 3328 740 3395 ecclesiarum
792 3327 1090 3417 capitulis
1137 3327 1493 3412 dicendum
1540 3327 1738 3410 venit,
1798 3348 1949 3393 cum
2003 3326 2188 3392 nulla
2234 3325 2528 3412 dignosci

249 3461 283 3499 «
327 3434 617 3500 videatur
645 3434 801 3501 ratio
826 3434 1227 3502 differentiae.
1263 3459 1297 3498 >³

331 3536 518 3605 Unde
543 3539 814 3626 quaestio
840 3539 1000 3606 olim
1024 3540 1288 3628 quidem
1313 3538 1436 3605 suit
1464 3538 1868 3625 aliquatenus
1909 3535 2110 3603 dubia
2134 3560 2149 3615 3
2184 3536 2289 3602 sed
2319 3557 2521 3614 nunc,

241 3651 385 3712 tum
431 3644 514 3711 ob
564 3645 999 3711 recentiorum
1044 3645 1384 3711 doctorum
1436 3644 1962 3723 unanimitatem,
2014 3645 2157 3706 tum
2205 3640 2528 3728 praecipue

239 3751 326 3819 ob
349 3752 599 3840 praxim
642 3757 705 3817 et
735 3750 1088 3818 decisiones
1117 3750 1327 3818 Sacrae
1361 3748 1894 3839 Congregationis
1930 3745 2189 3813 concilii
2225 3749 2286 3811 et
2321 3743 2525 3831 Rotae,

240 3863 554 3945 tanquam
588 3862 838 3924 certum
872 3858 1222 3923 tenendum
1266 3861 1357 3923 est
1394 3857 1462 3922 in
1493 3855 1818 3945 praedictis
1847 3851 2199 3940 collegiatis
2222 3850 2529 3940 jurisdic-

240 3964 488 4030 tionem
511 3964 782 4031 transire
805 3965 885 4031 ad
908 3964 1289 4054 capitulum.
2158 3962 2168 3970 '

333 4068 469 4136 Hoc
516 4074 729 4138 tamen
778 4071 1236 4161 applicandum
1289 4072 1380 4135 est
1428 4089 1584 4134 cum
1632 4067 1849 4156 aliqua
1889 4064 2289 4132 restrictione
2341 4062 2529 4131 colle-

241 4179 430 4266 giatis
473 4179 759 4246 ecclesiis
791 4179 963 4245 tituli
1002 4174 1424 4259 cardinalitii3
1470 4195 1623 4240 nam
1654 4172 1977 4261 quamviS,
2025 4176 2278 4238 mortuo
2306 4169 2528 4237 Cardi-

238 4286 399 4371 nali,
423 4288 500 4354 ad
529 4285 890 4377 capitulum
921 4277 1599 4371 transeatjurisdictiO,
1614 4286 1828 4346 tamen
1847 4276 1940 4370 (in
1963 4280 2166 4368 capite
2195 4276 2321 4366 His
2347 4293 2517 4362 quoe,

238 4392 333 4461 De
355 4398 587 4485 maj0r.
616 4399 680 4462 et
698 4392 834 4484 ob.)
856 4391 1169 4461 Summus
1193 4388 1488 4457 Pontifex
1512 4386 1839 4455 Honorius
1870 4385 1951 4453 lll
1977 4386 2058 4453 ab
2085 4385 2194 4453 illa
2218 4375 2525 4471 jurisdic-
