2930 4982
1165 380 1243 424 ΒΕ
1289 378 1615 426 cunnus.
2443 370 2538 425 45

260 502 367 571 sihi
400 501 668 592 proprio
706 502 1035 592 superiore
1067 501 1453 569 viventium.
1512 503 1938 592 congregatio
1980 501 2200 570 Sancti
2242 502 2537 594 Sulpitii,

257 607 419 677 verbi
465 607 701 697 gratia,
740 609 922 697 juxta
947 608 1330 698 praedictam
1370 607 1817 677 definitionem
1859 608 2133 678 dicenda
2161 616 2322 677 esset
2349 612 2538 699 capi-

254 714 448 782 tulum
479 737 496 781 1
541 713 873 804 siquidem
912 714 1218 803 quaelibet
1242 711 1626 804 Sulpitianae
1652 715 1913 783 familia}
1941 716 2176 784 domus
2209 720 2304 782 est
2343 713 2536 782 cleri-

252 842 459 887 corum
483 818 852 909 colleqium
880 819 1001 886 sub
1036 841 1169 887 uno
1181 819 1509 910 praelato,
1546 833 1624 887 ut
1653 822 1950 891 membra
1982 823 2100 890 sub
2125 843 2261 889 uno
2289 821 2531 912 capite,

251 924 644 1016 deqentium.
678 923 814 993 Cur
858 930 1078 993 autem
1107 926 1391 1014 rigorem
1426 927 1497 993 in
1542 926 1913 995 definiendo
1946 928 2226 1017 capitulo
2250 928 2535 995 doctores

247 1039 470 1100 veteres
490 1034 587 1099 ita
613 1031 1039 1120 neglexerint,
1066 1032 1231 1098 ratio
1255 1053 1388 1099 esse
1413 1032 1692 1111 videtur,
1727 1031 1902 1122 quod
1929 1031 2240 1100 omnibus
2259 1032 2534 1122 perfecte

247 1143 462 1205 notum
500 1142 673 1204 esset
710 1136 870 1226 quid
905 1142 1114 1203 essent
1159 1136 1459 1226 capitula,
1512 1158 1631 1204 nec
1661 1137 1793 1204 ulla
1829 1138 2159 1205 videretur
2191 1136 2434 1204 utilitas
2465 1137 2533 1205 in

243 1242 629 1310 collimanda
672 1247 734 1308 et
776 1240 1179 1311 discutienda
1226 1242 1445 1309 stricta
1488 1242 1886 1310 definitione.
1942 1240 2136 1310 Nunc
2179 1262 2333 1309 vero
2365 1247 2535 1309 tem·

242 1347 438 1436 poriS,
479 1368 641 1415 eum
684 1347 818 1436 ipsa
854 1347 1217 1415 essentialia
1263 1348 1700 1438 capitulorum
1745 1349 1898 1437 jura
1945 1347 2143 1439 (quod
2189 1368 2531 1437 nunquam

236 1451 387 1518 olim
429 1451 777 1544 acciderat)
808 1453 878 1519 in
919 1454 1344 1542 quaestionem
1394 1459 1730 1537 vocentur,
1769 1453 1881 1521 abs
1911 1476 1980 1520 re
2004 1476 2134 1521 non
2167 1456 2290 1521 erit
2312 1474 2350 1520 a
2381 1451 2533 1520 defi-

239 1558 476 1627 nitione
510 1559 775 1650 proprie
809 1559 982 1627 dicta
1019 1559 1247 1646 ordiri,
1292 1564 1353 1626 et
1375 1581 1642 1627 omnem
1672 1559 2160 1648 ambiguitatem
2201 1581 2239 1628 a
2273 1559 2535 1628 notione

238 1665 348 1748 rei,
381 1664 462 1732 de
485 1687 622 1755 qua
649 1665 1062 1732 tractandum
1088 1670 1204 1744 est,
1239 1687 1597 1733 removere.

316 1770 582 1853 Primo,
629 1776 879 1837 certum
925 1774 1018 1836 est
1064 1775 1126 1836 et
1164 1777 1337 1838 extra
1382 1772 1915 1857 controversiam,
1969 1771 2334 1861 capitulum
2383 1793 2531 1841 esse

237 1877 498 1968 aliquod
524 1878 742 1967 ‘genus
773 1877 1089 1945 societatis
1118 1876 1457 1958 clericalis,
1492 1899 1604 1945 seu
1635 1898 1768 1944 esse
1803 1876 2111 1965 aliquam
2140 1875 2531 1943 clericorum

236 1987 675 2053 societatem:
712 1983 1131 2073 componitur
1179 1983 1359 2049 enim
1409 1984 1660 2051 clericis
1702 1983 1818 2072 qui
1876 1982 2218 2050 communi
2272 1983 2530 2050 actione

234 2096 643 2160 concurrunt
667 2090 747 2157 ad
775 2109 1201 2156 communem
1227 2088 1515 2177 aliquem
1544 2088 1766 2155 finem.

319 2196 665 2278 Secund0‚
719 2199 970 2262 certum
1019 2198 1114 2261 est
1162 2195 1428 2284 pariter,
1488 2194 1851 2260 societatem
1905 2192 2087 2259 illam
2144 2193 2534 2260 constituere

228 2324 479 2371 verum
506 2306 569 2367 et
590 2303 923 2386 integrum
954 2320 1192 2387 corpus
1220 2298 1455 2363 sociale
1484 2296 2014 2378 ecclesiasticum,
2046 2296 2118 2360 in
2144 2316 2273 2383 quo
2300 2317 2536 2387 nempe

226 2405 489 2495 aliquis
533 2401 949 2494 praeemineat
1009 2406 1325 2490 tanquam
1374 2407 1589 2493 caput,
1640 2405 1702 2468 et
1749 2400 1858 2467 alii
1906 2399 2156 2467 subsint
2215 2405 2530 2491 tanquam

233 2512 566 2582 membra.
593 2510 684 2578 lta
709 2531 903 2599 supra
928 2509 1116 2576 allata
1145 2509 1434 2577 definitio
1457 2509 1761 2593 affirmat,
1790 2512 1852 2575 et
1878 2512 2093 2576 tenent
2121 2510 2526 2580 unammiter

238 2620 531 2687 doctores
549 2638 796 2684 omnes.

331 2723 588 2806 Tertio,
644 2726 717 2789 ut
766 2726 931 2789 recte
982 2721 1327 2789 definiatur
1392 2719 1777 2810 capitulum,
1829 2720 2123 2788 definitio
2178 2723 2525 2790 enuntiare

242 2829 418 2898 debet
484 2828 913 2897 differentiam
980 2827 1344 2917 proximam
1408 2847 1539 2914 qua
1601 2825 1771 2893 illud
1841 2825 2073 2893 sociale
2139 2825 2528 2892 clericorum

245 2954 475 3026 corpus
503 2934 587 3002 ab
624 2933 806 2999 omni
859 2932 981 2999 alia
1015 2933 1408 2999 clericorum
1453 2930 1750 2997 societate
1797 2950 1942 3015 quae
1981 2928 2343 3015 capitulum
2396 2948 2527 2995 non

247 3042 340 3124 sit,
370 3043 671 3109 accurate
696 3037 1159 3124 distinguatur.

329 3148 616 3231 Quarto,
650 3142 1014 3211 differentia
1044 3141 1151 3207 illa
1200 3138 1496 3229 proxima
1545 3135 1941 3204 desumenda
1980 3143 2072 3204 est
2107 3160 2182 3205 ex
2221 3137 2350 3204 fine
2378 3138 2526 3227 pri-

249 3253 447 3319 mario
501 3255 564 3316 et
603 3248 924 3316 essentiali
963 3246 1262 3336 capitulis
1313 3243 1603 3334 proprio.
1656 3240 1824 3308 Nam
1872 3242 2195 3309 societates
2233 3243 2521 3331 ejusdem

252 3359 494 3445 generis
537 3357 776 3447 optime
821 3354 1319 3441 distinguuntur
1359 3373 1477 3440 per
1519 3349 1731 3416 varios
1776 3348 1935 3414 fines
1975 3348 2337 3445 unicuique
2380 3371 2526 3440 pro-

250 3464 433 3550 prios.
476 3462 557 3529 Et
583 3460 844 3528 aliunde
873 3480 1006 3526 non
1048 3456 1320 3547 perfecte
1365 3455 1784 3543 cognoscitur
1816 3454 2034 3543 aliqua
2071 3453 2361 3537 societas,
2398 3456 2525 3522 nisi

253 3574 665 3656 cognoscatur
693 3566 994 3656 proprius
1023 3566 1163 3653 ejus
1185 3563 1358 3629 finis.

329 3671 608 3753 Quinto,
655 3677 785 3738 tota
823 3691 975 3756 ergo
1016 3667 1361 3734 difficultas
1386 3668 1455 3732 in
1498 3689 1573 3733 eo
1622 3677 1717 3734 est
1754 3671 1829 3732 ut
1868 3664 2336 3731 determinetur
2382 3682 2522 3749 pro·

253 3778 425 3865 prius
456 3785 517 3844 et
535 3775 890 3845 essentialis
926 3771 1365 3861 capitulorum
1394 3771 1566 3833 finis.

327 3882 474 3951 Jam
500 3904 653 3949 vero
690 3883 761 3948 in
791 3875 1181 3971 praecedenti
1223 3871 1427 3962 capite
1461 3870 1808 3962 probatum
1845 3874 1936 3934 est
1980 3869 2181 3935 finem
2208 3870 2398 3938 illum
2422 3895 2523 3941 es·

256 3990 580 4057 sentialem
620 3993 684 4054 et
716 3986 1106 4077 primarium
1157 4003 1289 4048 esse
1336 4002 1580 4046 munus
1629 3972 2016 4054 auoeiliandi
2068 3988 2131 4043 et
2169 3978 2530 4068 supplendi

257 4090 569 4183 Episcopo
600 4093 671 4159 in
708 4089 992 4157 dioecesis
1029 4087 1368 4175 reqimine.
1401 4085 1575 4151 Hinc
1617 4088 1786 4174 patet
1826 4082 1930 4149 via
1958 4084 2035 4149 ad
2069 4091 2305 4153 rectam
2351 4087 2523 4174 capi-

257 4198 359 4264 tuli
389 4198 865 4282 definitionem,
900 4217 1044 4284 quae
1078 4195 1168 4261 sic
1206 4191 1398 4259 statui
1434 4195 1675 4280 potest:
1735 4188 2098 4279 Colleqium
2138 4191 2522 4259 clericorum

256 4300 328 4365 ab
374 4301 682 4368 Ecclesia
719 4300 1100 4368 institutum
1139 4296 1231 4364 ad
1263 4294 1731 4363 auxiliandum
1764 4306 1827 4361 et
1861 4295 2307 4384 supplendum
2344 4290 2524 4375 Epi-

260 4427 438 4499 scopo
463 4409 537 4474 in
567 4406 853 4475 dioecesis
880 4429 1024 4473 suoe
1059 4402 1400 4493 reqimine.
