2930 4982
343 306 365 356 1
385 304 420 355 4
431 300 466 355 2
1321 304 1660 351 TRACTATUS

346 458 381 496 «
411 449 540 519 qua
566 423 972 496 hebdomada
1000 423 1364 514 contingit?
1389 422 1689 491 Dubium
1711 422 1860 489 inde
1888 421 2180 490 nascitur
2209 421 2385 510 quod
2410 421 2637 491 Caere-

346 563 385 602 «
414 532 696 604 moniale
722 531 1195 620 Episcoporum
1236 531 1284 597 l.
1333 530 1403 609 2,
1442 551 1503 598 c.
1548 527 1616 611 3,
1659 526 1701 617 ξ
1739 528 1805 614 4,
1849 547 1983 595 non
2021 526 2310 595 absolute
2336 527 2527 617 jubet
2572 534 2643 597 ut

352 669 384 707 «
415 638 771 710 canonicus
806 636 1354 706 hebdomadarius
1384 640 1646 726 paratus
1669 634 1881 702 sedeat
1905 634 1975 701 in
2006 635 2222 725 primo
2245 634 2429 704 stallo
2454 635 2538 703 ab
2570 658 2643 704 ea

348 776 383 814 «
415 754 594 839 parte
633 744 816 815 chori
848 744 921 812 in
956 766 1090 833 qua
1130 744 1450 833 contingit
1486 741 1920 826 hebdomada,
1968 741 2081 810 sed
2118 741 2515 823 alternative,
2571 750 2642 811 ut

350 880 385 918 α
413 853 625 921 sedeat
660 851 764 918 vel
798 848 870 916 in
905 848 1078 918 dicto
1109 869 1375 917 scamno
1421 868 1642 938 panno
1673 851 1973 936 cooperto
2013 867 2051 913 a
2088 867 2297 913 cornu
2336 845 2642 936 Epistolae

349 984 382 1024 «
416 961 794 1048 praeparato,
820 954 923 1022 vel
949 954 1018 1021 in
1042 954 1256 1044 primo
1285 953 1472 1023 stallo
1494 952 1577 1020 ab
1602 973 1675 1020 ea
1701 953 1886 1020 chori
1917 958 2095 1042 parte
2126 952 2198 1019 in
2226 972 2356 1041 qua
2383 951 2643 1021 hebdo-

352 1091 386 1129 «
417 1063 606 1131 mada
661 1060 1001 1150 contingit.
1054 1059 1385 1149 Distingui
1431 1064 1650 1126 autem
1701 1057 1942 1125 debent
1988 1055 2202 1125 missae
2248 1078 2286 1124 a
2327 1059 2636 1147 vesperis.

354 1198 388 1235 «
418 1169 617 1237 Porro
645 1168 700 1235 si
726 1168 803 1235 de
829 1165 1042 1235 missis
1065 1172 1319 1255 agatur,
1347 1165 1717 1254 chorusque
1736 1165 1820 1233 sit
1844 1169 2011 1232 retro
2038 1163 2259 1251 altare,
2289 1164 2641 1234 canonicus

355 1304 387 1343 «
414 1273 960 1346 hebdomadarius
979 1279 1260 1364 paratuS‚
1276 1295 1410 1341 non
1435 1274 1506 1340 in
1525 1273 1742 1363 primo
1763 1271 1946 1339 stallo
1973 1268 2062 1340 ab'
2074 1293 2150 1339 ea
2169 1276 2346 1361 parte
2366 1271 2551 1340 chori
2572 1273 2641 1340 in

351 1408 385 1446 «
415 1401 543 1471 qua
560 1378 837 1469 obtingit
850 1379 1280 1462 hebdomada,
1306 1379 1416 1447 sed
1436 1380 1509 1447 in
1534 1400 1799 1447 scamno
1825 1399 2046 1469 panno
2069 1383 2364 1467 cooperto
2381 1399 2419 1445 a
2435 1399 2641 1446 cornu

350 1512 384 1551 «
415 1486 718 1577 Epistolae
738 1491 1096 1577 praeparato
1120 1486 1338 1554 sedere
1358 1484 1569 1569 debet,
1590 1506 1672 1552 ne
1697 1485 1855 1553 alias
1876 1486 2056 1552 toties
2074 1483 2372 1552 accedere
2390 1489 2453 1550 et
2467 1506 2644 1553 rece·

350 1617 388 1654 «
416 1592 566 1660 dere
606 1591 858 1660 deloco
903 1591 983 1658 ad
1020 1592 1238 1659 locum
1276 1596 1593 1659 teneatur.
1633 1590 1713 1658 Et
1746 1591 1825 1659 de
1866 1591 1970 1658 his
2009 1612 2160 1658 sane
2192 1589 2640 1658 functionibus

350 1727 387 1765 «
415 1698 693 1787 intelligi
708 1699 895 1767 debet
907 1698 1373 1768 caeremoniale
1386 1697 1883 1789 Episcoporum,
1902 1699 2064 1765 dum
2080 1696 2391 1765 canonico
2403 1694 2640 1763 hebdo-

351 1832 386 1870 «
419 1806 708 1873 madario
734 1810 954 1895 parato
982 1809 1356 1894 potestatem
1389 1804 1540 1873 facit
1565 1805 1828 1874 sedendi
1856 1806 1927 1873 in
1955 1826 2219 1873 scamno
2249 1824 2467 1895 panno
2493 1822 2641 1869 coo-

352 1939 386 1977 «
416 1917 598 2003 perto
623 1932 661 1978 a
690 1933 897 1979 cornu
925 1910 1225 2001 Epistulae
1256 1918 1636 2002 praeparato.
1669 1911 2159 2001 Concordatque
2184 1909 2448 1979 rubrica
2478 1907 2638 1978 Mis-

348 2044 385 2080 «
415 2016 566 2085 salis
592 2016 895 2102 Romani,
922 2022 969 2084 t.
1011 2017 1121 2104 17,
1146 2017 1227 2085 de
1256 2017 1482 2085 ordine
1521 2016 1787 2086 sedendi
1814 2017 1885 2085 in
1919 2018 2111 2086 missa
2135 2013 2438 2102 solemni,
2463 2036 2532 2081 n.
2571 2013 2632 2080 6.

440 2150 474 2190 «
509 2124 596 2193 At
623 2126 677 2192 si
708 2147 809 2193 res
842 2125 925 2193 sit
957 2125 1036 2192 de
1064 2126 1372 2215 vesperis,
1420 2128 1788 2217 pariterque
1826 2127 1909 2193 sit
1941 2126 2180 2193 chorus
2211 2128 2383 2191 retro
2414 2122 2637 2209 altare,

350 2256 387 2294 «
419 2232 768 2300 canonicus
812 2232 1358 2302 hebdomadarius
1396 2239 1687 2324 paratus,
1729 2234 1847 2323 qui
1881 2255 2137 2324 semper
2179 2232 2250 2300 in
2289 2231 2482 2298 choro
2532 2251 2639 2296 as·-

354 2362 387 2400 «
416 2337 634 2405 sistere
663 2338 872 2422 debet,
914 2344 1177 2429 excepto
1220 2341 1477 2408 modico
1512 2339 1623 2407 illo
1654 2341 1858 2430 spatio
1894 2340 1964 2407 in
1994 2361 2123 2428 quo
2153 2339 2314 2406 dum
2345 2341 2641 2405 cantatur

346 2470 384 2509 «
413 2445 809 2535 Maynifieat
841 2445 1215 2514 incensatur
1243 2446 1464 2533 altare,
1501 2469 1634 2514 non
1674 2446 1744 2514 in
1774 2466 2294 2538 scamnopanno
2335 2448 2639 2534 cooperto

351 2575 383 2615 «
413 2572 449 2617 a
475 2571 678 2617 cornu
707 2550 1035 2640 Epistolae,
1069 2551 1177 2618 sed
1208 2551 1278 2618 in
1307 2552 1523 2642 prImo
1551 2553 1734 2620 stallo
1766 2554 1849 2622 ab
1879 2576 1953 2621 ea
1981 2553 2157 2644 parte
2186 2551 2369 2619 chori
2397 2550 2470 2617 in
2503 2572 2639 2640 qua

347 2681 382 2718 «
413 2655 817 2724 hebdomada
839 2654 1144 2745 obtingit,
1172 2658 1391 2726 sedere
1403 2657 1622 2741 debet,
1658 2665 1728 2728 ut
1749 2661 1836 2727 ita
1862 2682 2128 2751 semper.
2139 2659 2412 2744 assistat,
2440 2662 2640 2747 prout

352 2787 383 2823 «
415 2767 665 2829 tenetur
693 2762 761 2828 in
792 2761 1012 2830 choro.
1048 2761 1130 2829 Et
1157 2762 1237 2829 de
1266 2764 1443 2831 hisce
1474 2764 1618 2832 aliis
1651 2764 2100 2833 functionibus
2132 2762 2638 2853 intelligendum

350 2891 384 2929 «
413 2870 506 2933 est
534 2864 998 2934 Caeremoniale
1029 2865 1529 2957 Episcoporum,
1570 2869 1687 2937 ubi
1726 2870 1815 2938 ait
1843 2872 2236 2939 canonicum
2273 2868 2640 2937 hebdoma-

350 2997 383 3035 «
411 2970 674 3039 darium
707 2971 923 3040 sedere
967 2993 1147 3062 posse
1176 2973 1247 3041 in
1290 2966 1504 3063 primo
1542 2975 1726 3043 stallo
1757 2976 1839 3043 ab
1869 2997 1942 3044 ea
1979 2981 2158 3067 parte
2190 2975 2374 3043 chori
2411 2975 2478 3041 in
2509 2996 2638 3064 qua

342 3101 381 3138 «
409 3076 691 3177 obtingit
742 3078 1167 3145 hebdomada.
1226 3078 1372 3147 Non
1429 3082 1659 3170 ignoro
1716 3080 1784 3149 S.
1868 3081 1995 3150 Rit.
2053 3081 2634 3171 Congregationem

347 3207 382 3246 «
421 3182 616 3271 (anno
652 3182 825 3250 1758
849 3182 920 3249 in
943 3182 1504 3276 Balneoreqz'ensi)
1536 3189 1806 3257 sensisse
1832 3189 2004 3278 quod
2035 3195 2095 3256 et
2119 3189 2189 3256 in
2213 3189 2497 3279 vesperis
2522 3209 2635 3256 ca·-

349 3311 385 3349 «
416 3289 695 3355 nonicus
713 3289 1257 3357 hebdomadarius
1282 3298 1538 3380 paratus
1558 3295 1775 3363 sedere
1793 3296 2020 3363 debeat
2038 3296 2108 3365 in
2132 3317 2395 3364 scamno
2415 3316 2635 3386 panno

348 3418 381 3456 ι(
410 3400 705 3483 cooperto
737 3416 775 3460 a
809 3416 1015 3462 cornu
1048 3396 1375 3487 Epistolae.
1426 3400 1509 3466 At
1538 3400 1626 3467 ita
1654 3402 1852 3480 sensit
1884 3424 1957 3470 ex
1993 3402 2431 3494 peculiaribus
2472 3401 2627 3469 facti

346 3526 380 3563 «
409 3501 929 3570 circumstantiis.
961 3525 995 3566 »
1026 3502 1369 3593 (Ferraris,
1395 3526 1552 3572 cum
1577 3506 1776 3576 addit.
1802 3510 1882 3577 ad
1905 3532 1965 3577 v.
1997 3508 2633 3597 Hebdomadarius.)

1260 3782 1546 3844 CAPUT
1603 3785 1723 3845 XX

380 3956 455 3998 DE
496 3955 706 4000 AETATE
749 3958 1058 4011 REQUISITA
1088 3962 1167 4004 AD
1203 3962 1559 4011 DIGNITATES
1599 3968 1675 4011 ET
1717 3967 2121 4016 CANONICATUS
2164 3970 2586 4016 CATHEDRALES

423 4142 632 4210 Nemo
688 4142 898 4230 iqitur
961 4146 1259 4240 deinceps
1306 4149 1399 4218 ad
1451 4151 1812 4243 diqnitates
1880 4180 2322 4248 quascumque
2387 4157 2628 4248 quibus

334 4246 715 4315 animarum
735 4270 895 4316 eura
906 4252 1123 4320 subest
1134 4271 1632 4345 promoveatur,
1664 4262 1794 4332 nisi
1817 4264 1937 4354 qui
1954 4265 2196 4334 saltem
2225 4264 2623 4356 viqesimum

339 4354 644 4443 quintum
661 4377 798 4424 suae
825 4357 1047 4425 aetatis
1077 4382 1332 4429 annum
1372 4366 1698 4457 attiqerz't.
