2930 4982
1151 340 1229 385 DE
1272 340 1602 393 GAPI'rums.
2394 355 2516 412 907

231 448 399 531 dam,
430 456 616 518 caute
641 472 774 521 esse
796 454 1298 546 intelligendam
1326 469 1389 530 et
1413 465 1847 554 limitandam,
1877 470 2039 540 dum
2067 475 2221 544 dicit
2252 500 2519 567 genera·

228 555 341 623 tim
366 555 773 648 Episcopum
803 560 1038 631 debere
1070 568 1293 635 omnia
1330 593 1634 661 peragere
1668 575 1746 642 de
1783 598 2099 649 consensu
2129 586 2425 675 capituli,
2455 598 2517 660 et

225 659 378 728 dum
407 663 880 735 irrationabiles
902 675 1091 738 vocat
1121 677 1625 747 consuetudines
1658 703 1802 769 quoe
1833 685 2141 775 derogant
2159 690 2301 779 juri
2339 714 2513 764 com·

224 767 406 834 muni
462 769 543 836 de
599 771 941 843 collatione
1003 774 1389 849 simultanea
1445 805 1461 851 ε
1521 785 1817 876 alioquin
1873 793 2051 858 enim
2108 795 2174 863 in
2222 819 2505 870 errorem

222 873 572 944 induceret.

290 979 676 1049 Notandum
704 984 899 1053 etiam
919 988 1033 1078 jus
1063 990 1467 1061 simultaneae
1496 1000 1711 1065 vocari
1727 1001 1847 1089 jus
1871 1025 2240 1093 commune,
2272 1033 2401 1080 non
2430 1035 2503 1083 eo

217 1089 379 1176 quod
412 1089 484 1156 in
514 1089 732 1180 aliquo
768 1098 946 1162 textu
980 1098 1151 1186 juris
1179 1102 1452 1170 omnino
1482 1125 1774 1195 expresse
1813 1116 2190 1182 contentum
2234 1121 2510 1207 reperia-

217 1197 346 1280 tur3
384 1193 497 1262 sed
526 1196 680 1283 quia
719 1219 795 1266 ex
821 1202 1122 1271 unanimi
1157 1204 1496 1274 doctorum
1534 1209 2058 1302 interpretatione
2088 1225 2149 1285 et
2176 1223 2340 1310 stylo
2369 1224 2505 1293 Ro-

214 1319 413 1367 mauae
453 1300 656 1368 curiae
690 1302 760 1370 in
791 1304 903 1393 jus
949 1327 1301 1378 commune
1344 1319 1679 1404 receptum
1727 1322 1843 1385 est.
1890 1345 1926 1384 «
1955 1319 2227 1392 Minime
2274 1327 2361 1396 ita
2402 1352 2501 1399 re·

217 1424 248 1466 «
273 1403 655 1493 cipiendum
686 1411 801 1488 est,
832 1409 921 1476 ait
962 1410 1262 1482 Lotterus
1292 1414 1410 1505 (De
1450 1417 1691 1507 benefi,
1727 1420 1775 1488 l.
1810 1421 1891 1508 ll,
1923 1446 1990 1513 q.
2025 1426 2136 1506 21,
2181 1450 2250 1495 n.
2286 1430 2352 1521 9)
2383 1440 2492 1518 ,ut

216 1532 247 1571 «
270 1508 367 1576 lex
397 1510 619 1600 aliqua
645 1513 780 1581 sive
808 1535 1017 1584 canon
1043 1518 1332 1609 idipsum
1352 1544 1643 1613 expresse
1662 1525 1984 1617 disponat,
2011 1531 2119 1599 sed
2149 1539 2243 1600 est
2268 1536 2502 1606 intelli-

217 1639 246 1678 «
271 1616 561 1704 gendum
590 1617 935 1688 inductum
963 1646 1078 1713 per
1103 1625 1698 1718 interpretationem
1732 1633 2181 1723 doctrinalem,
2205 1663 2353 1730 quae
2382 1644 2495 1713 ubi

213 1723 519 1791 «ratione
561 1730 810 1793 constat
854 1732 916 1794 et
955 1751 1071 1818 per
1112 1732 1351 1820 glossas
1379 1741 1442 1803 et
1467 1737 1757 1808 doctores
1796 1746 2237 1814 communiter
2263 1755 2356 1818 est
2382 1772 2495 1821 re-

208 1850 244 1892 «
275 1834 471 1918 cepta,
505 1829 656 1898 l'acit
685 1833 821 1921 jus,
852 1835 1158 1925 venitque
1185 1841 1613 1930 appellatione
1635 1847 1810 1937 juris
1838 1853 2232 1922 communis.
2270 1882 2303 1919 »

1279 2109 1401 2187 §6

650 2273 708 2310 IN
738 2273 844 2318 QUO
874 2274 1159 2316 CONSISTAT
1188 2281 1277 2318 ms
1315 2282 1664 2321 COLLATIONIS
1693 2284 2045 2324 SIML'LTANEAE

274 2443 626 2525 Quomodo
681 2445 1183 2538 intelligendum
1222 2452 1303 2521 sit
1345 2453 1459 2543 jus
1501 2455 1860 2526 collationis
1905 2460 2333 2552 simultaneae,
2393 2472 2485 2539 sic

188 2552 455 2642 epocat
486 2551 781 2623 laudatus
818 2557 1163 2626 cardinalis
1195 2560 1274 2628 de
1316 2560 1492 2630 Luca
1521 2588 1537 2631 ε
1580 2591 1614 2631 «
1644 2563 1768 2634 Ubi
1803 2589 1978 2648 vem,
2012 2582 2294 2642 cessante
2323 2599 2482 2647 con-

196 2680 231 2722 «
256 2658 615 2744 suetudine,
662 2682 998 2731 versamur
1032 2663 1104 2731 in
1143 2667 1437 2736 terminis
1471 2671 1645 2759 juris
1674 2678 2066 2764 communiS‚
2104 2681 2479 2753 attendendi

199 2785 228 2825 «
247 2764 429 2852 Juxta
461 2765 701 2833 dictam
722 2774 1049 2858 receptam
1080 2772 1455 2862 opinionem
1486 2798 1603 2864 pro
1632 2778 2046 2861 simultanea,
2074 2791 2238 2851 tunc
2268 2787 2338 2851 in
2362 2789 2482 2855 ista

198 2889 227 2930 «
252 2868 495 2955 pariter
536 2876 628 2935 est
656 2876 989 2959 receptum
1018 2876 1193 2961 quod
1222 2882 1317 2943 est
1346 2878 1593 2965 aequale
1611 2881 1721 2966 jus
1753 2880 2063 2970 Episcopi
2089 2889 2153 2949 et
2183 2886 2480 2973 capituli,

199 2972 333 3039 «ita
364 2977 441 3040 ut
475 2976 653 3041 tanta
675 2974 757 3042 sit
777 2998 899 3044 vox
922 2980 1152 3065 unius,
1173 2987 1417 3067 quanta
1444 2982 1528 3048 sit
1553 2982 1816 3049 alterius
1839 3010 1856 3067 ;
1886 3006 2023 3053 non
2053 2987 2476 3078 collegiative,

200 3078 354 3144 «sed
381 3079 763 3167 sejunctim,
795 3082 1069 3171 perinde
1105 3104 1181 3149 ac
1219 3085 1274 3149 si
1312 3089 1523 3149 essent
1547 3084 1694 3158 duae
1722 3108 2015 3176 personae
2040 3113 2323 3179 quarum
2349 3116 2479 3164 una

201 3203 229 3242 (ι
254 3190 742 3273 repraesentatur
783 3186 866 3255 ab
902 3186 1246 3279 EpiscopO,
1295 3189 1492 3257 altera
1542 3213 1695 3259 vero
1743 3214 1780 3260 a
1826 3196 2142 3285 capitulo;
2194 3221 2472 3289 quarum

201 3294 520 3381 «utraque
549 3291 907 3361 collationis
937 3299 1155 3361 actum
1185 3294 1256 3361 in
1288 3298 1576 3387 tempore
1602 3318 1676 3365 ac
1700 3299 1843 3367 loco
1876 3300 2128 3370 diverso
2156 3306 2470 3396 explicare

200 3414 228 3454 «
251 3400 444 3482 potest
472 3396 597 3488 (ibi
631 3398 703 3466 in
722 3399 1190 3490 probationem
1221 3402 1478 3470 multas
1509 3401 1857 3473 deczlsz‘ones
1885 3408 2073 3475 Rota.»
2105 3410 2370 3502 alleqat
2390 3413 2470 3482 de

200 3522 230 3560 «
250 3501 471 3594 Luca).
508 3504 713 3573 Istum
743 3528 897 3575 vero
933 3507 1307 3576 conferendi
1337 3512 1610 3579 modum
1641 3512 2038 3601 frequentior
2075 3521 2466 3607 experientia

200 3627 228 3668 «
250 3612 618 3701 comprobat
679 3634 826 3679 raro
895 3614 977 3680 ad
1022 3614 1272 3703 praxim
1339 3616 1808 3703 deducibilem,
1866 3617 2293 3708 pluriumque
2361 3624 2467 3690 in-

202 3736 229 3776 «
251 3718 767 3785 convenientium
855 3718 1349 3808 productivum3
1425 3724 1740 3808 quoniam
1809 3744 1966 3789 eum
2037 3724 2108 3789 in
2183 3725 2466 3796 diversas

202 3842 541 3910 «personas
587 3824 763 3892 abire
813 3821 1081 3909 solean't,
1115 3828 1308 3913 atque
1343 3824 1425 3892 ob
1471 3847 1708 3892 vocum
1756 3828 2188 3916 aequalitatem
2237 3838 2463 3904 neutra

198 3949 226 3990 «
249 3929 491 3999 collatio
540 3930 912 4019 concludat,
959 3931 1202 4032 idcirco
1252 3931 1491 4023 aperiri
1537 3933 1696 4000 solet
1729 3933 1910 4002 locus
1947 3936 2342 4007 devolutioni
2378 3944 2460 4011 ad

195 4032 564 4127 «Papam...
597 4037 769 4105 Hinc
810 4038 1080 4129 proinde
1108 4040 1463 4128 prudenter
1500 4040 1714 4130 praxis
1761 4041 2157 4128 frequentius
2203 4046 2458 4116 induxit

196 4144 598 4211 «turnariam
638 4143 1021 4212 divisionem
1061 4166 1177 4233 per
1219 4165 1499 4227 menseS,
1543 4144 1647 4210 vel
1695 4144 2154 4231 hebdomadas,
2201 4152 2455 4242 aliaque

193 4265 222 4307 t(
244 4251 564 4341 tempora;
594 4255 668 4316 ut
690 4272 862 4317 unus
886 4272 1047 4333 uno,
1079 4249 1239 4316 alter
1267 4249 1394 4317 alio
1424 4253 1714 4338 tempore
1741 4248 1809 4315 in
1838 4252 2148 4340 solidum,
2169 4276 2245 4322 ac
2263 4259 2454 4344 pleno

192 4354 371 4439 «jure
402 4356 709 4426 conferat.
742 4354 927 4436 Quod
961 4356 1152 4422 etiam
1184 4356 1254 4422 in
1278 4357 1571 4445 ipsismet
1600 4357 1896 4447 capitulis
1920 4358 2088 4425 inter
2111 4358 2455 4423 canonicos
