2930 4982
326 393 361 447 3
371 392 406 448 Ο
1305 396 1644 443 TRACTATUS

334 550 366 587 «
395 522 747 609 cademque
789 519 951 586 urbe
987 518 1210 609 plures
1247 516 1531 584 'ecclesiae
1568 517 1806 584 exstrui
1842 522 2198 606 coeperunt,
2230 539 2376 605 quae
2399 522 2632 585 tamen

337 656 368 692 «
402 626 751 695 cathedrali
779 626 1205 714 obsequentes
1239 607 1473 702 essent,
1516 645 1589 690 ac
1629 623 1941 689 secundas
1970 626 2255 711 agerent.
2291 621 2374 690 Ut
2397 629 2634 690 autem

333 761 366 800 «
395 740 605 802 essent
634 733 748 823 qui
772 735 845 800 in
880 732 1182 800 secundis
1207 731 1385 798 hisce
1415 729 1701 797 ecclesiis
1727 750 1866 795 rem
1896 728 2187 794 divinam
2209 735 2632 818 peragerent,

336 842 672 909 «verbum
717 840 837 908 Dei
880 839 1317 928 explanarent,
1372 858 1550 904 sacra
1596 836 2158 918 administrarent,
2221 835 2301 901 ab
2348 835 2635 903 ecclesia

336 975 367 1010 «
399 948 746 1016 cathedrali
769 944 1260 1013 missitabantur
1275 942 1628 1033 presbyteri
1644 943 1757 1031 qui
1774 942 1952 1009 hisce
1977 942 2367 1009 muneribus
2385 941 2639 1030 funge-

335 1078 367 1115 «
399 1059 650 1138 rentur,
675 1052 837 1140 quin
859 1038 1075 1118 tamen
1097 1071 1292 1117 suum
1312 1049 1564 1135 locum,
1598 1048 1979 1138 dignitatem
2003 1054 2064 1115 et
2086 1070 2227 1115 rem
2258 1049 2328 1114 in
2349 1049 2636 1116 ecclesia

336 1186 369 1223 «
401 1158 746 1227 cathedrali
780 1159 1170 1224 amitterent.
1200 1156 1617 1224 Innocentius
1648 1155 1701 1242 Ι,
1729 1178 1901 1224 anno
1930 1155 2088 1239 404,
2123 1156 2195 1222 in
2220 1176 2294 1223 ea
2314 1178 2516 1245 quam
2543 1156 2636 1222 ad

338 1292 369 1330 (ι
400 1264 784 1333 Decentium
808 1263 1237 1353 Eugubinum
1263 1264 1523 1352 scripsit
1551 1263 1839 1352 epistola,
1876 1286 2016 1329 rem
2049 1263 2219 1330 hanc
2246 1262 2641 1353 planissime

340 1396 372 1433 «
401 1377 462 1437 et
493 1369 892 1459 apertissime
930 1368 1207 1435 illustrat
1256 1391 1272 1435 z
1324 1371 1419 1434 De
1440 1369 1769 1457 fermento
1802 1366 1981 1457 quod
2004 1366 2106 1434 die
2140 1367 2470 1436 dominica
2509 1391 2648 1458 per

342 1504 374 1540 «
407 1476 644 1543 titulos
709 1475 1040 1542 mittimus
1064 1528 1084 1556 ,
1143 1477 1482 1566 superflue
1541 1496 1661 1541 nos
1716 1474 2052 1542 consulere
2101 1473 2417 1560 voluisti,
2475 1498 2645 1542 cum

342 1610 374 1646 (ι
409 1605 630 1649 omnes
666 1581 948 1648 ecclesiae
979 1592 1221 1647 nostroe
1265 1582 1450 1647 intra
1480 1580 1823 1647 civitatem
1851 1581 1985 1648 sint
2010 1581 2385 1648 constituta?
2404 1602 2433 1664 ,·
2453 1605 2645 1671 qua-

344 1718 375 1753 «
408 1711 558 1755 rum
588 1687 995 1778 presbyteri,
1041 1688 1203 1777 quia
1245 1686 1348 1754 die
1377 1687 1524 1778 ipsa
1554 1699 1834 1777 propter
1847 1687 2121 1778 plebem
2149 1687 2280 1755 sibi
2305 1686 2648 1756 creditam

347 1823 377 1858 «
408 1794 744 1861 nobiscum
797 1794 1138 1860 convenire
1181 1817 1314 1860 non
1354 1806 1665 1884 possunt,
1729 1793 1869 1860 ideo
1915 1795 2319 1884 fermentum
2371 1818 2412 1861 a
2444 1794 2647 1862 nobis

345 1919 376 1954 «
408 1893 774 1982 confectum
804 1914 936 1981 per
977 1890 1322 1981 acolythos
1358 1892 1721 1982 accipiunt,
1770 1903 1846 1960 ut
1894 1915 1961 1959 se
2008 1916 2050 1960 a
2077 1902 2309 1959 nostra
2344 1915 2644 1960 commu-

349 2023 380 2060 «
411 1998 604 2065 mione
627 1997 927 2064 maaeime
949 1997 1084 2064 illa
1116 1996 1220 2064 die
1241 2021 1377 2065 non
1383 1997 1694 2088 judicent
1718 2010 2080 2089 separatos,
2120 1998 2344 2088 (Epist.
2380 1998 2433 2085 l,
2462 2021 2525 2066 c.
2557 1999 2640 2083 53

350 2130 380 2166 «
412 2104 585 2192 apud
611 2103 965 2171 Labbaeum
998 2103 1247 2171 Concil.
1282 2110 1438 2171 tom.
1471 2104 1550 2187 11,
1586 2129 1649 2194 p.
1685 2104 1911 2194 1247.)
1942 2104 2035 2170 Ex
2063 2105 2242 2171 hisce
2266 2104 2639 2172 Innocentii

354 2234 386 2272 «
416 2209 625 2276 verbis
651 2210 777 2275 tria
800 2210 1233 2299 intelligimus
1262 2235 1277 2277 ε
1313 2211 1376 2277 10
1401 2210 1623 2278 Romae
1648 2216 1805 2277 tunc
1829 2211 2136 2301 temporis
2162 2211 2379 2300 plnres
2402 2232 2642 2277 secun-

354 2338 386 2377 «
416 2315 650 2381 darum
671 2315 956 2403 partium
975 2316 1280 2384 exstitisse
1304 2316 1635 2384 ecclesias:
1667 2338 1816 2382 cum
1841 2338 2064 2384 omnes
2089 2314 2371 2383 ecclesiae
2387 2327 2641 2381 nostrae

352 2443 385 2480 «
413 2417 597 2483 intra
618 2418 957 2483 civitatem
975 2420 1111 2484 sint
1133 2420 1532 2486 constitutae.
1561 2421 1629 2484 2⁰
1650 2420 1797 2484 Illas
1814 2421 1883 2484 in
1901 2421 2417 2513 presbyterorum
2433 2420 2638 2484 fidem

355 2549 385 2584 «
414 2545 487 2589 ac
508 2544 733 2590 curam
756 2525 1138 2590 concessisse
1164 2550 1178 2591 ε
1191 2536 1479 2613 propter
1490 2522 1756 2613 plebem
1786 2522 1914 2589 sibi
1946 2522 2288 2589 creditam.
2334 2523 2400 2590 3⁰
2424 2521 2638 2589 Hosce

352 2627 809 2716 «presbyteros
839 2650 1027 2695 suam
1067 2629 1409 2718 pristinam
1457 2630 1526 2694 in
1563 2628 1829 2695 ecclesia
1861 2628 2203 2717 episcopali
2244 2629 2636 2717 dignitatem

357 2733 760 2800 «retinuisse
808 2757 823 2799 ε
879 2733 1036 2821 quia
1087 2755 1159 2799 eo
1213 2732 1315 2800 die
1361 2732 1700 2800 nobiscum
1751 2734 2095 2801 convenire
2139 2756 2274 2801 non
2318 2746 2637 2825 possunt.

356 2866 390 2905 z<
420 2838 705 2928 Hujusce
742 2838 1103 2928 disciplinae
1143 2840 1635 2929 praeclarissima
1674 2839 1943 2929 vestigia
1968 2840 2182 2907 adhuc
2213 2840 2530 2908 babemus
2566 2841 2644 2908 in

358 2974 392 3010 «
419 2946 731 3012 Romanae
753 2944 1053 3011 Ecclesiae
1072 2946 1531 3029 cardinalibus,
1565 2948 1635 3013 in
1662 2946 1905 3037 quibus
1930 2952 1990 3013 et
2008 2947 2241 3015 veteris
2260 2949 2643 3039 presbyterii

360 3054 483 3114 «et
526 3050 891 3138 priscorum
925 3050 1361 3137 parochorum
1404 3053 1768 3141 expressam
1808 3052 2165 3140 imaginem
2205 3056 2562 3120 intuemur.
2598 3076 2633 3117 »

352 3154 612 3245 (politi,
672 3154 1212 3247 Jurisprudentia
1275 3157 1429 3224 eccl.
1489 3158 1845 3240 universa,
1907 3165 1953 3225 t.
2022 3158 2106 3237 V,
2170 3183 2236 3248 p.
2302 3159 2421 3246 813
2479 3159 2633 3227 edit.

349 3259 581 3328 Venet.
623 3260 848 3351 1790.)
1669 3340 1674 3344 ,

441 3365 799 3433 Concordat
848 3366 1316 3437 Thomassinus
1371 3369 1559 3461 (part.
1624 3369 1675 3452 Ι,
1734 3369 1853 3437 lib.
1912 3369 1977 3451 3,
2041 3391 2181 3459 cap.
2243 3371 2310 3449 9,
2362 3371 2403 3458 ξ
2455 3369 2561 3460 13)
2622 3396 2636 3437 ε

363 3498 397 3536 «
425 3470 635 3540 Venio
682 3472 760 3539 ad
810 3472 1108 3540 ecclesias
1150 3496 1412 3563 graecaS,
1468 3475 1584 3560 ubi
1627 3476 1791 3542 illud
1838 3475 2156 3564 primum.
2186 3476 2405 3542 edocet
2448 3476 2645 3543 Justi-

364 3606 398 3646 «
424 3582 663 3647 nianus
712 3579 806 3670 (in
857 3578 1163 3671 Novellis)
1198 3571 1767 3670 ⁸Constantinopoli
1818 3603 2024 3648 unam
2076 3582 2290 3672 primo
2338 3582 2646 3650 duntaxat

365 3686 621 3753 «fuisse
668 3685 1007 3752 ecclesiam
1029 3736 1048 3771 ,
1104 3688 1209 3754 cui
1262 3694 1605 3777 postquam
1658 3693 1783 3759 tres
1826 3688 1967 3755 alia-3
2016 3695 2443 3775 accesserunt,
2500 3695 2644 3756 tum

368 3793 664 3880 «prioris
712 3792 888 3859 illius
941 3792 1271 3861 ministros
1315 3794 1386 3861 in
1437 3794 1554 3861 has
1595 3816 1713 3884 per
1760 3795 1931 3862 vices
1971 3794 2275 3860 missitari
2304 3793 2545 3877 solitoS‚
2576 3799 2650 3861 ut

370 3922 402 3960 «
431 3897 652 3963 divina
680 3896 773 3963 ibi
802 3899 1031 3965 munia
1061 3899 1338 3967 obirent.
1371 3925 1405 3986 y>
1431 3898 1613 3964 Idem
1631 3898 2100 3965 Thomassinus
2135 3898 2317 3987 (part.
2344 3898 2399 3985 I,
2421 3899 2539 3967 lib.
2574 3898 2641 3982 3,

359 4025 497 4091 cap.
557 4004 621 4083 7,
681 4001 721 4091 ξ
773 4001 889 4090 8):
932 4029 967 4068 «
1000 4003 1332 4093 Praecipua
1385 4008 1601 4070 autem
1661 4003 2099 4093 antiquissimi
2142 4004 2320 4071 illius
2362 4004 2519 4071 cleri
2586 4011 2647 4071 et

371 4106 898 4175 «hodiernorum
963 4112 1394 4200 capitulorum
1464 4110 1843 4177 discrimina
1920 4116 2103 4178 erant
2179 4110 2543 4178 istiusmodi
2626 4136 2642 4179 :

367 4241 401 4278 «
437 4215 499 4280 10
571 4211 715 4279 Non
779 4215 1109 4282 constabat
1176 4218 1388 4285 clerus
1440 4217 1550 4285 ille
1601 4215 1729 4283 nisi
1786 4216 2174 4307 presbyteris
2220 4223 2283 4284 et
2330 4217 2639 4285 diaconis

296 4321 299 4322 ’
370 4346 405 4384 (ι
433 4319 499 4386 20
541 4316 905 4406 Presbyteri
954 4325 1017 4387 et
1065 4321 1322 4389 diaconi
1372 4324 1471 4406 hi,
1522 4324 1792 4414 parochi
1842 4324 1970 4413 ipsi
2022 4330 2206 4391 erant
2256 4331 2318 4391 et
2365 4330 2645 4414 pastores

371 4450 406 4488 «
433 4427 730 4494 omnium
777 4426 1055 4498 civitatis
1095 4427 1556 4517 ecclesiarum3
1600 4435 1711 4498 aut
1752 4430 1807 4497 si
1843 4429 2129 4498 necdum
2153 4442 2362 4499 essent
2386 4430 2646 4498 divulsae
