2930 4982
423 352 548 409 354
1395 355 1740 403 mAcrAws

429 513 463 552 «
510 489 736 576 praeter
762 497 1155 549 consensum
1191 477 1583 546 clericorum
1611 476 1757 545 talis
1787 474 2096 560 ecclesiae,
2129 475 2184 544 si
2225 477 2443 567 plures
2479 485 2709 569 praeter

428 617 460 655 «
505 589 844 681 praelatum
879 583 1135 667 habeat,
1178 589 1243 652 et
1282 588 1517 673 praeter
1562 603 1954 651 consensum
1993 582 2188 650 etiam
2234 581 2560 675 Episcopi,
2613 608 2712 656 re-

423 722 458 761 «
500 694 790 786 quiritur
833 711 1183 760 consensus
1224 688 1490 780 capituli
1537 688 1921 757 cathedralis
1957 692 2021 757 et
2059 693 2364 757 tractatus
2408 711 2565 758 cum
2608 714 2704 775 eo,

424 828 462 868 ι(
508 803 562 871 si
609 800 967 892 Episcopus
1022 802 1116 865 est
1167 795 1541 886 principalis
1595 800 1822 862 auctor
1875 794 2320 883 alienationis3
2374 797 2575 887 idque
2631 822 2709 870 ne

422 933 460 976 ε(
504 909 659 977 alias
682 912 815 975 tam
851 902 1036 972 facile
1060 900 1420 971 alienentur
1448 901 1619 969 bona
1644 899 1828 968 illius
1871 901 2180 969 ecclesiae.
2213 926 2248 965 »
2291 899 2704 992 (LeureniuS,

417 1016 560 1086 loco
587 1012 832 1101 citato.)

506 1122 571 1189 6.
617 1147 650 1185 α
686 1121 884 1188 Porro
922 1138 1272 1187 consensus
1314 1116 1504 1185 debet
1543 1138 1677 1184 esse
1712 1137 1751 1184 a
1784 1115 2248 1207 capitularibus
2285 1116 2705 1208 collegialiter

423 1256 456 1296 α
502 1250 613 1297 seu
637 1226 839 1295 simul
862 1224 1288 1315 congregatis,
1319 1223 1401 1292 Et
1426 1224 1691 1313 quidem
1719 1244 2081 1314 expressus,
2107 1224 2197 1292 ita
2226 1230 2298 1291 ut
2324 1226 2555 1294 tacitus
2597 1249 2698 1296 seu

422 1360 455 1399 α
501 1336 935 1425 praesumptus
973 1351 1107 1398 non
1150 1329 1461 1399 sufficiat:
1514 1330 1816 1418 arguitur
1861 1351 1938 1396 ex
1978 1329 2182 1419 capite
2223 1330 2433 1397 Irrita
2474 1331 2700 1423 (supra

420 1467 455 1507 ι(
505 1437 937 1529 transcripto)
993 1437 1108 1505 ubi
1165 1457 1519 1504 consensus
1574 1436 1684 1503 ille
1736 1442 2001 1504 vocatur
2058 1434 2499 1518 collaudatio,
2565 1458 2699 1526 quae

419 1575 454 1613 ι(
499 1547 1027 1639 approbationem
1053 1543 1256 1612 simul
1278 1548 1819 1632 congregatorum
1842 1542 2238 1631 significat...
2266 1542 2456 1623 Quod
2483 1549 2697 1612 tamen

418 1680 452 1721 «
496 1654 575 1721 de
621 1674 940 1721 consensu
984 1671 1279 1741 expresso
1300 1650 1716 1738 distinguunt
1746 1648 1899 1716 alii:
1932 1648 2253 1717 nimirum
2291 1654 2366 1716 ut
2403 1649 2452 1716 is
2478 1651 2698 1740 requi-

417 1788 449 1824 «
492 1764 672 1827 ratur
696 1759 774 1826 ad
797 1757 1247 1825 alienationem
1280 1755 1377 1822 rei
1417 1754 1888 1839 ecclesiasticae,
1934 1776 2081 1845 quae
2117 1755 2385 1823 nomine
2415 1755 2695 1825 ecclesiae

419 1896 451 1932 ι(
492 1868 563 1935 in
614 1869 1085 1957 perpetuum...
1137 1861 1240 1929 vel
1284 1861 1367 1928 ad
1410 1862 1689 1950 longum
1732 1866 2019 1953 tempus,
2071 1862 2254 1932 verbi
2304 1863 2537 1952 gratia,
2588 1885 2691 1954 per

416 1999 452 2040 α
497 1972 904 2058 locationem,
930 1969 1284 2052 alienatur3
1315 1967 1596 2036 sufficiat
1632 1990 1785 2037 vero
1808 1990 2158 2037 consensus
2188 1970 2417 2037 tacitus
2451 1975 2511 2037 et
2534 1991 2691 2059 prae·

417 2107 449 2146 «
495 2085 795 2170 sumptus
827 2099 904 2144 ex
941 2076 1207 2145 scientia
1235 2081 1297 2143 et
1325 2075 1758 2142 taciturnitate
1788 2075 2080 2166 capituli,
2117 2074 2200 2144 ad
2241 2074 2687 2144 alienationem

417 2211 449 2250 «
490 2186 569 2254 ad
592 2186 784 2253 breve
805 2190 1089 2274 tempuS,
1116 2188 1296 2273 puta,
1327 2182 1497 2249 infra
1522 2181 1948 2250 decennium.

506 2321 539 2358 «
586 2292 961 2381 Requiritur
997 2311 1254 2379 quoque
1299 2294 1373 2356 ut
1412 2309 1761 2356 consensus
1806 2288 1918 2357 ille
1963 2289 2045 2357 sit
2089 2290 2417 2380 praestitus
2462 2290 2681 2381 praevio

414 2426 447 2463 «
471 2403 786 2479 „tractatu,
821 2396 1171 2484 etquidem
1199 2395 1510 2484 diligente
1534 2399 1597 2461 et
1620 2394 1923 2482 solemni,
1954 2394 2174 2463 habito
2204 2417 2361 2464 cum
2385 2397 2681 2487 capitula-

413 2529 445 2566 «
487 2504 670 2570 ribus
712 2504 781 2569 in
826 2524 1035 2568 unum
1069 2503 1496 2590 congregatis,
1540 2524 1671 2591 quo
1703 2500 2014 2570 Praelatus
2058 2524 2213 2571 cum
2255 2506 2536 2594 capitulo
2578 2523 2681 2573 seu

410 2635 442 2673 «
488 2614 808 2675 conventu
854 2608 931 2673 de
974 2608 1294 2698 proposita
1325 2608 1419 2675 rei
1454 2608 1848 2676 alienatione
1896 2609 2230 2697 deliberat,
2271 2612 2450 2698 juxta
2493 2615 2682 2699 caput

409 2740 443 2780 ι(
490 2714 649 2781 Sine
676 2711 1047 2803 exceptione
1071 2710 1300 2804 (supra
1326 2714 1861 2804 transcriptum).
1897 2713 2213 2784 Sufficere
2233 2720 2439 2782 autem
2468 2736 2677 2782 unum

411 2848 444 2887 «
487 2828 826 2890 tractatum
860 2827 1030 2887 tenet
1063 2821 1305 2906 Abbas,
1342 2820 1798 2900 CovarruviaS,
1843 2821 2254 2891 Wiestner...
2301 2821 2421 2891 Hic
2461 2828 2676 2891 tamen

410 2954 444 2994 «
484 2934 786 2996 tractatus
831 2947 961 2993 non
1008 2926 1365 3015 requiritur
1404 2926 1485 2994 ad
1523 2927 1979 2996 alienationem
2017 2930 2087 2996 in
2131 2930 2327 2996 rebus
2367 2930 2670 2998 modicis:

412 3060 445 3099 «
490 3036 601 3103 sed
638 3057 847 3124 neque
876 3035 943 3101 in
970 3035 1052 3101 iis
1082 3034 1301 3127 ipsum
1347 3055 1760 3115 consensum,
1805 3037 2143 3125 multoque
2173 3038 2400 3107 minus
2441 3058 2674 3128 expres-

219 3201 238 3228 ,
301 3221 304 3226 ‚
413 3170 446 3208 «
494 3167 641 3211 sum
678 3142 919 3231 requiri
959 3142 1219 3209 tradunt
1259 3140 1573 3209 Rebuffus
1602 3147 1664 3209 et
1705 3141 2143 3210 Reiffenstuel.
2198 3168 2234 3207 >³
2280 3142 2668 3233 (LeureniuS,

405 3251 544 3318 loco
571 3254 779 3318 citat0.

491 3357 554 3422 7.
590 3250 811 3436 Quaeri)
836 3361 1040 3446 potest
1067 3376 1150 3422 an
1176 3360 1237 3421 et
1265 3353 1472 3442 qualis
1498 3354 1869 3442 requiratur
1892 3355 2282 3446 subscriptio
2323 3354 2582 3447 capituli
2606 3358 2664 3420 iu

404 3461 821 3552 exprimendo
863 3482 979 3529 suo
1015 3481 1355 3527 consensu·
1402 3496 1495 3508 —
1546 3484 1580 3521 ε(
1616 3457 2013 3550 Subscriptio
2064 3461 2417 3553 capituli...
2468 3463 2551 3529 ita
2586 3465 2664 3525 est

410 3595 443 3635 «
485 3568 861 3651 necessaria,
898 3572 970 3634 ut
1005 3565 1132 3633 nisi
1170 3564 1304 3646 fiat,
1344 3562 1638 3632 alienatio
1668 3565 1751 3657 sit
1783 3566 1988 3634 irrita.
2020 3592 2054 3631 »
2103 3567 2509 3657 (LeureniuS,
2543 3567 2662 3634 loco

401 3674 640 3765 citato.)
673 3674 977 3764 Expresse
1005 3671 1184 3738 enim
1223 3671 1310 3737 ita
1340 3668 1613 3737 habetur
1643 3669 1711 3736 in
1752 3692 1892 3762 cap.
1935 3674 1963 3738 1
1999 3674 2115 3741 tit.·
2143 3674 2225 3742 10
2261 3674 2415 3743 libri
2454 3672 2530 3741 111
2555 3671 2664 3740 De-

399 3783 737 3851 cretalium
758 3779 999 3846 :Irrita
1016 3777 1145 3845 erit
1163 3776 1647 3868 Episcoporum
1661 3778 1935 3870 donatio
1954 3781 2061 3847 vel
2076 3780 2372 3848 venditio
2392 3781 2493 3849 vel
2508 3799 2663 3847 com·

397 3889 684 3956 mutatio
716 3885 812 3952 rei
836 3883 1279 3952 ecclesiasticae
1310 3883 1552 3972 absque
1593 3884 2085 3955 collaudatione
2111 3900 2176 3955 et
2206 3886 2662 3979 subscriptione

385 3993 800 4058 clericorum.
855 4016 892 4056 «
931 3987 1322 4057 Universalis
1359 3995 1574 4055 tamen
1612 3990 1752 4059 haec
1779 3994 2026 4083 regula,
2065 4000 2139 4061 ut
2182 3994 2411 4062 volunt
2447 3989 2654 4081 aliqui·

406 4119 440 4159 «
485 4115 619 4162 non
654 4102 748 4163 est
783 4099 872 4164 ita
908 4093 1109 4165 ut'ad
1152 4114 1378 4162 omnes
1428 4099 1605 4163 actus
1643 4104 1706 4164 et
1752 4104 2120 4168 contractus
2166 4100 2535 4169 alienativos
2577 4095 2660 4164 rei

401 4226 434 4267 «
475 4200 914 4269 ecclesiasticae
944 4201 1312 4290 requiratur
1339 4202 1658 4292 scriptura
1687 4209 1749 4271 et
1776 4206 2166 4298 subscriptio
2185 4233 2290 4293 ;···
2330 4207 2439 4276 sed
2466 4203 2657 4274 solum

402 4333 436 4372 ι(
478 4305 766 4399 procedit
793 4306 1122 4394 responsio
1146 4307 1225 4374 de
1257 4307 1461 4375 tribus
1495 4308 1672 4376 hisce
1699 4311 2104 4381 alienationis
2133 4315 2487 4405 speciebuS,
2516 4330 2658 4379 ven·

404 4438 438 4475 «
479 4412 744 4498 ditione,
781 4409 1150 4485 donatione,
1176 4413 1676 4498 permutatione.
1716 4415 1914 4486 Porro
1945 4421 2344 4490 consuetudo
2383 4416 2653 4513 plurium
