2930 4982
1156 342 1235 389 ΩΙ
1279 339 1606 389 camus.
2398 334 2476 391 37
2489 337 2524 389 5

239 477 493 537 saurus,
548 478 699 547 pag.
758 456 870 543 49,
910 463 959 524 t.
1018 453 1397 547 LXXXlX.)
1460 481 1494 521 α
1526 455 1695 525 Cum
1734 478 1886 527 vero
1936 457 2210 549 collegia
2255 458 2529 528 indubia

249 589 283 629 ι(
330 563 630 632 facultate
673 562 957 654 polleant
1004 561 1441 630 constituendi
1488 561 1611 629 sibi
1648 565 1798 652 jura
1845 585 2235 655 normasque
2284 566 2528 655 quibus

252 695 286 735 ι(
322 676 590 761 pareant
613 722 631 757 ,
694 673 999 760 poterunt
1038 668 1277 759 pariter
1317 689 1632 736 consensu
1672 670 1872 737 tacito
1919 682 1982 738 et
2029 670 2232 761 lonqo
2261 693 2386 738 usu
2420 671 2523 741 le-

249 804 283 843 «
325 799 438 866 ges
481 776 790 845 inducere
828 775 1071 864 quibus
1108 774 1401 863 legitime
1436 773 1914 843 devinciantur.
1956 813 2047 827 —
2077 775 2520 862 Reiffenstuel‚

246 910 279 949 α
319 888 363 951 t.
397 883 516 969 lv,
547 883 595 951 l.
638 883 703 950 1.
734 905 804 950 n.
844 882 963 950 111
997 887 1060 951 et
1087 880 1238 949 112.
1273 907 1306 946 »
1345 880 1748 971 (Thesaurus
1773 880 2079 965 resolut.‚
2109 887 2267 950 tom.
2298 881 2525 964 XClll,

233 1013 383 1083 pag.
424 990 586 1074 130,
611 1012 787 1059 anno
824 988 1051 1080 1833.)

326 1097 720 1166 Concilium
747 1102 967 1164 autem
1022 1093 1395 1164 Romanum
1434 1093 1594 1162 anni
1638 1093 1810 1163 1725
1858 1114 2331 1182 memoramus,
2381 1097 2534 1185 quia

232 1203 614 1273 luculenter
636 1201 1013 1292 suaagendi
1040 1202 1289 1271 ratione
1316 1201 1613 1291 patefecit
1634 1201 1848 1269 eidem
1871 1223 1939 1269 se
1964 1199 2278 1269 doctrinae
2307 1200 2536 1270 adhae-

230 1332 403 1393 rere,
450 1332 655 1399 quam
697 1331 895 1400 supra
921 1308 1206 1376 vidimus
1245 1330 1283 1374 a
1320 1305 1515 1377 Sacra
1556 1305 1713 1375 Rota
1742 1306 1986 1398 pluries
2012 1305 2323 1375 decisam.
2360 1305 2527 1376 Cum

236 1416 415 1484 enim
446 1415 760 1506 Episcopi
795 1416 867 1481 in
909 1413 1026 1482 illo
1060 1411 1338 1482 concilio
1367 1412 1755 1503 provinciali
1791 1412 2058 1480 adunati
2089 1433 2224 1481 non
2258 1434 2531 1503 parvum

229 1524 662 1591 aestimassent
690 1521 1160 1589 detrimentum
1190 1520 1364 1608 quod
1393 1541 1510 1587 sua
1535 1517 1923 1587 cathedralia
1950 1524 2015 1586 et
2036 1517 2399 1608 collegialia
2427 1542 2537 1589 ca-

236 1627 441 1718 pitula
489 1627 675 1694 nulla
719 1627 850 1694 fere
885 1631 1059 1693 certa
1088 1629 1479 1692 statutorum
1524 1645 1757 1692 norma
1785 1623 2265 1714 regularentur‚
2318 1625 2537 1693 volue-

236 1740 392 1801 runt
432 1734 598 1801 huic
628 1732 800 1800 malo
824 1732 1094 1799 mederi.
1128 1730 1272 1798 Non
1305 1737 1525 1798 tamen
1553 1731 1678 1821 ipsi
1707 1735 1939 1799 statuta
1966 1730 2079 1798 illa
2104 1728 2535 1799 condiderunt

235 1844 302 1906 et
333 1838 647 1930 capitulis
685 1839 1162 1929 imposuerunt,
1198 1838 1306 1904 sed
1338 1860 1375 1905 a
1402 1837 1703 1926 capitulis
1732 1836 1889 1928 ipsis
1929 1836 2268 1906 condenda
2293 1861 2534 1928 praecc-

238 1950 509 2035 perant,
556 1946 679 2015 hoc
726 1946 966 2012 modo:
1020 1943 1483 2010 Ecclesiarum
1532 1942 1935 2032 capitulis...
1988 1940 2268 2031 definite
2297 1945 2538 2031 proaeci·

227 2052 475 2141 pimus
503 2074 582 2119 ac
605 2049 1039 2132 mandamus,
1068 2061 1148 2117 ut
1177 2049 1469 2139 antiqua
1493 2048 1554 2115 si
1589 2071 1724 2137 qua
1771 2048 2015 2116 habent
2040 2059 2306 2116 statuta
2327 2062 2392 2117 et
2427 2076 2538 2118 ca-

236 2157 579 2244 pitulares
623 2156 1158 2237 constitutiones,
1198 2153 1601 2245 depromant
1614 2172 1644 2236 ;
1687 2163 1754 2220 et
1800 2151 1918 2218 ubi
1964 2174 2100 2218 non
2142 2151 2402 2236 adsint,
2426 2180 2541 2224 sea:

249 2259 453 2351 infra
494 2263 728 2329 saltem
777 2284 1028 2329 menses
1061 2272 1222 2351 post
1259 2259 1615 2350 praesentis
1661 2256 1944 2325 concilii
1979 2254 2538 2345 publicationem,

236 2367 365 2435 sub
384 2367 819 2437 ecclesiastici
840 2365 1185 2436 interdicti
1189 2388 1428 2457 poena,
1448 2362 1722 2432 omnino
1742 2362 2133 2446 conficiant,
2152 2377 2218 2433 et
2232 2374 2539 2457 utraque,

251 2475 555 2566 antiqua
584 2474 838 2544 scilicet
868 2485 933 2542 et
955 2498 1209 2542 nova...
1249 2496 1399 2541 suos
1422 2471 1779 2564 respective
1791 2493 1921 2562 per
1949 2471 2321 2564 Episcopos
2350 2496 2539 2542 accu-

251 2595 401 2650 rate
440 2580 897 2651 apaminanda
934 2594 1001 2649 et
1038 2579 1432 2672 corriqenda
1480 2578 1840 2660 deducant,
1871 2591 2071 2671 atque
2096 2579 2539 2671 approbanda
2596 2647 2606 2657 ,

233 2700 664 2775 praesentent.

349 2793 671 2881 Episcopi
706 2794 925 2883 iqitur
954 2793 1030 2862 in
1060 2793 1144 2860 iis
1170 2791 1680 2872 examinandis,
1710 2792 1774 2860 si
1801 2790 1976 2882 quid
2015 2801 2250 2858 contra
2265 2791 2413 2880 jas,
2444 2793 2547 2858 vel

261 2894 649 2963 Tridentini
718 2898 983 2964 concilii
1051 2897 1308 2965 decreta
1372 2910 1497 2965 aut
1560 2897 1959 2988 pontificias
2028 2897 2541 2966 constitutiones

259 3001 612 3091 irrepsisse
634 3001 1091 3092 coqnoverint,
1114 3024 1309 3091 super
1332 3025 1403 3069 eo
1430 3000 1668 3069 Sedem
1688 3002 2037 3070 consulant
2056 3004 2109 3070 A
2105 3003 2539 3094 postolicam,

242 3133 288 3176 a
313 3132 453 3199 qua
479 3109 669 3201 juris
713 3106 1009 3176 remedia
1044 3120 1408 3200 expectent.
1450 3107 1961 3176 Consuetudines
1987 3122 2211 3178 autem
2244 3112 2543 3180 nonnisi

254 3214 708 3282 rationabiles
737 3225 802 3281 et
823 3214 1131 3282 honestas
1158 3213 1535 3281 admittant
1550 3234 1581 3296 ,·
1607 3225 1672 3280 et
1692 3213 1754 3280 si
1778 3219 1942 3303 quas
1968 3238 2011 3281 a
2038 3216 2301 3283 ratione
2336 3215 2538 3285 decli-

257 3345 482 3404 nasse,
510 3322 616 3389 vel
651 3333 886 3389 contra
920 3321 1247 3389 breviarii
1271 3321 1377 3388 vel
1398 3319 1726 3405 missalis,
1761 3311 2240 3389 coeremoniaIis
2269 3323 2538 3413 Episco-

235 3452 525 3520 porum,
555 3428 971 3518 pontificalis
999 3428 1106 3495 vel
1132 3427 1412 3495 ritualis
1434 3427 1711 3495 romani
1734 3427 2036 3495 rubricas
2063 3428 2432 3511 inolevisse,
2466 3451 2543 3496 ac

236 3534 545 3626 proinde
584 3533 956 3602 indebitam
999 3533 1167 3624 leqis
1195 3536 1472 3624 speciem
1522 3557 1877 3625 usurpasse
1915 3533 2389 3625 compererint,
2433 3553 2543 3599 eas

243 3643 344 3709 vel
365 3640 766 3731 corriqant,
789 3638 906 3705 vel*
941 3640 1218 3707 omnino
1243 3638 1520 3707 delenda
1548 3638 1923 3707 decernant.
1961 3637 2114 3728 (Tit.
2149 3639 2218 3723 2,
2253 3658 2304 3702 c.
2341 3635 2436 3723 4.)
2470 3634 2543 3702 lu

245 3749 548 3839 sequenti
588 3753 803 3814 autem
838 3746 1062 3837 capite,
1104 3745 1261 3812 dicit
1287 3744 1674 3811 Benedictus
1699 3742 1874 3831 Xlll,
1908 3767 1975 3812 se
2008 3741 2348 3811 extendere
2376 3738 2543 3809 illud

241 3854 583 3922 decretum
643 3858 815 3919 extra
867 3852 1191 3940 synodum
1246 3851 1325 3918 ad
1393 3872 1615 3918 omnes
1677 3850 2253 3940 metropolitanos.
2319 3843 2536 3935 (Cone.

250 3959 438 4028 Rom.
489 3961 646 4026 anni
678 3957 875 4038 1725,
907 3959 1005 4024 tit.
1035 3958 1103 4040 2,
1136 3978 1279 4047 cap.
1314 3957 1408 4045 4.)

2865 1196 2878 1325 ἱ···ιτ
2862 1018 2878 1133 ’,ιι
2848 526 2878 963 ῌΏ-Οὸ“1
2858 432 2878 485 “.““

2814 3401 2823 3402 η

2864 3620 2871 3632 ο
2864 3553 2869 3562 «
2856 3195 2875 3496 ρκ’-εέἢτηι
2862 3095 2875 3164 ¹-
