2930 4982
425 348 549 407 588
1398 355 1745 403 'rucrint-S

519 482 912 570 Cavebitqzte
949 479 1156 547 etiam
1196 479 1338 568 ipse
1368 478 1457 569 (1)
1492 501 1544 544 a
1572 476 1755 544 dicta
1787 474 2174 543 commenda
2204 485 2274 550 et
2314 476 2710 544 concessione

423 588 718 655 omnium
748 589 1105 675 fruetuum
1129 596 1240 667 ;et
1277 583 1463 651 illud
1498 605 1751 673 quoque
1784 581 1916 649 sibi
1952 580 2383 648 interdictum
2410 581 2598 664 sciet,
2633 605 2714 650 ne

420 715 564 759 eum
588 713 781 782 quem
806 691 1024 780 maqis
1056 687 1370 756 idoneum
1397 690 1534 780 ipse
1545 688 1961 779 judicaverit
1987 686 2355 755 constituat
2387 687 2709 756 vicarium

420 796 492 864 in
522 796 944 887 parochiali,
992 808 1113 864 aut
1156 795 1220 863 ei
1270 794 1726 886 quoquomodo
1759 793 2132 886 proeficiat,
2180 792 2381 860 donee
2431 794 2712 863 collatio

413 900 546 989 fiat
571 924 593 968 .·
624 901 741 969 sed
774 901 1033 969 debebit
1075 903 1348 969 omnino
1382 926 1425 969 a
1449 901 1785 992 principio
1815 898 2211 979 vacationz'S,
2259 909 2324 965 et
2352 910 2711 989 antequam

417 1006 633 1074 ullum
682 1029 959 1075 examen
1014 1009 1168 1098 fiat,
1225 1007 1625 1075 constituere
1665 1007 1737 1073 in
1793 1028 1870 1073 ea
1923 1005 2138 1072 alium
2192 1004 2553 1085 vicarium,
2602 1006 2716 1096 qui

418 1134 655 1181 curam
698 1115 1085 1182 animarum
1136 1115 1393 1181 interea
1441 1124 1660 1204 qerat,
1702 1111 1904 1179 donee
1949 1109 2368 1201 parochialis
2410 1110 2630 1199 fuerit
2669 1135 2708 1178 a

422 1216 585 1285 Sede
625 1219 1014 1308 Apostolz'ca
1045 1218 1304 1287 collata
1334 1218 1554 1309 maqis
1582 1216 1837 1285 idoneO.

510 1323 660 1401 Haec
691 1324 961 1393 celebris
1006 1324 1377 1408 declaratio,
1418 1346 1566 1413 quae
1601 1330 1798 1390 totam
1839 1322 2114 1389 formam
2155 1342 2599 1388 concursuum
2642 1323 2708 1389 in

420 1430 828 1500 conferendis
844 1432 1175 1500 beneficiis
1202 1430 1706 1522 parochialibus,
1731 1452 1863 1497 non
1885 1429 2098 1496 solum
2118 1434 2385 1495 vacante
2409 1427 2582 1509 sede,
2603 1428 2708 1495 sed

418 1537 610 1605 etiam
649 1540 843 1628 plena
872 1539 969 1628 (ut
993 1545 1165 1607 recte
1203 1539 1546 1606 advertunt
1575 1543 1867 1605 auctores
1903 1559 2056 1603 cum
2089 1534 2345 1619 Garoia,
2387 1541 2567 1623 parte
2600 1535 2702 1612 11,

420 1667 478 1712 c.
531 1646 601 1731 2,
633 1667 702 1713 n.
743 1645 837 1735 9),
880 1646 1352 1737 tampraeclare
1398 1644 1807 1729 determinat,
1860 1644 1948 1710 ita
1993 1643 2187 1709 etiam
2236 1641 2408 1708 clare
2452 1642 2706 1729 exponit

415 1771 715 1838 quaenam
741 1753 964 1818 sintin
1003 1754 1122 1819 hac
1147 1752 1411 1819 materia
1438 1751 1709 1840 capituli
1739 1756 1802 1818 et
1825 1750 2048 1816 vicarii
2075 1746 2447 1839 capitularis
2468 1758 2699 1836 parteS,

416 1862 489 1920 ut
528 1855 889 1944 quidquam
929 1855 1079 1923 addi
1119 1857 1254 1923 fere
1284 1877 1841 1946 supervacaneum
1885 1853 2128 1930 sit.,Ad
2162 1854 2462 1941 quaedam
2496 1859 2705 1920 tamen

415 1962 743 2051 praecipua
772 1967 1177 2051 puncta-rem
1207 1967 1406 2029 totam
1435 1962 1516 2029 de
1545 1962 1769 2051 quain
1802 1961 2100 2050 praesenti
2129 1959 2539 2050 paragrapho
2578 1962 2706 2049 agi·

416 2085 588 2148 muS,
635 2066 1047 2133 reducemus.
1348 2140 1354 2146 ,

507 2167 556 2236 1.
603 2169 840 2255 Potest,
887 2175 1034 2241 sede
1072 2180 1360 2257 vacante,
1405 2172 1678 2240 vicarius
1711 2172 2087 2262 capitularis
2114 2171 2324 2262 quoad
2354 2193 2708 2240 concursus

416 2298 534 2366 pro
583 2277 914 2346 beneficiis
961 2279 1438 2368 parochialibus
1494 2279 1716 2345 omnia
1764 2282 1911 2367 quae
1962 2298 2263 2367 peragere
2310 2267 2527 2367 posset
2578 2278 2706 2366 ipse

413 2380 795 2472 Episcopus,
851 2406 1055 2473 usque
1098 2383 1177 2451 ad
1222 2384 1605 2452 electionem
1649 2383 1992 2465 inclusive,
2039 2390 2101 2450 et
2142 2404 2349 2471 usqne
2388 2383 2468 2449 ad
2523 2382 2710 2450 colla-

413 2487 661 2555 tionem
696 2491 1041 2559 exclusive.
1080 2490 1147 2558 ld
1195 2493 1489 2580 sequitur
1528 2490 1765 2559 invicte
1811 2513 1884 2558 ex
1926 2489 2254 2580 praemissa
2283 2487 2496 2557 Sacrae
2545 2487 2708 2556 Con·

413 2595 821 2680 gregationis'
845 2597 1102 2663 concilii
1147 2597 1603 2683 declaratione,
1647 2602 1708 2663 et
1735 2595 1823 2690 ita
1860 2597 2056 2662 etiam
2092 2595 2421 2664 concludit
2463 2594 2704 2660 Leure-

412 2698 584 2767 nius.
625 2698 861 2785 (Tract.
896 2705 992 2767 De
1015 2701 1337 2790 capitulo,
1365 2701 1513 2769 sede
1557 2725 1732 2784 vae„
1769 2709 1995 2790 quaest.
2028 2701 2212 2792 530.)

505 2805 596 2898 ll„
611 2806 822 2875 Potest
847 2829 999 2896 ergo
1027 2827 1346 2897 apponere
1376 2806 1661 2874 edictum
1703 2806 1780 2873 de
1814 2828 2168 2895 concursu,
2197 2807 2271 2874 ad
2308 2824 2706 2872 concursum

414 2934 664 2995 vocare,
718 2917 1172 2979 concurrentes
1211 2911 1607 2992 examinare,
1648 2935 1728 2980 ex
1757 2913 2129 3003 approbatis
2175 2910 2543 3001 digniorem
2591 2908 2705 2975 eli-

415 3038 590 3110 gere,
638 3038 867 3085 curare
914 3024 988 3085 ut
1032 3018 1118 3084 in'
1144 3019 1388 3105 synodo
1434 3020 1793 3086 dioecesana
1838 3019 2164 3106 eligantur
2221 3016 2703 3098 examinatores,

416 3144 491 3190 ac
527 3124 798 3214 proinde
837 3126 1030 3191 etiam
1079 3125 1249 3191 hanc
1293 3127 1616 3213 synodum
1648 3126 2017 3207 celebrare3
2057 3129 2262 3215 potest
2292 3122 2700 3207 administra-

418 3230 659 3297 tionem
688 3233 970 3319 vacantis
994 3230 1293 3299 beneficii
1323 3234 1725 3300 committere
1747 3233 1947 3300 alicui
1972 3231 2214 3298 vicario
2235 3251 2347 3296 seu
2376 3246 2707 3296 oeconomo

417 3334 674 3418 idoneo,
708 3337 901 3404 modo
930 3337 1039 3403 ille
1070 3358 1198 3404 non
1231 3339 1312 3404 sit
1342 3339 1514 3406 idem
1543 3359 1617 3405 ac
1646 3339 1701 3405 is
1729 3339 1844 3427 qui
1877 3333 1955 3404 in‘
1989 3356 2312 3406 concursu
2340 3355 2461 3424 pro
2488 3332 2706 3400 eodem

415 3439 726 3506 beneficio
756 3441 1106 3529 obtinendo
1131 3443 1462 3528 judicatus
1490 3450 1584 3510 est
1612 3444 1822 3531 magis
1870 3444 2167 3528 idoneUS,
2205 3446 2268 3508 et
2308 3439 2521 3507 eidem
2562 3435 2709 3504 assi-

418 3566 614 3635 gnare
660 3551 905 3634 partem
949 3567 1308 3635 congruam
1347 3549 1711 3632 fructuum,
1749 3571 1881 3617 non
1924 3555 2139 3615 autem
2172 3566 2398 3613 omnes
2436 3544 2702 3610 fructus.

507 3649 615 3718 lll.
659 3652 762 3749 Ab
798 3651 904 3718 his
937 3653 1245 3720 omnibus
1284 3653 1650 3721 excluditur
1680 3654 2036 3745 capitulum
2061 3671 2095 3741 3'
2124 3654 2210 3719 ita
2247 3657 2322 3717 ut
2362 3650 2432 3716 in
2467 3670 2542 3715 ea
2585 3666 2708 3714 sese

417 3757 843 3825 intromittere
889 3765 1197 3849 nequeat..

412 3854 418 3860 ⁶
509 3863 624 3933 lv.
658 3864 812 3933 Haec
845 3874 1062 3933 autem
1092 3865 1385 3934 doctrina
1412 3864 1480 3933 in
1513 3866 1817 3958 praedicta
1845 3865 2271 3934 declaratione
2296 3859 2509 3930 Sacrae
2549 3857 2710 3926 Con·

421 3973 814 4056 gregationis
848 3975 1107 4041 concilii
1139 3979 1437 4041 contenta
1476 3997 1512 4041 a
1544 3974 1892 4042 canonistis
1931 3979 2242 4062 tanquam
2282 3967 2509 4056 regula
2546 3970 2708 4034 certa

423 4076 756 4164 recipitur.
807 4080 894 4148 Ex
931 4081 1171 4169 quibus
1212 4080 1529 4147 adducere
1573 4078 1851 4146 sufficiat
1882 4078 2382 4147 celeberrimum
2410 4072 2712 4140 Cardina·

421 4180 551 4248 lem
584 4182 663 4248 de
688 4182 864 4251 Luca
893 4209 910 4253 z
964 4211 999 4249 ι(
1035 4185 1312 4255 Planum
1343 4208 1413 4255 ac
1439 4193 1772 4276 receptum
1802 4185 1933 4253 dixi
1972 4183 2146 4278 quod
2182 4201 2546 4250 concursus
2581 4176 2711 4246 fieri

484 4423 547 4485 (¹)
581 4422 771 4487 Nempe
795 4421 1009 4472 vicarius
1028 4423 1333 4484 capitularis.
