2930 4982
409 298 537 357 390
1401 306 1741 352 wilermus

407 429 834 500 auctoritates.
888 424 1070 494 Unde
1110 446 1245 493 non
1284 425 1428 493 sine
1462 427 1843 516 praejudicio
1887 446 2018 493 suae
2053 423 2451 492 auctoritatis
2497 425 2693 513 negli-

409 539 634 623 genter
671 534 793 600 hac
834 532 905 600 in
947 554 1028 599 re·
1067 541 1332 621 agerent
1359 531 1701 622 Episcopi:
1733 531 1799 603 Si
1844 531 2021 599 enim
2063 552 2197 599 non
2231 537 2467 599 curent
2509 531 2587 598 de
2621 532 2693 599 iis

405 662 552 731 quse
608 643 982 707 statuuntur
1046 660 1083 705 a
1144 639 1452 729 capitulo,
1521 639 1754 729 poterit
1804 637 1998 706 condi
2050 637 2312 726 aliquod
2367 638 2694 707 decretum

397 749 550 837 jura
582 744 995 836 Episcopalia
1022 749 1319 834 tangenS.
1355 744 1477 813 Cui
1516 745 1641 812 nisi
1683 745 2148 830 contradicant,
2184 746 2324 834 jam
2366 745 2585 833 elapso
2614 753 2698 813 sat

406 852 603 943 longo
627 858 940 942 tempore,
964 851 1202 919 valebit
1228 853 1307 919 de
1320 853 1470 942 jure
1491 853 1833 919 communi
1858 874 1933 919 ex
1951 852 2141 918 tacito
2168 850 2544 918 Praesulum
2559 872 2697 918 con-

408 982 636 1042 sensu3
663 961 750 1026 ita
778 964 853 1026 ut
878 958 1027 1026 licet
1053 957 1241 1026 initio
1269 958 1532 1025 irritum
1561 957 1780 1041 fuerit,
1810 964 2026 1025 tamen
2053 963 2267 1047 postea
2294 957 2529 1023 valeat.

498 1064 882 1134 Paorosmo
920 1070 1007 1133 7⁸.
1045 1102 1135 1118 -
1169 1065 1493 1155 Reqimen
1527 1075 1594 1132 et
1627 1063 2132 1132 administratio
2160 1063 2451 1131 ecclesiae
2486 1063 2699 1130 cathe-

412 1171 631 1240 dralis
645 1172 947 1263 pertinet
979 1171 1196 1238 simul
1226 1170 1319 1237 ad
1341 1172 1752 1263 Episcopum
1781 1182 1846 1238 et
1873 1169 1966 1237 ad
1992 1168 2374 1260 capitulum
2393 1167 2623 1236 :unde
2644 1179 2698 1235 et

411 1275 508 1346 ad
528 1287 886 1367 utrumque
900 1276 1196 1368 pertinet
1237 1287 1501 1344 statuta
1526 1276 1606 1344 de
1632 1277 1742 1359 lais,
1772 1275 2067 1344 condere.
2102 1314 2191 1330 -
2225 1302 2262 1342 «
2296 1275 2698 1344 Sacrosancta

419 1409 455 1450 α
500 1382 883 1452 Tridentina
910 1384 1193 1472 synodus
1216 1383 1500 1451 decrevit
1531 1383 1703 1473 (sess.
1724 1383 1838 1468 22,
1871 1404 1928 1450 c.
1959 1381 2024 1467 3,
2057 1387 2151 1450 De
2175 1382 2333 1472 ref.)
2361 1381 2696 1473 Episcopos

423 1515 458 1556 α
498 1492 695 1559 etiam
742 1496 1078 1581 tamquam
1108 1489 1496 1580 Apostolicae
1524 1489 1708 1559 Sedis
1754 1489 2074 1578 delegatos
2111 1490 2399 1557 sormam
2430 1487 2694 1556 choralis

427 1622 460 1662 α
508 1596 753 1666 servitii
784 1618 964 1685 posse
1002 1601 1362 1665 statuere...
1411 1595 1481 1664 Si
1514 1597 1714 1684 igitur
1742 1594 1954 1663 forma
1997 1594 2240 1663 servitii
2268 1595 2352 1662 ab
2392 1594 2695 1685 Episcopo

423 1727 459 1768 (ι
504 1706 599 1768 est
624 1701 1125 1789 praescribenda,
1152 1705 1217 1768 et
1246 1701 1325 1769 de
1348 1701 1609 1768 horario
1633 1702 1933 1791 disponat
1955 1705 2238 1790 oportet3
2272 1699 2381 1768 cui
2406 1701 2695 1766 consonat

424 1832 460 1871 «
504 1812 567 1872 et
591 1805 1047 1873 Clementinal
1080 1805 1201 1896 (De
1221 1805 1661 1874 celebratione
1689 1806 1902 1894 miss.)
1945 1828 2142 1895 quam
2178 1810 2442 1875 exornat
2478 1803 2692 1875 Mona-

422 1936 458 1977 «
507 1913 652 1980 celli
679 1912 883 2001 (parte
907 1936 955 1995 1,
990 1913 1088 1979 tit.
1125 1912 1194 1997 5,
1229 1920 1300 1979 ιιο
1329 1912 1477 2004 32);
1509 1914 1686 1981 Cura
1722 1913 1853 1982 erit
1873 1913 2196 2004 Episcopi
2223 1910 2578 1980 visitatoris
2604 1929 2692 1976 re-

424 2044 462 2086 «
508 2040 882 2109 coqnoscere
915 2018 1238 2111 tabellam
1268 2019 1638 2102 horariam,
1668 2031 1731 2088 et
1757 2031 2085 2112 quatenus
2117 2042 2252 2087 non
2288 2017 2553 2102 adesset,
2584 2023 2693 2082 aut

425 2150 460 2190 «
510 2125 972 2193 inordinatam
1015 2125 1340 2214 inveniat,
1387 2126 1597 2195 illam
1633 2127 1980 2218 proefinire
2023 2149 2138 2194 seu
2181 2129 2541 2218 reformare
2576 2142 2691 2191 non

428 2257 464 2298 ι(
509 2232 836 2323 neqliqat.
857 2258 903 2298 f»
943 2233 1347 2323 (Thesaurus
1370 2233 1567 2301 resol.
1602 2232 1669 2303 S.
1701 2233 2236 2323 Congregationis
2263 2230 2573 2321 concilii.)

509 2341 813 2430 Inspecto
844 2340 1008 2429 jure
1059 2341 1424 2421 communi,
1450 2341 1571 2429 jus
1608 2337 1933 2408 condendi
1981 2350 2245 2407 statuta
2291 2335 2688 2428 respicientia

417 2455 676 2512 statum
717 2446 995 2514 ecelesiae
1033 2446 1343 2537 competit
1379 2446 1516 2514 soli
1539 2446 1870 2539 Episcopo
1894 2457 1959 2515 et
1995 2444 2321 2538 capitulo.
2373 2443 2564 2534 (Rota,
2597 2442 2687 2511 de-

421 2550 538 2617 ciS.
574 2551 731 2629 423,
768 2572 835 2617 n.
877 2553 938 2634 1,
974 2553 1171 2640 partis
1201 2575 1291 2632 lv,
1326 2558 1504 2620 tomo
1534 2551 1584 2636 1,
1614 2551 1884 2641 recent.)

515 2652 686 2718 Cum
717 2654 1100 2743 capitulum
1136 2678 1275 2725 una
1316 2679 1470 2739 cum
1512 2659 2032 2749 Arclziepiscopo
2069 2659 2144 2726 in
2183 2654 2683 2726 concernentibus

421 2756 730 2826 divinum
756 2758 1017 2827 cultum
1050 2773 1113 2828 et
1157 2761 1505 2829 servitium
1533 2763 1819 2831 eeclesiae
1859 2764 2267 2854 facultatem
2302 2762 2529 2830 habeat
2559 2771 2689 2828 sta-

305 2937 308 2940 ,
427 2864 683 2935 tuendi.
716 2865 921 2957 (Rota,
950 2869 1151 2957 partis
1169 2889 1260 2948 lv,
1284 2873 1464 2937 tomo
1492 2867 1545 2956 l,
1574 2869 1815 2937 decisio
1836 2870 1994 2956 494,
2024 2894 2090 2938 n.
2128 2871 2193 2957 6,
2225 2868 2485 2959 recent.)

519 2974 683 3039 Cum
731 2973 803 3040 in
843 2975 1369 3048 concernentibus
1416 2976 2078 3045 administrationem
2105 2989 2169 3045 et
2205 2978 2495 3068 reqimen
2522 2973 2686 3043 eccle-

423 3077 559 3161 sioe,
605 3078 984 3168 capitulum
1017 3081 1262 3148 habeat
1299 3105 1343 3149 a
1367 3083 1528 3172 jure
1570 3083 2093 3173 amplissimam
2107 3085 2606 3174 potestatem...,
2636 3090 2685 3145 et

426 3184 500 3251 in
528 3184 742 3275 specie
777 3185 955 3253 circa
985 3187 1404 3277 respicientia
1431 3188 1922 3258 ordinationem
1951 3191 2135 3258 clzori
2151 3191 2297 3280 fuit
2325 3189 2599 3257 decisum
2629 3185 2685 3251 in

422 3288 746 3359 Ilerdensi
792 3291 855 3381 (3
895 3292 1253 3362 decembris
1282 3294 1477 3379 1593,
1519 3319 1744 3370 coram
1792 3295 2169 3387 Corduba);
2202 3298 2562 3387 possitque
2587 3292 2686 3359 de·-

423 3414 618 3483 super
639 3397 809 3483 leqes
832 3409 897 3463 et
916 3409 1186 3467 statuta
1202 3400 1500 3483 condere,
1527 3404 1733 3469 etiam
1760 3403 2005 3493 absque
2026 3403 2180 3469 ulla
2192 3401 2688 3493 participatione

421 3499 962 3590 beneficiatorum
1013 3516 1079 3573 et
1122 3506 1652 3594 capellanorum.
1694 3505 1918 3599 (Rota,
1976 3509 2210 3577 decisio
2248 3508 2445 3590 1675,
2496 3524 2687 3575 coram

426 3607 828 3700 Caprara‚2in
851 3610 1183 3694 Ilerdensi,
1212 3614 1262 3682 9
1274 3614 1450 3703 junii
1483 3614 1655 3682 1704
1669 3614 1715 3706 .)
1742 3633 1745 3638 “

510 3719 624 3784 Ex
655 3716 843 3807 juris
890 3715 1317 3807 dispositione
1368 3730 1432 3787 et
1483 3707 1941 3811 receptissima
1993 3721 2341 3790 doctorum
2389 3715 2689 3789 sententia

420 3820 776 3902 statuitur,
832 3821 1127 3909 reqimen
1168 3833 1232 3889 et
1275 3822 1932 3895 administrationem
1983 3826 2267 3894 ecclesia?
2315 3819 2690 3893 cathedralis

411 3926 752 4012 pertinere
777 3924 871 3992 ad
901 3926 1275 4016 capitulum
1309 3930 1723 3997 cumulative
1749 3954 1898 3998 cum
1926 3931 2256 4020 Episcopo
2282 3931 2417 4022 (hic
2441 3932 2691 3999 citantur

424 4025 642 4116 plures
671 4029 814 4097 aliae
839 4030 1013 4098 Rotae
1042 4031 1397 4100 decisiones
1425 4037 1488 4100 et
1516 4033 1733 4123 plures
1762 4042 2054 4104 auctores
2083 4036 2254 4102 inter
2279 4059 2442 4125 quos
2469 4035 2691 4124 Pigna-

419 4131 553 4202 telli
584 4136 859 4202 consult.
891 4137 1006 4216 49,
1036 4143 1192 4206 tom.
1219 4138 1337 4227 Vl,
1368 4144 1428 4207 et
1452 4143 1726 4210 consult.
1766 4142 1874 4224 86,
1911 4149 1957 4210 t.
1991 4142 2080 4211 lX
2098 4171 2116 4230 ;
2146 4143 2452 4229 Barbosa,
2486 4148 2577 4211 De
2607 4161 2695 4208 ca-

423 4238 705 4322 nonicis,
742 4261 799 4306 c.
854 4242 965 4322 42,
1015 4265 1083 4309 n.
1145 4245 1185 4313 3
1241 4252 1302 4314 et
1362 4247 1498 4337 15):
1532 4251 1748 4317 Prout
1806 4249 2222 4345 cumulative
2271 4251 2473 4318 etiam
2498 4245 2699 4342 perti-

417 4368 571 4421 nere
613 4344 1263 4417 administrationem
1310 4354 1849 4444 capellaniarum
1894 4355 2298 4426 cathedralis
2338 4356 2516 4426 dixit
2548 4360 2697 4425 Rota
