2930 4982
409 300 536 357 496
1377 304 1724 351 rucuma

406 424 734 494 vicarium
763 424 947 514 infla
971 434 1115 491 octo
1143 421 1324 504 dies;
1348 428 1411 489 et
1437 427 1658 512 postea
1684 421 1777 489 sic
1800 419 2172 489 decernitur
2208 442 2224 487 z
2257 417 2328 488 Si
2358 439 2540 486 secus
2559 419 2702 507 fae-

408 545 550 599 tum
571 532 806 622 fuerit,
856 530 952 598 ad
1002 530 1609 620 Metropolitanum
1652 528 2003 620 deputatio
2054 524 2445 617 hujusmodi
2480 524 2702 592 devol-

405 649 623 706 vatur.
643 638 933 706 Aliunde
957 642 1199 720 autem‚
1220 642 1294 704 ut
1313 636 1758 727 probavimus,
1781 656 2009 703 sensus
2024 640 2141 713 est,
2170 631 2699 721 constituendum

398 765 533 812 esse
548 765 761 813 unum
776 742 1442 812 dumtaxatvicarium
1455 770 1474 831 ;
1491 742 1578 810 ita
1590 734 1824 832 nempe
1836 739 2330 829 intelligendam
2342 738 2701 829 esselegem

400 850 590 917 istam
610 850 1092 931 Tridentinam,
1125 850 1319 917 hodie
1346 848 1620 917 omnino
1644 854 1897 916 certum
1918 852 2013 915 est
2045 868 2120 913 ex
2139 845 2492 914 Sacrarum
2523 846 2703 914 Con-

401 956 854 1045 gregationum
876 954 1251 1026 auctoritate
1279 961 1343 1024 et
1370 956 1577 1046 praxi.
1597 955 1769 1044 Ergo
1794 954 1962 1022 inter
1976 953 2096 1021 alia
2115 974 2262 1041 quae
2292 952 2384 1020 ibi
2411 953 2705 1043 praecipit

402 1061 710 1151 synoduS,
736 1061 891 1130 etin
930 1085 1074 1153 quae
1100 1062 1271 1132 cadit
1300 1048 1642 1152 phrasis'si
1670 1082 1849 1128 secus
1862 1061 2125 1150 factum
2141 1058 2382 1149 fuerit,
2418 1080 2703 1149 compu-

401 1165 671 1233 tandum
692 1172 787 1234 est
809 1167 1003 1234 etiam
1032 1173 1430 1256 praeceptum
1450 1166 1529 1233 de
1548 1165 1849 1253 eligendo
1867 1163 2064 1231 unico
2087 1163 2420 1230 dumtaxat
2436 1163 2696 1231 vicario.

400 1270 676 1341 Proinde
706 1273 758 1340 si
777 1273 1011 1364 plures
1030 1273 1379 1362 eligantur,
1405 1272 1480 1338 fit
1495 1293 1674 1339 secus
1692 1270 1950 1359 acquod
1974 1268 2375 1358 praecipitur.
2390 1268 2560 1337 Casu
2578 1291 2705 1337 au-

402 1384 530 1444 tem
560 1399 690 1465 quo
714 1378 788 1445 fit
810 1401 1015 1463 εοεαε,
1054 1379 1121 1446 id
1170 1383 1288 1461 est,
1332 1399 1487 1445 casu
1511 1398 1640 1465 quo
1692 1375 2019 1466 deputatio
2061 1373 2267 1440 aliter
2291 1375 2362 1441 fit
2379 1397 2586 1464 quam
2613 1373 2708 1444 ibi

402 1483 802 1573 praecipitur,
826 1485 1100 1552 omnino
1125 1483 1417 1551 decernit
1439 1482 1724 1571 synodus
1745 1479 2125 1548 electionem
2141 1480 2218 1546 ad
2244 1482 2710 1570 Metropolita-

401 1611 565 1654 num
585 1589 852 1657 devolvi
869 1612 898 1674 ,·
953 1590 1379 1678 annullatque
1403 1588 1673 1680 proin-de
1688 1609 1763 1654 ac
1780 1587 1990 1653 irritat
2006 1587 2276 1676 capituli
2297 1587 2702 1658 electionem.

397 1691 552 1760 Tria
571 1694 814 1762 scilicet
846 1696 934 1761 ibi
965 1696 1158 1785 praeci
1165 1695 1259 1784 pit
1281 1694 1665 1761 Tridentina
1694 1690 1978 1781 synodus
2010 1712 2025 1756 t
2064 1692 2128 1757 1⁰
2153 1696 2231 1757 ut
2246 1691 2514 1780 eligatur
2540 1691 2707 1760 uni-

397 1822 511 1868 cus
536 1799 816 1867 vicarius
872 1800 1278 1890 capitularis3
1314 1801 1384 1868 2⁰
1429 1806 1505 1867 ut
1550 1799 1828 1888 eligatur
1875 1798 2046 1865 infra
2091 1809 2238 1865 octo
2289 1798 2429 1867 dies
2441 1820 2469 1884 ;
2509 1798 2577 1868 3⁰
2632 1806 2710 1869 ut

397 1906 675 1994 eligatur
697 1904 923 1974 doctor
948 1907 1018 1972 in
1067 1907 1219 1996 jure
1248 1907 1585 1990 canonicO,
1618 1906 1716 1972 vel
1771 1904 1925 1972 alias
1950 1909 2269 1994 quantum
2304 1906 2444 1973 fieri
2472 1906 2711 1995 poterit

400 2013 696 2081 idoneus,
720 2013 801 2081 Et
820 2012 1077 2081 relative
1099 2014 1177 2099 ad
1189 2014 1712 2103 unumquodque
1732 2034 1806 2080 ex
1830 2012 1967 2079 istis
1987 2013 2198 2080 tribus
2222 2012 2377 2079 dicit
2396 2034 2411 2078 ε
2431 2014 2513 2081 Si
2530 2016 2709 2083 secus

394 2120 658 2209 factum
684 2120 922 2209 fuerit,
955 2119 1048 2188 ad
1072 2120 1676 2211 Metropolitanum
1695 2118 2049 2211 deputatio
2072 2119 2467 2210 hujusmodi
2482 2118 2707 2190 devol-

401 2236 603 2293 vatur
630 2224 745 2317 (1).
773 2226 944 2317 Ergo
968 2228 1021 2296 si
1053 2227 1274 2317 plures
1302 2226 1653 2316 eligantur,
1688 2227 1867 2294 irrita
1886 2227 2205 2295 censenda
2236 2233 2330 2295 est
2358 2227 2616 2298 electio,

490 2331 663 2399 Hinc
691 2334 952 2422 quando
980 2355 1112 2400 una
1146 2333 1501 2423 eademque
1533 2332 1838 2402 electione
1868 2334 2263 2423 deputantur
2283 2333 2507 2423 plures
2532 2335 2709 2405 vica-

399 2434 481 2503 rii
496 2437 906 2526 capitulares,
923 2459 1057 2505 non
1068 2443 1326 2506 tantum
1347 2439 1563 2507 caeteri
1575 2444 1809 2531 praeter
1821 2439 2112 2530 primum
2125 2439 2566 2526 nominatum,
2597 2443 2711 2513 sed

397 2541 590 2608 etiam
614 2544 723 2609 ille
742 2543 857 2630 qui
878 2543 1135 2632 primus
1163 2545 1745 2636 nominaturomni·
1755 2551 2058 2640 potestate
2078 2552 2267 2614 caret.
2284 2545 2441 2626 Quia
2456 2569 2713 2639 nempe

397 2646 542 2714 talis
553 2646 775 2714 electio
788 2669 862 2713 ex
874 2648 1015 2736 ipsa
1028 2646 1171 2736 lege
1188 2646 1373 2715 nulla
1386 2655 1685 2738 estatque
1704 2653 1906 2726 irrita.
1941 2651 2151 2720 Aliter
2164 2652 2491 2719 dicendum
2511 2653 2711 2744 (cum

401 2754 604 2822 Lucio
622 2754 871 2823 Ferrari
880 2754 932 2844 s)
959 2754 1012 2821 si
1036 2754 1194 2821 forte
1214 2753 1604 2844 capitulum,
1631 2757 1795 2832 facta
1815 2761 1957 2848 J‘am
1983 2765 2045 2826 et
2064 2757 2369 2850 completa
2379 2756 2710 2831 electione

400 2862 596 2928 unius
626 2861 853 2929 vicarii
878 2859 1279 2950 capitulariS,
1307 2865 1644 2929 attentaret
1671 2868 1887 2952 postea
1910 2886 2148 2932 novam
2172 2864 2557 2933 electionem
2593 2888 2707 2935 ce-

396 2964 670 3049 lebrare,
695 2989 825 3056 qua
850 2967 1216 3036 secundum
1236 2967 1584 3036 tertiumve
1608 2970 1927 3038 vicarium
1948 2970 2305 3061 deputaret.
2334 2970 2505 3039 Cum
2529 2973 2703 3041 enim

396 3092 513 3160 per
541 3071 825 3162 primam
874 3074 1254 3141 electionem
1302 3077 1617 3143 canonice
1645 3076 2039 3145 factam‘tota
2104 3076 2376 3167 capituli
2432 3083 2704 3168 potestas

394 3178 702 3246 exhausta
729 3180 943 3262 fuerit,
997 3180 1522 3269 supervenientes
1565 3181 1701 3250 istae
1727 3203 1911 3250 novae
1960 3183 2309 3251 electiones
2351 3206 2472 3273 pro
2523 3184 2704 3254 inani

397 3282 751 3349 tentamine
797 3283 1110 3351 habendae
1136 3286 1371 3373 forent,
1407 3309 1530 3355 nec
1578 3289 1657 3356 de
1701 3290 1785 3357 iis
1831 3310 2061 3357 curare
2106 3289 2369 3357 deberet
2399 3290 2701 3361 Vicarius

398 3379 775 3475 capitularis
805 3387 1019 3475 primo
1059 3390 1320 3458 electus.
1355 3392 1490 3458 Alii
1521 3397 2190 3487 autempostmodum
2215 3418 2252 3464 a
2275 3398 2566 3487 capitulo
2596 3399 2702 3466 de-

397 3492 641 3585 putati,
674 3493 950 3582 siquam
976 3514 1267 3561 exercere
1320 3496 1850 3584 jurisdictionem
1897 3507 2284 3572 attentarent
2315 3554 2332 3588 ,
2390 3511 2700 3595 tanquam

394 3602 628 3670 intrusi
658 3622 696 3669 a
724 3622 875 3669 vero
896 3598 1139 3669 vicario
1163 3601 1504 3692 capitulari
1529 3608 1866 3696 judicandi
1898 3632 1972 3678 ac
1998 3609 2317 3701 puniendi
2346 3611 2579 3682 forent.

423 3798 430 3804 ⁶
457 3824 520 3881 (ι)
554 3822 736 3873 Censet
756 3824 766 3873 1
786 3819 1052 3884 Pignatelli
1091 3826 1251 3880 (tomo
1275 3836 1384 3896 vin,
1419 3826 1788 3877 consultatione
1821 3829 1920 3889 34),
1949 3832 2139 3882 etcum
2161 3846 2222 3884 eo
2249 3835 2704 3888 Eminentissimns

392 3896 669 3949 cardinalis
704 3897 975 3960 d'Andrea‚
1008 3900 1305 3950 electionem
1332 3914 1433 3950 non
1460 3902 1654 3954 devolvi
1676 3906 1739 3954 ad
1764 3906 2228 3974 Metropolitanum,
2261 3915 2464 3977 quando
2492 3916 2706 3967 nunnus

389 3979 619 4036 provenit
644 3990 705 4026 ex
742 3991 801 4027 eo
828 3980 964 4040 quod
1001 3981 1224 4029 canonici
1256 3980 1614 4052 deputaverint
1656 3997 1759 4050 non
1801 3986 2141 4051 graduatum3
2183 3997 2438 4044 canonicis
2464 3999 2586 4043 tunc
2621 4007 2704 4046 ns-

389 4054 691 4114 signandum
715 4070 744 4105 a
768 4058 1152 4122 metropolitano
1175 4064 1287 4109 octo
1316 4059 1521 4110 dierum
1557 4065 1832 4113 terminum
1862 4065 1941 4114 ad'
1963 4077 2151 4119 novam
2192 4074 2527 4135 peragendam
2562 4074 2703 4126 elec·

392 4134 600 4193 tionem.
633 4131 701 4180 De
740 4146 840 4194 quo
884 4139 997 4187 vide
1035 4152 1149 4201 quae
1178 4141 1351 4204 scripsi
1381 4142 1434 4192 in
1455 4141 1795 4205 publicatione
1814 4143 1976 4195 Revue
2009 4146 2097 4197 des
2134 4151 2350 4203 sciences
2388 4154 2709 4204 eeclesiasti-

390 4228 529 4280 queS,
555 4213 674 4262 maii
704 4212 841 4271 1862,
859 4228 911 4275 p.
941 4221 1049 4266 452.
