2930 4982
333 339 413 394 28
424 340 460 394 ⁴·
1302 337 1646 387 TRACTATUS

330 473 528 552 sexta,
559 482 757 548 nona,
780 478 1087 549 vesperae,
1112 465 1176 527 et
1192 459 1435 529 ultimo
1461 460 1604 529 loco
1627 454 2153 546 completorium.
2183 453 2291 523 Sic
2305 454 2501 524 habet
2514 478 2625 526 ca-

329 594 465 642 non
483 568 832 659 Presbyter
859 565 1293 635 distinctionis
1321 566 1400 635 91
1444 590 1461 635 t
1496 564 1846 655 Presbyter
1869 584 2069 630 mane
2092 562 2502 631 matutinali
2520 567 2630 656 of-

329 677 487 767 ficio
514 674 800 765 eoepletO,
811 694 1104 763 pensum
1128 673 1473 741 servitutis
1498 695 1665 754 suoe,
1678 667 1974 739 canendo
1991 668 2328 760 primam,
2354 670 2631 740 tertiam

329 795 587 853 sextam
607 802 989 869 nonamque
1002 779 1364 871 persolvat.
1381 831 1424 847 ..
1455 778 1796 870 Propheta
1822 774 2109 857 dicente,
2149 774 2398 867 Septies
2421 778 2491 844 in
2525 778 2631 849 die

328 887 551 956 laudes
575 886 709 955 dixi
740 886 886 953 tibi.
924 885 1060 968 Qui
1106 884 1526 976 septenarius
1546 895 1846 952 sacratus
1893 904 2212 949 numerus
2234 905 2277 949 a
2302 883 2495 951 nobis
2531 886 2628 954 sic

332 995 751 1085 implebitur,
774 992 836 1060 si
854 993 1245 1075 matutinae,
1257 993 1539 1084 primoe,
1555 991 1799 1072 tertioe,
1822 1000 2051 1070 sextae,
2074 1011 2298 1071 nonae,
2314 1013 2621 1080 vesperae,

330 1099 877 1192 completoriique
906 1110 1197 1189 tempore
1219 1110 1467 1166 nostroe
1488 1094 1833 1167 servitutis
1857 1094 2085 1186 officia
2121 1095 2576 1186 persolvamus
2594 1119 2619 1164 .·

329 1206 496 1295 quia
516 1205 596 1273 de
616 1205 723 1272 bis
761 1201 945 1271 dixit
970 1203 1308 1294 propbeta
1329 1225 1351 1269 .·
1384 1201 1630 1294 Septies
1649 1202 1721 1270 in
1745 1200 1847 1268 die
1869 1199 2093 1269 laudes
2116 1198 2249 1267 dixi
2274 1199 2417 1269 tibi.
2445 1204 2619 1272 Nam

332 1309 411 1379 de
429 1309 434 1316 ’
452 1310 802 1379 nocturnis
820 1309 1082 1401 viqiliis
1102 1307 1280 1378 idem
1311 1309 1451 1400 ipse
1464 1308 1796 1400 propbeta
1845 1307 1951 1374 ait
1979 1327 2002 1374 .·
2025 1304 2233 1375 Media
2262 1311 2450 1375 noete
2486 1331 2618 1376 sur-

331 1417 565 1506 gebam
596 1416 677 1484 ad
714 1417 1158 1484 confitendum
1197 1416 1339 1483 tibi.
1401 1418 1588 1505 Erqo
1640 1413 1747 1481 bis
1805 1411 2209 1502 temporibus
2251 1413 2622 1501 referamus

331 1523 560 1591 laudes
596 1522 902 1590 Creatori
926 1535 1150 1590 nostro
1199 1544 1397 1612 super
1425 1520 1702 1611 judicia
1717 1519 2180 1612 justitioesuoe
2207 1516 2324 1608 (Ex
2346 1521 2623 1591 concilio

330 1629 471 1698 Nan
483 1626 777 1717 netensi).

427 1737 449 1800 1
467 1734 604 1801 ‘’An
634 1734 916 1800 inversio
938 1731 1227 1822 praedieti
1250 1733 1564 1801 horarum
1579 1732 1828 1801 ordinis
1849 1732 1919 1800 in
1939 1730 2336 1799 recitatione
2353 1730 2617 1821 publica

333 1840 515 1908 chori
544 1840 626 1906 sit
644 1839 921 1927 graviter
959 1838 1301 1928 culpabilis
1329 1840 1363 1907 ‘t
1388 1876 1482 1890 —
1505 1838 1761 1930 Duplex
1792 1838 2133 1922 sententia,
2168 1841 2446 1926 utraque
2469 1859 2624 1927 pro-

331 1945 587 2013 babilis.
620 1943 712 2036 (S.
748 1943 1122 2034 LiguoriuS,
1147 1945 1194 2013 l.
1231 1944 1345 2029 1V,
1377 1967 1435 2013 e.
1473 1947 1543 2028 2,
1575 1968 1642 2036 p.
1684 1943 1865 2035 171.)

421 2051 492 2118 2ο
519 2049 691 2131 Quid
721 2051 800 2119 de
827 2052 1051 2139 eadem
1080 2053 1449 2120 inversione
1492 2053 1562 2119 in
1590 2052 1964 2120 recitatione
1993 2050 2291 2142 privata?
2311 2087 2406 2101 —-
2440 2048 2622 2118 Facta

333 2158 471 2225 sine
493 2179 686 2226 causa
714 2158 1106 2242 rationabili,
1132 2180 1264 2226 non
1293 2165 1387 2227 est
1408 2158 1601 2251 eulpa
1627 2160 1865 2249 graviS,
1903 2157 2014 2227 sed
2041 2162 2295 2225 tantum
2311 2156 2615 2225 venialis:

332 2263 422 2330 ita
448 2265 820 2331 eommunis
849 2266 1186 2332 sententia.
1237 2264 1434 2333 Facta
1463 2287 1761 2334 excausa
1788 2262 2159 2346 rationabili
2194 2262 2381 2332 nullo
2440 2263 2620 2332 modo

330 2374 426 2437 est
448 2369 812 2459 culpabilis,
851 2368 944 2458 (S.
979 2370 1359 2460 Lignorius‚
1388 2372 1433 2440 1.
1479 2371 1597 2453 lv,
1627 2371 1786 2454 c.'2,
1818 2393 1886 2438 n.
1921 2367 2104 2456 170.)

618 2821 897 2864 OBLIGATIO
934 2822 1112 2869 QUOAD
1142 2824 1341 2878 Locum,
1380 2825 1479 2864 SEU
1508 2825 1794 2866 OBLIGATIO
1823 2825 2128 2866 ASSISTENDI
2166 2825 2340 2867 CHORO

425 3002 473 3071 l.
511 3026 547 3067 «
570 3001 833 3070 Certum
852 3003 1137 3093 estquod
1163 3003 1383 3072 cleriei
1410 3003 1828 3074 eeclesiarum
1862 3004 2334 3074 cathedralium
2355 3010 2421 3072 et
2437 3004 2618 3073 eolle-

337 3111 661 3198 giatarum
690 3116 996 3179 tenentur
1013 3111 1095 3179 ad
1123 3112 1417 3180 officium
1442 3112 1520 3180 in
1543 3112 1763 3180 choro.
1796 3137 1832 3177 >³
1867 3112 2184 3203 (Lignori‚
2211 3113 2262 3181 1.
2295 3111 2406 3197 ΙΙΙ,
2436 3116 2609 3180 tract.

335 3216 405 3295 5,
440 3239 498 3283 c.
535 3218 602 3300 2,
640 3240 707 3286 n.
746 3217 934 3309 675.)
980 3216 1088 3287 Sic
1140 3219 1339 3286 habet
1372 3240 1583 3287 canon
1616 3220 1891 3287 ultimus
1921 3219 2353 3288 distinctionis
2378 3218 2466 3286 92
2498 3241 2514 3285 t
2545 3215 2619 3284 Si

335 3322 489 3411 quis
498 3325 846 3413 presbyter
870 3335 993 3391 aut
1022 3323 1344 3393 diaconus
1367 3325 1472 3393 vel
1489 3324 1773 3415 quilibet
1808 3324 2084 3392 clericus
2102 3323 2384 3392 ecclesioe
2408 3320 2611 3412 depu-

342 3435 549 3504 tatus,
579 3425 641 3491 si
685 3426 870 3493 intra
894 3428 1239 3497 civitatem
1268 3429 1513 3519 fuerit,
1538 3440 1663 3495 aut
1691 3428 1766 3494 in
1787 3427 2081 3518 quolibet
2099 3427 2236 3495 loco
2262 3427 2338 3494 in
2357 3448 2487 3516 quo
2514 3445 2615 3491 ec-

339 3529 538 3597 clesia
560 3541 680 3611 est,
711 3542 774 3597 et
798 3530 892 3599 ad
908 3533 1391 3622 quotidianum
1432 3530 1780 3624 psallendi
1793 3533 2106 3630 officium
2142 3532 2510 3621 matutinis
2560 3539 2617 3596 et

336 3636 731 3726 vespertinis
777 3638 960 3705 lzoris
1004 3639 1098 3708 ad
1138 3640 1475 3708 ecclesiam
1527 3663 1665 3709 non
1721 3640 2128 3723 convenerit,
2176 3638 2555 3729 deponatur
2579 3657 2618 3701 a

337 3743 533 3825 clero,
562 3743 624 3812 si
650 3756 874 3814 tamen
917 3746 1285 3837 castiqatus
1307 3746 1578 3815 veniam
1602 3747 1684 3815 ab
1716 3746 2051 3838 Episcopo
2059 3768 2187 3837 per
2205 3741 2619 3834 satisfactio·

338 3866 490 3912 nem
537 3850 831 3917 noluerit
855 3853 1251 3940 promereri.
1304 3852 1398 3920 Ex
1421 3875 1552 3942 quo
1595 3858 1772 3921 textu
1820 3851 2076 3919 videtur
2104 3851 2446 3939 antiquam
2492 3865 2620 3915 esse

337 3951 800 4039 obligationem
823 3958 1032 4045 quoad
1067 3957 1310 4026 locum.
1349 3957 1720 4026 Concilium
1767 3963 1988 4026 autem
2025 3956 2493 4025 Tridentinum
2535 3952 2621 4019 sie

336 4056 554 4123 statuit
610 4082 627 4125 ι
702 4061 1230 4151 Compellantur,
1290 4062 1366 4129 in
1412 4062 1607 4129 choro
1666 4059 1759 4129 ad
1794 4059 2228 4153 psallendum
2277 4059 2621 4136 instituto,

338 4162 613 4254 hymnis
650 4176 714 4230 et
744 4169 1027 4236 canticis
1064 4170 1188 4237 Dei
1220 4193 1461 4238 nomen
1491 4181 1881 4250 reverenter,
1914 4167 2231 4236 distincte
2275 4163 2624 4254 devoteque

339 4266 635 4337 laudare.
672 4267 861 4358 (Sess.
890 4273 1002 4356 24,
1040 4297 1098 4341 c.
1131 4276 1237 4356 12,
1271 4282 1366 4343 De
1389 4277 1546 4366 ref.)

426 4375 542 4444 lna
554 4383 769 4445 tamen
787 4377 1094 4465 obligatio
1107 4380 1367 4469 aliquod
1382 4381 2289 4472 admittittemperamentum.
2308 4404 2343 4444 (ι
2355 4373 2620 4447 Adverti
