2930 4982
1128 270 1206 315 ns
1250 268 1579 316 cunnus.
2377 259 2500 315 ⁴27

1300 526 1416 605 §a

260 707 321 747 nt:
356 706 708 747 coumssIONE
745 708 1133 750 DEPUTATORUM
1173 709 1273 750 PRO
1309 709 1808 749 AnuINIS'rnATIONss
1846 709 2148 751 srmrrmm
2187 711 2468 752 sennium!

306 898 445 969 Jam
494 923 573 969 ex
619 907 794 969 textu
828 901 971 992 ipso
1013 903 1177 993 legis
1214 902 1638 988 Tridentinae,
1675 902 1968 971 vidimus
1994 902 2176 971 illam
2207 908 2507 977 commis-

225 1004 465 1074 sionem
492 1008 753 1076 duobus
776 1011 1032 1077 tantum
1055 1010 1386 1077 canonicis
1412 1016 1726 1078 constare.
1759 1007 1962 1077 Porro
1992 1009 2071 1076 de
2096 1009 2228 1077 illis
2257 1010 2510 1082 duobus

224 1110 538 1202 deputatis
558 1114 698 1182 haec
722 1115 1137 1205 expendenda
1173 1116 1491 1183 veniunt:
1529 1116 1593 1182 1⁰
1622 1115 1702 1182 ad
1731 1136 1894 1205 quos
1928 1114 2249 1205 pertineat
2278 1137 2510 1186 eorum

219 1217 484 1302 electio;
513 1219 586 1286 2⁰
632 1241 716 1286 an
744 1220 873 1287 sint
925 1221 1003 1287 ad
1042 1226 1276 1288 nutum
1311 1221 1614 1311 Episcopi
1642 1220 2038 1290 revocabiles
2068 1248 2086 1308 ;
2126 1219 2196 1290 3⁰
2234 1244 2318 1290 an
2352 1222 2513 1314 Epi·

218 1342 450 1412 scopus
491 1329 785 1394 teneatur
814 1327 1108 1416 ipsorum
1159 1328 1513 1395 consilium
1559 1328 1931 1416 requirere;
1976 1329 2046 1394 4⁰
2088 1349 2170 1395 an
2213 1333 2510 1397 teneatur

217 1427 378 1498 illud
397 1431 750 1499 consilium
774 1435 955 1523 sequi
983 1460 1000 1520 3
1034 1432 1102 1501 5⁰
1128 1455 1431 1523 quaenam
1471 1434 1758 1502 materiae
1783 1433 1955 1501 hanc
1983 1434 2507 1502 commissionem

216 1538 568 1627 respiciant
599 1563 615 1620 ;
644 1539 713 1606 6⁰
743 1562 825 1607 an
856 1541 985 1608 duo
1011 1540 1108 1607 illi
1144 1540 1470 1620 canonici,
1506 1541 1669 1608 dum
1694 1539 1931 1607 absunt
1956 1562 1994 1607 a
2029 1541 2230 1607 choro
2256 1546 2332 1608 ut
2355 1561 2511 1609 cum

214 1641 519 1736 Episcopo
579 1646 937 1714 deliberent
976 1651 1038 1714 et
1079 1646 1292 1714 officio
1338 1667 1456 1714 suo
1495 1644 1882 1735 fungantur,
1914 1645 2252 1713 lucrentur
2290 1644 2511 1715 distri-

218 1747 538 1820 butioneS.

297 1855 348 1924 I.
378 1858 643 1926 Electio
675 1856 961 1925 duorum
1001 1857 1475 1950 deputatorum
1509 1880 1643 1949 pro
1689 1855 2269 1925 administratione
2304 1855 2512 1947 spiri-

220 1963 395 2031 tuali
440 1964 535 2057 ad
571 1965 794 2032 solum
828 1965 1245 2057 Episcopum
1280 1964 1597 2054 pertinet.
1625 2001 1717 2015 -
1740 1962 1810 2030 ld
1841 1950 2015 2030 extra
2044 1984 2310 2029 omnem
2343 1983 2510 2029 con-

217 2070 599 2138 troversiam
620 2076 739 2151 est,
786 2071 871 2138 ob
900 2092 1197 2161 expressa
1225 2068 1596 2138 Tridentini
1629 2069 1868 2136 decreti
1894 2068 2134 2136 verba:
2195 2066 2516 2158 Episcopi

216 2172 488 2260 sinquli
530 2197 681 2242 cum
727 2174 1001 2243 consilio
1044 2175 1331 2242 duorum
1377 2174 1857 2242 canonicorum
1898 2172 2229 2240 seniorum
2272 2185 2336 2240 et
2359 2195 2517 2261 qra-

219 2274 517 2363 viorum,
572 2301 733 2368 quos
774 2279 909 2369 ipsi
965 2281 1287 2370 eleqerint
1325 2291 1540 2370 prout
1589 2279 1894 2370 Spiritus
1932 2289 2208 2345 sanctus
2249 2299 2518 2367 suqqes·

211 2382 403 2452 serit.
444 2382 637 2465 Quod
665 2392 881 2454 autem
915 2386 1008 2455 ibi
1037 2387 1283 2455 dicitur
1327 2386 1691 2469 seniorum,
1726 2407 1862 2453 non
1898 2387 1988 2452 ita
2013 2384 2518 2468 intelligendum

208 2495 302 2558 est
339 2496 418 2559 ut
458 2491 598 2562 duo
636 2496 935 2562 canonici
967 2496 1179 2583 magis
1207 2501 1388 2562 aetate
1417 2496 1705 2585 provecti
1736 2494 2013 2562 debeant
2056 2493 2413 2562 necessario
2436 2491 2518 2560 ab

205 2595 528 2690 Episcopo
564 2602 648 2670 ad
675 2602 743 2669 id
783 2624 1030 2670 munus
1067 2602 1260 2690 eligi3
1294 2602 1498 2669 simul
1540 2602 1720 2669 enim
1765 2601 2039 2690 requirit
2061 2600 2415 2669 concilium
2442 2606 2519 2665 ut

206 2706 340 2771 sint
366 2709 741 2794 qraviores,
772 2710 1113 2799 prudentia
1137 2709 1384 2776 scilicet
1411 2713 1475 2775 et
1502 2707 1773 2775 scientia
1797 2714 1990 2796 atque
2021 2707 2279 2774 virtutis
2316 2705 2513 2782 fama,

211 2827 361 2895 quae
391 2829 499 2875 eos
537 2811 770 2877 reddat
824 2812 903 2878 ad
951 2813 1075 2879 tale
1117 2812 1419 2880 officium
1476 2813 1763 2879 idoneos.
1811 2810 1906 2878 De
1961 2802 2209 2898 quibus
2258 2806 2519 2875 dotibus

201 2910 554 3000 judicium
584 2916 991 2983 conscientiae
1014 2917 1318 3006 Episcopi
1344 2918 1618 2983 omnino
1647 2914 2072 3005 permittitur.
2106 2911 2296 2981 Unde
2326 2912 2520 2981 etiam

203 3015 502 3085 validam
533 3017 680 3086 fore
710 3018 964 3086 videtur
985 3020 1361 3087 electionem
1388 3020 1672 3086 duorum
1688 3019 2063 3108 Juniorum‚
2104 3021 2157 3086 si
2200 3017 2304 3085 isti
2330 3018 2520 3090 dictis

216 3121 649 3211 qualitatibus
686 3123 835 3214 plus
886 3126 1130 3192 caeteris
1172 3125 1519 3214 fulgerent.
1573 3124 1712 3191 lrno
1762 3124 1961 3190 nimis
2004 3128 2304 3214 provecta
2344 3129 2516 3208 aeta8‚

214 3233 445 3318 utpote
488 3228 973 3297 inhabilitatem
1020 3228 1101 3298 ad
1144 3235 1315 3299 recte
1355 3229 1755 3320 explendum
1821 3233 1953 3296 tam
2018 3228 2519 3318 graveofficium

214 3355 445 3403 secum
476 3336 768 3420 trahens,
796 3359 929 3404 una
957 3344 1052 3404 est
1088 3358 1164 3404 ex
1201 3338 1416 3405 causis
1443 3342 1707 3427 propter
1731 3358 1893 3426 quas
1931 3341 2223 3427 possunt,
2250 3343 2325 3402 ut
2352 3336 2521 3403 infra

217 3439 498 3529 dicetur,
538 3441 839 3510 canonici
876 3444 1411 3512 commissionem
1455 3442 1917 3512 constituentes
1961 3442 2271 3510 amoveri.
2309 3440 2524 3529 Regu-

213 3545 440 3617 lariter
466 3554 721 3636 tamen,
743 3555 821 3616 ut
844 3556 1038 3640 patet,
1071 3552 1118 3618 ii
1153 3550 1550 3617 laudabilius
1571 3551 1896 3639 eligentur
1920 3573 2084 3639 quos
2113 3550 2317 3618 aetatis
2341 3569 2523 3638 quae-

211 3650 361 3723 dam
389 3655 691 3745 gravitas
714 3656 917 3722 simul
944 3677 1101 3723 cum
1121 3657 1262 3723 aliis
1281 3656 1543 3724 dotibus
1567 3656 2070 3724 commendabit.

298 3760 383 3829 Il.
428 3765 598 3830 Duo
625 3759 937 3851 deputati
968 3785 1099 3852 pro
1135 3761 1716 3830 administratione
1751 3761 2130 3853 spirituali,
2176 3756 2410 3826 statim
2447 3778 2527 3824 ac

212 3867 407 3936 electi
458 3870 764 3959 fuerunt
813 3867 897 3935 ab
944 3869 1305 3959 Episcopo,
1341 3868 1664 3960 perpetui
1707 3880 1893 3948 sunt,
1940 3880 2005 3934 et
2050 3887 2185 3933 non
2239 3858 2332 3929 ad
2368 3860 2529 3929 libi-

214 3982 356 4041 tum
411 3964 759 4066 Episcopi
799 3973 1227 4043 revocabiles.
1281 4012 1373 4027 ——
1426 3971 1504 4043 In
1570 3981 1744 4043 tomo
1799 3972 1914 4040 Vll
1984 3968 2306 4038 Thesauri
2356 3991 2531 4037 reso·

218 4076 622 4168 lutionum,
675 4082 913 4171 pagina
953 4081 1085 4149 212
1113 4133 1131 4165 ,
1166 4081 1538 4150 referuntur
1575 4103 1613 4149 a
1655 4076 1997 4147 secretario
2031 4075 2097 4145 S.
2157 4075 2530 4170 Congrega-

216 4184 420 4257 tionis
475 4185 751 4258 concilii
808 4193 1143 4277 sequentes
1221 4190 1517 4278 ejusdem
1572 4183 2105 4272 Congregationis
2154 4183 2532 4253 declaratio-

220 4312 379 4385 nes,
460 4293 719 4387 quibus
773 4307 1161 4386 responsum
1212 4300 1307 4363 est
1331 4348 1349 4380 ,
1425 4293 1588 4361 duos
1642 4288 1982 4359 canonicos
2047 4283 2527 4360 commissionis
