2930 4982
357 363 439 419 49
450 364 486 417 A
1338 363 1687 411 ‘nt-Acuws

355 486 734 566 Limonum,
786 485 939 576 quia
966 483 1493 575 jurisdictionem
1532 483 1702 549 iuter
1745 479 2017 549 vicarios
2056 479 2442 570 capitulares
2486 480 2647 550 divi-

357 601 546 679 serat,
573 616 702 661 non
724 615 879 661 vero
905 593 1170 683 praecise
1191 613 1267 658 ex
1292 612 1368 658 eo
1392 589 1566 678 quod
1592 588 1754 656 duos
1786 587 2165 677 deputasset.
2202 586 2290 654 At
2312 586 2529 654 inanis
2555 596 2645 656 est

354 701 463 768 illa
500 701 798 790 objectio.
841 699 1268 779 Quaerebatur
1290 697 1471 764 enim
1497 701 1722 763 utrum
1760 693 2217 762 Tridentinam
2246 693 2644 763 sanctionem

353 806 696 874 violassent
745 804 1044 873 canonici
1089 804 1373 872 Limani.
1429 790 1889 869 Tridentinum
1932 807 2146 867 autem
2194 800 2530 868 decretum
2569 800 2646 868 de

351 912 668 980 divisione
683 910 1161 1002 jurisdictionis
1189 909 1461 976 omnino
1498 908 1663 975 silet.
1701 905 1877 974 Dum
1915 928 2070 995 ergo
2109 906 2475 974 declaratur
2513 907 2645 974 vio-

356 1019 553 1087 latam
596 1020 795 1086 fuisse
825 1018 1278 1085 Tridentinam
1318 1012 1747 1092 sanctionem,
1791 1012 1933 1080 ideo
1972 1013 2259 1103 profecto
2292 1014 2452 1101 quia
2488 1013 2643 1081 duos

358 1125 1045 1215 vicarioscapitulares
1093 1122 1586 1203 constituerant,
1626 1142 1776 1187 cum
1819 1118 2201 1186 Tridentina
2246 1120 2533 1206 synodus
2567 1119 2643 1186 de

356 1253 492 1300 uno
519 1231 968 1299 constituendo
989 1232 1318 1318 loquatur.
1354 1229 1432 1295 Et
1457 1227 1846 1317 caeteroquin
1877 1227 1931 1293 si
1955 1226 2175 1293 liceret
2202 1225 2422 1316 plures
2451 1225 2648 1315 depu-

354 1343 512 1422 tare,
556 1359 686 1404 non
729 1343 983 1403 tanturn
1026 1335 1221 1403 simul
1256 1336 1507 1411 liceret,
1549 1334 1657 1400 sed
1703 1339 1765 1400 et
1801 1331 2053 1399 deceret
2098 1331 2300 1398 dividi
2337 1332 2510 1398 inter
2544 1352 2647 1399 eos

349 1443 897 1534 jurisdictionem.
942 1441 1116 1530 Ergo
1143 1441 1328 1507 bulla
1361 1439 1609 1508 Urbani
1638 1438 1786 1507 Vlll
1816 1438 2043 1506 haberi
2073 1438 2267 1505 etiam
2297 1437 2485 1504 debet
2510 1443 2650 1505 tan·

358 1571 557 1640 quam
589 1549 865 1616 decisiva
894 1549 1228 1637 praesentis
1256 1546 1636 1635 quaestionis
1656 1545 1925 1617 solutio..

445 1654 830 1722 Auctoritati
873 1653 938 1721 S.
979 1652 1514 1742 Congregationis
1558 1651 1815 1719 concilii
1862 1653 2125 1719 accessit
2161 1650 2646 1717 canonistarum

356 1760 717 1829 consensio.
778 1759 927 1827 Post
972 1761 1258 1848 cognitas
1303 1762 1480 1825 enim
1531 1758 1709 1826 illius
1764 1756 2113 1825 tribunalis
2166 1756 2646 1839 declarationes,

354 1866 697 1933 doctorum
733 1866 802 1932 in
834 1865 1143 1932 eumdem
1171 1886 1438 1956 sensum
1464 1864 1780 1932 sententia
1806 1864 2005 1932 evasit
2026 1864 2426 1941 communis.
2458 1861 2658 1929 Dere-

354 1970 700 2060 linquendi
731 1993 884 2060 ergo
934 1971 1205 2038 omnino
1243 1976 1394 2039 sunt
1440 1971 1634 2061 pauci
1672 1969 1925 2060 antiqui
1955 1971 2305 2038 canonistae
2333 1970 2452 2058 qui
2493 1968 2654 2035 olim

354 2080 752 2145 contrarium
769 2078 1142 2145 docuerant.

453 2205 488 2246 «
523 2181 694 2271 Eligi
732 2184 920 2250 debet
954 2183 1067 2274 (ait
1100 2182 1378 2263 Giraldi,
1406 2182 1772 2273 Expositio
1791 2182 1975 2274 juris
2005 2181 2390 2273 Pontificii,
2418 2185 2655 2274 pagina

360 2286 514 2371 127,
538 2289 688 2356 edit.
719 2288 963 2371 Romae,
990 2288 1186 2378 1829)
1207 2311 1380 2356 unus
1411 2290 1690 2356 vicarius
1714 2314 1731 2373 ;
1757 2295 1819 2356 et
1846 2310 1978 2357 non
2011 2288 2228 2378 plures
2253 2288 2407 2379 (nisi
2440 2291 2653 2379 quoad

351 2392 729 2461 electionem
749 2395 1048 2484 plurium
1075 2395 1896 2484 vigeret'imm'emorabili's
1922 2395 2344 2481 consuetudo)
2356 2406 2383 2482 ‘3
2412 2407 2549 2464 n'on
2575 2396 2655 2464 ad

352 2503 607 2588 tempus
644 2502 1019 2587 duraturus,
1058 2502 1167 2568 sed
1218 2508 1492 2591 prototo
1519 2507 1807 2592 tempore
1834 2502 2220 2586 vacationis;
2256 2525 2409 2570 cum
2434 2502 2661 2591 juris-

351 2601 662 2689 dictione,
713 2624 844 2670 non
873 2605 1296 2688 cumulatim,
1331 2607 1440 2674 sed
1483 2606 1833 2696 privativa3
1876 2629 1995 2675 nec
2024 2608 2472 2691 removenduS,
2511 2607 2655 2675 nisi

352 2727 543 2775 causa
562 2709 818 2798 cognita
846 2709 927 2775 ab
952 2708 1174 2776 eadem
1208 2708 1403 2777 Sacra
1427 2710 1945 2800 Congregatione
1974 2740 1993 2800 3
2027 2719 2090 2780 et
2127 2714 2190 2779 in
2223 2732 2371 2777 casu
2400 2708 2652 2777 absen-

354 2816 487 2896 tiae,
521 2817 682 2906 ipse,
715 2837 847 2883 non
876 2816 1267 2907 capitulum,
1300 2815 1505 2884 alium
1538 2818 1689 2884 loco·
1715 2820 1818 2886 sui
1857 2820 2167 2911 deputare
2201 2822 2423 2910 potest.
2447 2842 2489 2882 a

455 2946 491 2984 «
521 2920 743 2989 Unum
777 2926 1030 2989 tantum
1074 2921 1395 2989 vicarium
1450 2923 1816 3011 generalem
1846 2922 1960 3015 (ait
1995 2923 2363 3009 Monacelli,
2398 2922 2659 2990 formu-

365 3025 691 3112 «larium,
724 3027 909 3095 titulo
942 3030 1007 3115 1,
1046 3029 1237 3096 form.
1287 3030 1355 3115 2,
1392 3031 1610 3097 adnot.
1650 3028 1756 3120 13)
1801 3032 2111 3120 deputare
2154 3036 2360 3121 potest
2399 3030 2656 3120 capitu-

364 3156 400 3196 α
437 3131 583 3199 lum
609 3140 673 3200 et
699 3155 830 3201 non
856 3135 1099 3224 plureS,
1128 3135 1256 3203 nisi
1284 3136 1531 3204 adesset
1556 3136 1621 3202 in
1646 3134 1788 3204 loco
1811 3135 2351 3203 immemorabilis
2377 3158 2657 3203 consue-

362 3260 398 3298 «
435 3238 593 3305 tudo
620 3239 1088 3327 eligendiduOS‚
1133 3241 1237 3308 vel
1274 3247 1485 3309 essent
1527 3241 1657 3308 duo
1690 3240 2111 3331 Episcopatus
2145 3241 2314 3308 uniti
2354 3249 2415 3308 et
2456 3262 2660 3308 unus-

310 3389 324 3404 .
360 3366 395 3403 ι
433 3344 709 3430 quisque
740 3346 1007 3413 haberet
1040 3369 1234 3413 suum
1277 3348 1641 3438 capitulum
1667 3353 1728 3414 et
1757 3348 2089 3416 ecclesiam
2123 3347 2591 3416 cathedralem.
2616 3371 2649 3410 ιο

442 3445 619 3513 ldem
664 3450 858 3514 tradit
903 3450 1211 3534 Ferraris,
1243 3458 1370 3520 tres
1392 3454 1679 3541 allegans
1720 3454 2073 3522 decisiones
2116 3454 2328 3523 Sacrae
2366 3453 2657 3543 Congre-

354 3552 630 3646 gationis
663 3552 877 3644 Episc.
912 3562 974 3621 et
1007 3577 1147 3645 reg.
1194 3581 1210 3624 ε
1261 3584 1296 3622 «
1317 3558 1721 3649 Capitulum,
1753 3561 1999 3650 inquit,
2023 3581 2156 3627 non
2181 3567 2389 3652 potest
2418 3562 2657 3648 eligere

367 3688 403 3728 ι(
436 3662 503 3730 in
527 3660 847 3729 vicarium
869 3662 1288 3751 capitularem
1310 3665 1436 3731 nisi
1462 3687 1677 3732 unum
1703 3670 1994 3749 tantum3
2025 3672 2087 3733 et
2107 3666 2160 3733 si
2181 3667 2381 3755 eligat
2402 3667 2652 3756 plureS,

362 3793 400 3832 a
442 3770 669 3837 electio
719 3768 1078 3836 devolvitur
1126 3770 1207 3837 ad
1259 3768 1830 3860 Metropolitanum
1868 3797 1902 3838 »
1949 3771 2168 3862 (verbo
2219 3761 2650 3862 Capitulum,

359 3876 630 3943 articulo
654 3876 721 3958 3,
748 3898 815 3942 n.
850 3875 989 3968 40).

447 3979 664 4049 Posset
681 3989 848 4051 certe
867 3982 1229 4075 capitulum
1247 3982 1457 4069 legem
1481 3979 1934 4050 Tridentinam
1951 3982 2237 4068 eludere,
2262 3983 2318 4049 si
2338 3982 2466 4072 ipsi
2492 3980 2657 4049 lice-

354 4088 452 4152 ret
479 4084 557 4150 de
578 4088 726 4172 jure
758 4091 1098 4159 communi
1127 4091 1347 4180 plures
1377 4088 1613 4177 eligere
1639 4088 1911 4157 vicarios
1930 4089 2334 4180 capitulares.
2374 4087 2445 4156 Si
2471 4087 2658 4156 enim

358 4188 556 4283 possit
598 4189 1053 4280 eligere‘duos,
1100 4194 1332 4285 quidni
1360 4200 1488 4263 tres
1509 4197 1542 4262 ⁶?
1578 4194 1658 4262 Et
1685 4195 1738 4262 si
1773 4201 1926 4279 tres,
1973 4194 2206 4284 quidni
2234 4196 2567 4283 quatuor?
2594 4198 2661 4259 et

358 4297 450 4367 sic
489 4296 808 4384 deinceps
844 4299 1050 4369 donec
1087 4302 1167 4368 ad
1207 4324 1562 4370 numerum
1621 4301 1841 4393 ipsum
1883 4302 2332 4370 membrorum
2376 4297 2656 4389 capituli

357 4402 759 4489 deveniatur,
779 4402 888 4471 *ita
916 4412 990 4471 ut
1015 4427 1242 4475 omnes
1275 4409 1662 4499 capitulares
1692 4409 2170 4478 constituantur
2204 4405 2432 4475 vicarii
2467 4402 2653 4495 capi-
