2930 4982
1191 322 1269 368 ms
1309 322 1640 369 carn-uus.
2484 312 2555 369 2¹

280 439 648 529 Episcopus
678 439 821 507 sine
852 440 1123 508 consilio
1158 441 1546 509 clericorum
1585 463 1862 509 suorum
1911 441 2182 509 clericos
2215 464 2351 509 non
2385 440 2569 510 ordi-

279 556 409 612 net.
473 544 696 635 (Cone.
749 546 1053 636 Carthag.
1113 547 1228 627 IV,
1283 570 1343 616 c.
1417 548 1557 638 22.)
1586 548 1681 617 Dc
1731 570 1861 638 qua
1913 548 2260 639 disciplina
2320 550 2569 640 aliquid

277 653 551 720 retinere
576 654 796 721 volens
820 652 1203 722 Tridentina
1239 656 1528 743 synodus
1550 656 1835 725 decrevit
1860 655 2300 724 ordinationes
2328 656 2471 724 fieri
2498 657 2567 726 in

278 759 654 839 cathedrali,
705 761 957 829 vocatis
999 762 1571 852 praesentibusque
1623 760 1715 830 ad
1768 762 1840 829 id
1882 762 2161 830 ecclesia?
2211 763 2560 833 canonicis.

277 864 464 956 (Sess,
504 867 619 950 23,
652 890 708 934 c.
737 868 805 954 8,
838 866 933 935 De
957 868 1104 958 ref.)

357 969 682 1039 Summus
707 978 842 1040 erat
877 973 1089 1041 honor
1119 973 1402 1042 adscribi
1452 973 1854 1063 presbyterio
1886 995 1998 1042 seu
2026 974 2324 1065 Capitulo
2346 975 2568 1044 cathe-

274 1077 439 1144 drali
473 1077 640 1167 (vide
662 1077 864 1146 Nardi
893 1078 960 1147 id
979 1079 1174 1147 variis
1200 1081 1650 1149 monumentis
1673 1085 2085 1161 statuentem,
2108 1086 2156 1147 t.
2189 1080 2271 1168 ll,
2289 1105 2353 1172 p.
2382 1081 2563 1170 240).

274 1182 363 1250 lta
394 1185 618 1263 etiam,
652 1189 727 1250 ut
751 1183 1056 1275 Episcopi
1088 1187 1208 1275 qui
1235 1188 1305 1253 in
1334 1186 1471 1254 suis
1498 1186 1873 1255 civitatibus
1899 1207 2031 1254 non
2059 1186 2568 1276 recipiebantur,

273 1291 544 1379 collegio
574 1290 926 1358 cathedrali
975 1292 1412 1380 adderentur3
1452 1294 1849 1384 episcopalia
1889 1299 2108 1361 tamen
2145 1293 2237 1360 ibi
2280 1314 2567 1361 exercere

276 1418 408 1464 non
429 1405 720 1487 poterant
741 1399 867 1466 nisi
892 1402 1302 1489 permittente
1328 1400 1455 1467 loci
1484 1400 1827 1489 Episcopo.
1860 1399 2085 1489 (Cone.
2114 1399 2559 1488 Ancyranum,

272 1526 414 1572 can.
452 1507 557 1572 17.
585 1541 670 1559 --
713 1505 1222 1590 Antiochenam,
1258 1528 1402 1574 can.
1447 1505 1555 1573 18.
1587 1544 1679 1557 -
1710 1505 2083 1589 Nicaenum,
2117 1527 2263 1573 can.
2293 1505 2386 1595 8.)

361 1610 534 1678 Olim
580 1613 749 1680 sicut
802 1612 997 1680 hodie
1043 1613 1350 1681 sedebant
1397 1611 1468 1679 in
1518 1612 1840 1680 subselliis
1887 1604 2069 1681 elatis
2115 1611 2195 1678 ad
2234 1611 2561 1679 dexteram

267 1724 331 1784 et
349 1716 676 1785 sinistram
700 1718 1030 1809 Episcopi,
1050 1741 1195 1809 quae
1225 1719 1535 1787 subsellia
1573 1720 1768 1788 modo
1787 1719 2060 1787 secundi
2086 1718 2333 1799 throni,
2368 1719 2564 1786 modo

268 1823 648 1909 tribunalia,
681 1826 876 1892 modo
915 1825 1228 1893 cathedrae
1269 1825 1442 1915 apud
1491 1832 1732 1894 veteres
1784 1831 2273 1915 nuncupantur.
2309 1822 2559 1914 (Nardi,

270 1932 395 1996 Dei
418 1928 729 2011 Pa‘roclzz',
764 1939 806 1998 t.
844 1931 921 2014 ll,
969 1953 1116 2021 pag.
1172 1931 1359 2021 242.)
1393 1930 1669 2000 Sanctus
1715 1931 2068 2021 Gregorius
2095 1930 2558 2010 Nazianzenus,

267 2022 348 2104 de
410 2061 526 2107 suo
571 2037 966 2128 presbyterio
1014 2037 1106 2104 sic
1144 2038 1442 2125 queritur
1483 2062 1499 2105 2
1536 2036 1864 2107 Secundos
1907 2037 2025 2127 qui
2072 2045 2294 2103 tenent
2328 2034 2568 2124 templi

265 2145 446 2210 sacri
489 2144 755 2211 thronos
787 2143 1079 2234 (senatus
1120 2143 1243 2210 ille
1277 2143 1664 2233 splendidus
1681 2142 1997 2233 plebique
2037 2140 2455 2232 proesidmzs)‚
2495 2141 2560 2207 in

261 2271 372 2314 me
414 2250 692 2337 fuerunt
743 2249 928 2316 haud
963 2249 1116 2316 boni
1142 2275 1165 2315 .·
1221 2252 1368 2337 qais
1427 2248 1799 2316 credidisset
1832 2248 1951 2313 hoc
1977 2253 2007 2311 ?
2066 2246 2368 2334 (Carmen
2424 2246 2562 2333 23.)

264 2353 822 2442 Archipresbyter
868 2359 1004 2421 erat
1059 2375 1316 2442 semper
1367 2354 1893 2443 presbyterorum
1936 2352 2187 2431 senior;
2234 2355 2297 2418 at
2347 2350 2566 2418 archi-

262 2457 586 2526 diaconus
630 2458 937 2527 electione
965 2459 1496 2528 constituebatur.
1546 2458 1869 2528 Sedebant
1910 2463 2124 2526 autem
2171 2459 2339 2527 sicut
2372 2458 2561 2528 hodie

267 2562 501 2629 ordine
533 2561 631 2653 (ut
657 2563 883 2631 dicunt
896 2563 1277 2655 'canonistae)
1319 2565 1746 2633 ancianitatis.
1777 2563 1982 2652 Cujus
2007 2564 2253 2631 ordinis
2276 2564 2555 2632 turbatio

268 2691 465 2757 quam
489 2669 702 2757 gravis
740 2671 1191 2757 aestimaretur,
1221 2671 1426 2739 videri
1456 2677 1659 2762 potest
1688 2669 1953 2760 epistola
1983 2668 2064 2735 19
2089 2671 2294 2737 sancti
2323 2670 2560 2739 Leonis

269 2773 487 2864 Magni
517 2776 595 2842 ad
626 2774 877 2845 Dorum
905 2777 1328 2869 Episcopum.
2601 2849 2618 2864 x

359 2879 738 2950 Potestatem
771 2884 1379 2952 excommunicandi
1409 2882 1738 2950 habebant
1777 2880 2175 2948 cumulative
2218 2900 2372 2945 cum
2409 2879 2564 2970 Epi-

276 3011 487 3079 scopo,
505 2990 681 3056 etita
709 2989 780 3054 in
807 2990 1033 3057 multis
1058 2988 1360 3077 capitulis
1389 3006 1824 3077 perseverasse
1853 3004 2057 3071 usque
2085 2983 2165 3050 ad
2190 2981 2557 3053 Concilium

275 3090 729 3161 Tridentinum
758 3094 976 3161 videre
1010 3098 1126 3160 est.
1169 3091 1355 3180 (Sess.
1399 3091 1515 3177 25,
1544 3112 1601 3157 c.
1637 3089 1729 3178 6.)
1852 3137 1863 3147 ·

361 3198 761 3290 Praecipuam
795 3205 1045 3290 partem
1077 3199 1146 3266 in
1177 3197 1487 3265 electione
1511 3195 1815 3286 Episcopi
1855 3193 2186 3262 exercebat
2210 3192 2560 3283 collegium

280 3305 660 3373 cathedrale.
715 3304 954 3374 Totum
999 3307 1065 3373 id
1107 3305 1281 3396 quod
1332 3306 1525 3372 hodie
1572 3302 1872 3394 parochis
1919 3302 2260 3392 proprium
2306 3308 2422 3387 est,
2480 3303 2562 3369 ab

162 3435 165 3440 ·
282 3409 616 3503 EpiscopO,
671 3415 1018 3503 adjuvante
1068 3420 1130 3480 et
1172 3412 1515 3502 supplente
1564 3407 1915 3478 cathedrali
1973 3408 2284 3498 capitulo,
2335 3409 2402 3474 in
2434 3412 2561 3474 tota

277 3516 526 3586 dioecesi
547 3542 662 3609 per
685 3520 806 3587 tria
830 3521 1089 3605 saecula,
1112 3519 1192 3586 -in
1226 3517 1599 3586 civitatibus
1617 3538 1733 3607 per
1755 3516 1936 3582 mille
1963 3535 2168 3582 annos
2197 3512 2393 3580 fuisse
2413 3534 2558 3602 per-

280 3631 522 3709 actum,
554 3628 695 3716 jam
725 3626 795 3693 in
826 3627 1213 3715 praecedenti
1248 3624 1655 3715 paragrapho
1684 3621 2147 3689 indicavimus.

363 3729 523 3810 Quae
548 3731 1129 3822 praerogativarum
1178 3730 1430 3815 antiqui
1468 3726 1851 3795 cathedralis
1879 3721 2163 3807 collegii,
2193 3716 2568 3788 tenuissima

279 3833 423 3902 licet
445 3839 778 3926 expositio,
814 3837 869 3906 si
911 3836 1080 3905 bene
1111 3832 1536 3924 expendatur,
1565 3829 1839 3917 quisque
1869 3824 2054 3893 facile
2100 3824 2454 3913 genuinam
2481 3826 2561 3895 ab

279 3942 548 4011 eruditis
607 3944 777 4013 tradi
837 3944 1039 4034 hujus
1090 3938 1516 4011 institutionis
1572 3936 1907 4005 notionem
1965 3931 2292 4013 fatebitur,
2353 3957 2559 4024 quum

281 4047 634 4138 affirmant,
690 4051 757 4118 id
808 4073 941 4119 esse
984 4050 1346 4141 capitulum
1397 4043 1762 4115 cathedrale
1809 4063 1961 4110 cum
2006 4040 2349 4133 Episcopo,
2392 4042 2564 4133 quod

284 4154 628 4246 collegium
652 4158 1086 4226 cardinalium
1106 4179 1259 4226 cum
1281 4156 1560 4225 Summo
1583 4151 1894 4219 Pontifice
1929 4174 1944 4219 ε
1975 4151 2334 4240 superlores
2357 4149 2572 4239 digni·

281 4264 402 4329 tate
430 4263 746 4332 omnibus
792 4266 865 4332 in
891 4268 1022 4332 toto
1067 4263 1221 4331 orbe
1251 4260 1635 4345 cardinaleS,
1683 4259 1834 4348 quia
1869 4278 2080 4327 unum
2129 4276 2368 4345 corpus
2414 4273 2566 4320 cum

289 4360 461 4457 Papa
483 4375 548 4437 et
570 4369 864 4438 membra
887 4370 1095 4459 ipsius
1121 4392 1138 4436 ε
1169 4368 1530 4459 superiores
1549 4367 1854 4457 dignitate
1872 4359 2185 4433 omnibus
2210 4362 2288 4425 de
2311 4352 2567 4420 dioecesi
