2930 4982
411 334 436 387 1
456 331 486 383 'A'
499 331 532 385 8
1347 336 1690 385 'nummus

414 490 445 525 «
478 460 899 550 Congregatio
928 460 1187 528 concilii
1228 458 1336 550 (12
1368 459 1585 525 martii
1621 457 1818 542 1655,
1849 460 1918 525 in
1946 456 2679 548 Lunensi-Sarzinensi)‚

412 595 443 631 «
473 569 626 657 quia
656 565 1119 656 capitularibus
1161 564 1447 632 liberum
1486 570 1604 652 est,
1634 565 1849 633 audita
1899 566 2166 633 materia
2213 565 2563 655 proposita,
2592 566 2686 632 di·

406 703 441 740 «
470 675 778 742 lationem
828 678 1040 764 petere
1092 671 1173 738 ad
1218 670 1578 738 consultius
1625 670 2171 760 respondendum.
2222 670 2302 737 Et
2348 671 2522 738 circa
2561 671 2683 740 hoc

407 809 440 847 «
467 787 560 849 est
603 780 1091 857 advertendum,
1137 777 1308 867 quod
1345 778 1772 845 attendendus
1811 786 1904 846 est
1941 778 2142 866 stylus
2186 784 2246 845 et
2288 779 2682 846 consuetudo

401 889 601 956 «sive
651 892 985 970 statutum,
1032 908 1161 974 quo
1212 885 1498 963 alteram,
1544 907 1798 975 semper
1834 885 2214 975 capitulares
2262 892 2532 975 possunt
2576 907 2682 953 ac-

404 1021 435 1057 «
467 1002 606 1061 tum
661 992 932 1059 irritare.
994 1017 1030 1057 ι»
1090 991 1624 1082 (Scarfantonius,
1661 998 1707 1057 t.
1760 990 1840 1075 ΙΙ,
1874 1013 2024 1082 pag.
2078 991 2229 1078 109,
2277 1013 2344 1058 n.
2381 990 2496 1077 25,
2524 990 2677 1058 edit.

392 1101 609 1183 Lucae,
645 1097 869 1187 1723.)
2634 1162 2637 1165 ,

477 1208 658 1276 Hanc
719 1204 1151 1273 Scarfantonii
1234 1202 1599 1270 doctrinam
1672 1204 2016 1271 confirmat
2074 1203 2250 1292 quod
2303 1202 2547 1292 legitur
2611 1206 2678 1271 in

380 1312 709 1380 Thesauro
770 1309 1243 1377 resolutionum
1290 1307 1357 1376 S;
1412 1307 1947 1398 Congregationis
2012 1309 2296 1392 concilii,
2358 1310 2426 1377 in
2502 1316 2679 1378 tomo

386 1421 544 1485 anni
592 1415 789 1499 1829,
836 1435 986 1504 pag.
1025 1412 1112 1480 48
1163 1435 1179 1479 ε
1233 1438 1267 1476 α
1315 1412 1386 1480 ld
1420 1413 1571 1481 satis
1620 1420 2028 1504 compertum
2065 1435 2140 1481 ex
2183 1413 2380 1503 hujus
2409 1413 2478 1483 S.
2514 1414 2676 1483 Con·

392 1551 425 1589 «
459 1520 846 1613 gregationis
882 1520 1135 1588 decreto
1166 1519 1260 1608 (in
1295 1517 2011 1601 Lunensi-Sarzinensi,
2056 1519 2139 1587 12
2185 1520 2400 1587 martii
2452 1520 2671 1610 1655),

390 1657 423 1694 «
455 1650 585 1719 quo
613 1628 1007 1695 declaratum
1039 1624 1184 1709 fuit,
1218 1646 1369 1691 eum
1395 1625 1473 1692 ad
1503 1647 1699 1715 quem
1723 1629 1965 1715 spectat
1982 1625 2250 1717 capituli
2279 1628 2672 1713 convocatio,

386 1762 419 1799 «
453 1757 582 1803 non
610 1732 814 1801 teneri
860 1732 941 1799 ad
987 1751 1128 1797 rem
1177 1731 1247 1796 in
1280 1731 1419 1820 ipsa
1470 1732 1928 1799 convocatione
1972 1731 2495 1820 significandam,
2527 1734 2675 1822 quia

387 1842 773 1909 «nimirum
819 1836 1286 1927 capitularibus
1334 1837 1634 1905 inducias
1678 1839 1758 1906 ad
1818 1838 2310 1907 deliberandum
2359 1841 2676 1930 denegare

384 1975 418 2012 «
451 1970 582 2016 non
631 1946 816 2029 licet3
864 1950 1056 2032 atque
1095 1943 1291 2008 etiam
1333 1964 1409 2008 ex
1456 1942 1524 2010 S.
1574 1943 1748 2012 Rotae
1773 1945 2050 2032 judicio,
2086 1967 2230 2034 quae
2257 1945 2350 2037 (in
2381 1946 2674 2015 Avenio-

386 2080 418 2117 «
450 2054 659 2131 nensi‚
710 2051 789 2118 17
826 2049 1041 2117 martii
1085 2047 1282 2132 1752,
1316 2070 1537 2116 coram
1582 2049 1835 2140 Bussio)
1877 2051 2121 2134 statuit,
2168 2052 2518 2119 canonicos
2563 2074 2675 2120 ca·-

383 2158 632 2249 «pituli
688 2155 1215 2224 convocationem
1270 2154 1630 2246 cupientes,
1680 2156 1956 2223 minime
2007 2156 2343 2225 obstrictos
2386 2179 2522 2225 esse
2565 2180 2673 2226 ne·

384 2264 618 2354 «gotia
660 2264 728 2329 in
786 2262 1065 2330 comitiis
1097 2261 1614 2329 extraordinariis
1643 2263 2063 2352 proponenda
2110 2263 2323 2354 palam
2373 2262 2583 2333 facere
2616 2265 2671 2332 ei

383 2396 417 2435 «
444 2369 559 2459 qui
582 2371 693 2458 jus
714 2367 906 2434 habet
926 2365 1259 2433 indicendi
1289 2366 1677 2457 capitulum,
1710 2366 1937 2456 illique
1961 2367 2367 2457 praesidendi.
2402 2393 2438 2433 »

460 2476 572 2545 Vl.
614 2475 882 2545 Etiamsi
913 2472 1144 2541 unicus
1174 2472 1405 2540 exiliis
1430 2472 1546 2561 qui
1570 2473 1787 2541 vocari
1813 2471 2181 2542 debuerunt
2228 2497 2351 2542 non
2395 2484 2669 2545 vocatus

369 2582 590 2665 fuerit,
624 2586 804 2649 actus
837 2580 1221 2670 capitulares
1248 2584 1443 2645 erunt
1489 2579 1684 2662 nulli,
1726 2580 1780 2647 si
1827 2580 1937 2646 ille
1977 2582 2283 2648 reclamet
2325 2586 2384 2647 et
2427 2602 2494 2647 se
2540 2580 2671 2649 de-

370 2694 659 2778 spectum
701 2685 919 2763 fuisse,
971 2683 1039 2750 id
1085 2687 1202 2767 cst,
1237 2705 1367 2751 non
1421 2687 1724 2752 vocatum
1774 2685 2023 2775 probet.
2075 2686 2457 2754 Curandum
2507 2708 2668 2776 ergo

366 2793 671 2883 inprimis
695 2797 786 2859 est
803 2790 874 2857 in
895 2790 1087 2857 modo
1108 2788 1582 2856 convocationis
1610 2790 1942 2874 faciendae,
1970 2798 2043 2859 ut
2077 2793 2298 2859 nullus
2323 2794 2666 2860 omittatur

366 2919 440 2965 ex
471 2900 553 2966 iis
580 2900 695 2987 qui
719 2902 988 2989 possunt
1014 2900 1075 2963 et
1101 2895 1336 2963 debent
1367 2895 1605 2963 vocari.

1310 3168 1598 3231 CAPUT
1660 3170 1712 3227 V

906 3341 1136 3393 QUINAM
1173 3342 1367 3387 VOCEM
1404 3342 1690 3387 HABEANT
1725 3344 1790 3389 IN
1821 3344 2108 3392 CAPITULO

457 3523 517 3590 1.
557 3519 754 3589 «Vox
784 3522 1090 3611 competit
1120 3521 1572 3589 tantummodo
1601 3526 1935 3594 canonicis
1976 3526 2047 3594 in
2085 3528 2279 3595 sacris
2308 3526 2663 3596 ordinibus

368 3628 790 3697 «constitutis
848 3627 1108 3717 (concil.
1150 3625 1331 3694 Trid.
1368 3649 1521 3696 sess.
1569 3628 1684 3715 24,
1739 3652 1797 3697 c.
1851 3633 1918 3712 4,
1969 3635 2064 3698 De
2106 3632 2284 3723 refi).
2319 3632 2467 3700 Non
2522 3638 2666 3700 exi-

368 3760 400 3797 «
431 3739 662 3802 stentes
682 3735 748 3801 in
774 3732 971 3801 sacris
990 3739 1319 3821 nequeunt
1343 3734 1424 3801 ab
1448 3734 1593 3803 aliis
1623 3738 1954 3805 canonicis
1981 3737 2239 3804 admitti
2263 3737 2344 3805 ad
2366 3737 2664 3806 dandam

368 3865 399 3901 «
433 3859 656 3906 vocem
706 3840 775 3906 in
823 3841 980 3907 actis
1027 3839 1575 3928 capitularibus..
1611 3842 1693 3908 Et
1722 3844 1808 3909 ita
1832 3843 2083 3911 censuit
2125 3842 2319 3912 Sacra
2364 3842 2671 3934 Congre-

364 3968 396 4005 «
426 3944 596 4030 gatio
633 3944 713 4009 ad
738 3944 987 4022 dictum
1032 3949 1223 4032 caput
1261 3946 1521 4012 concilii
1546 3945 1939 4016 Tridentini..
1973 3949 2106 4017 Nec
2132 3950 2299 4035 valet
2323 3952 2666 4018 contraria

363 4072 397 4111 «
427 4047 846 4115 consuetudo,
872 4047 1005 4116 Nec
1030 4046 1389 4139 Episcopus
1412 4056 1616 4140 potest
1647 4053 1714 4119 in
1745 4053 1870 4122 hoc
1895 4054 2285 4145 dispensare.
2316 4077 2351 4116 »
2383 4052 2665 4145 (Cecco-

353 4151 594 4243 petius,
624 4150 741 4219 lib.
772 4173 867 4238 lv,
897 4155 994 4220 tit.
1033 4152 1156 4243 ιιι.)
2684 4173 2693 4180 ·

436 4258 503 4326 2.
547 4256 718 4338 Quid
756 4258 835 4323 de
873 4261 1207 4340 canonico,
1245 4262 1628 4331 *minoribus
1686 4269 1939 4331 tantum
1996 4263 2333 4333 ordinibus
2387 4264 2667 4335 initiato

347 4375 408 4433 ct
480 4366 598 4454 qui
667 4362 1130 4454 possessionem
1200 4369 1478 4457 sumpsit
1541 4369 1642 4437 sui
1689 4371 2148 4440 canonicatus?
2204 4408 2295 4421 —
2362 4369 2662 4454 Cumsci
