2930 4982
399 351 479 404 42
1377 362 1409 404 Τ
1415 360 1713 406 naeuius

398 482 600 547 fixum
636 485 698 547 et
728 480 1211 547 immutabilem
1263 482 1581 563 instituta,
1617 481 1726 548 sed
1781 502 1899 571 pro
1924 483 2123 551 variis
2152 484 2555 574 temporibus
2603 483 2688 551 ad

400 586 681 653 diversos
709 587 870 654 lines
898 591 1133 677 aptata,
1168 591 1393 654 ornata
1423 586 1619 654 fuisse
1644 585 1842 653 variis
1869 586 1951 653 ab
1978 585 2265 656 Ecclesia
2281 589 2570 678 juribus.
2594 626 2689 640 -

395 690 517 761 Sed
566 693 987 784 respondetur
1042 692 1453 782 hypothesim
1500 691 1683 760 illam
1734 692 2179 761 monumentis
2223 692 2690 763 Ecclesiasticis

395 798 670 865 omnino
702 819 1093 888 repugnare.
1133 796 1451 866 Videmus
1501 797 1681 865 enim
1726 797 2162 886 capitulorum
2199 799 2687 869 institutionem

394 909 704 993 tanquam
723 903 973 993 aliquid
998 908 1296 973 constans
1316 905 1471 971 etin
1492 902 1883 993 quibusdam
1932 904 2280 994 praecipuis
2308 904 2687 973 exercendis

397 1008 628 1077 officiis
657 1013 719 1076 et
737 1009 1026 1098 juribus,
1070 1010 1140 1077 in
1183 1016 1313 1077 tota
1343 1009 1738 1077 saeculorum
1759 1007 2127 1097 elapsurum
2155 1007 2319 1076 serie
2364 1008 2681 1097 viguisse.

398 1113 718 1182 Videmus
786 1115 983 1182 etiam
1048 1116 1521 1204 legislationem
1578 1113 1884 1183 Ecclesiae
1951 1121 2259 1205 perpetuo
2310 1134 2688 1204 supponere

373 1220 615 1298 ⁵eadem
671 1219 955 1309 capitula
1001 1226 1316 1309 tanquam
1371 1221 1852 1288 institutionem
1908 1219 2261 1310 quamdam
2305 1220 2685 1310 specialem,

388 1326 658 1394 omnino
721 1326 1215 1394 determinatam
1253 1332 1315 1394 et
1356 1326 1622 1415 juribus
1670 1327 1795 1393 sibi
1843 1326 2126 1416 propriis
2175 1327 2554 1416 pollentem.
2608 1325 2691 1393 Et

389 1433 558 1500 inter
568 1433 721 1522 jura
745 1436 806 1497 et
828 1432 1041 1499 officia
1069 1432 1506 1522 capitulorum
1537 1433 1679 1519 haec
1719 1432 1850 1499 duo
1896 1432 2193 1500 videmus
2225 1436 2690 1522 permanenter

395 1545 455 1605 et
490 1537 993 1605 immutabiliter
1015 1537 1261 1627 vigere,
1296 1560 1545 1607 munus
1594 1560 1831 1628 nempe
1861 1537 2218 1606 auxiliandi
2240 1536 2595 1628 Episcop0,
2628 1543 2692 1606 et

390 1644 461 1711 in
497 1648 958 1713 ornamentum
999 1644 1207 1712 divini
1256 1644 1497 1724 cultus,
1542 1645 1914 1712 officiorum
1968 1665 2302 1729 sacrorum
2343 1639 2688 1760 publicam

389 1749 911 1819 celebrationem.
941 1749 1130 1831 Quod
1159 1752 1355 1819 etiam
1386 1751 1780 1820 confirmant
1800 1751 1965 1820 facta
1989 1750 2318 1820 recentia.

477 1854 553 1921 In
597 1855 779 1923 brevi
840 1856 921 1924 16
974 1857 1007 1924 J
1016 1858 1134 1926 uln
1197 1857 1395 1946 1801,
1446 1857 1763 1927 Summus
1819 1855 2114 1926 Pontifex
2166 1855 2601 1946 expostulavit
2652 1879 2688 1924 a

389 1961 778 2049 praesulibus
801 1968 946 2031 tum
975 1962 1199 2031 Galliae
1224 1969 1368 2032 tum
1404 1963 1614 2054 Belgii
1657 1967 2078 2054 spontaneam
2111 1984 2382 2032 suarum
2427 1963 2687 2031 sedium

388 2066 849 2136 demissionem
880 2068 1353 2138 :Dimittendce
1402 2094 1444 2137 a
1490 2068 1674 2138 vobis
1724 2080 1957 2159 sponte
1998 2067 2397 2159 episcopales
2447 2081 2687 2137 vestrce

387 2169 564 2239 sedes
589 2184 746 2239 sunt
762 2193 792 2257 ;
820 2173 1188 2265 eaedemque
1225 2175 1296 2243 in
1324 2175 1634 2263 manibus
1660 2175 1909 2243 nostris
1949 2174 2178 2243 liberoe
2226 2174 2674 2265 resiqnandoe.

388 2273 792 2346 Consensum
862 2285 1081 2347 autem
1150 2279 1595 2370 capitulorum
1648 2279 1847 2347 simul
1889 2279 2274 2368 requisivit:
2333 2279 2683 2370 Θαρύπαν,

388 2396 664 2471 urqente
743 2397 1115 2474 temporum
1189 2386 1656 2454 necessitate...
1710 2385 2094 2475 siqnificare
2163 2384 2347 2454 vobis
2410 2386 2683 2453 omnino

386 2510 633 2555 necesse
680 2512 811 2557 esse
855 2488 1039 2558 nobis
1080 2489 1324 2558 saltem
1375 2489 1563 2557 intra
1615 2489 1832 2558 decem
1878 2490 2036 2569 dies,
2088 2491 2169 2557 iis
2212 2512 2603 2579 responsum
2650 2514 2685 2557 6

382 2594 628 2683 scripto
657 2594 812 2662 dari
835 2618 878 2661 a
927 2595 1137 2679 vobis,
1173 2596 1370 2686 idque
1397 2618 1783 2686 responsum
1826 2618 1965 2663 una
2014 2618 2163 2663 cum
2223 2595 2686 2687 capitulorum

387 2711 753 2769 vestrorum
779 2701 983 2769 libero
1031 2724 1343 2770 consensu
1378 2702 1665 2788 ardradi,
1692 2726 1735 2770 a
1765 2725 1891 2792 quo
1934 2703 2180 2771 litterae
2199 2713 2447 2771 nostroe
2493 2702 2683 2770 vobis

386 2803 823 2874 reddentur...
905 2807 1055 2878 Nisi
1107 2808 1290 2875 intra
1358 2807 1577 2876 decem
1635 2807 1774 2877 dies
1833 2808 2222 2878 absolutum
2292 2828 2683 2897 responsum

386 2907 775 2980 dederitis...
789 2912 1073 3003 perinde
1116 2937 1421 3004 coqemur
1449 2916 1687 2983 habere
1718 2936 1833 2983 vos
1863 2926 2208 3004 vestraque
2240 2913 2571 3004 capitula,
2604 2935 2681 2980 ac

384 3016 445 3083 si
495 3017 760 3108 obsequi
803 3021 1381 3110 postulationibus
1455 3022 1701 3090 nostris
1769 3021 2179 3089 recusaretis.
2247 3020 2426 3111 (Haec
2481 3020 2677 3088 verba

387 3123 824 3212 excerpsimus
843 3148 878 3192 e
910 3127 1191 3216 sigillato
1208 3129 1563 3219 exemplari
1586 3128 1950 3219 subscripto
1974 3127 2265 3198 Michael
2275 3126 2677 3194 Patriarclza

386 3227 1041 3319 hierosolymitanus,
1084 3234 1260 3323 apud
1294 3233 1367 3302 P.
1405 3233 1722 3322 Angelini
1753 3234 1824 3299 in
1849 3232 2122 3321 collegio
2151 3230 2445 3297 Romano
2470 3251 2676 3298 asser—

385 3336 554 3414 vato,
585 3332 892 3402 fasciculo
921 3336 961 3402 2
993 3344 1574 3409 monumentorum
1626 3337 2040 3429 pontificatus
2082 3335 2183 3403 Pii
2210 3334 2383 3425 Vll.)

476 3436 550 3504 ln
588 3459 704 3506 sua
758 3442 1211 3512 constitutione
1262 3445 1566 3515 Ecclesia
1612 3442 1871 3511 >Christi
1914 3441 2025 3531 (18
2062 3440 2368 3509 kalendas
2399 3444 2678 3530 septem·

386 3542 522 3611 bris
556 3544 780 3636 1801),
802 3547 904 3641 sic
919 3547 999 3615 de
1020 3550 1318 3638 capitulis
1340 3556 1402 3619 et
1431 3549 1793 3618 seminariis
1812 3549 2106 3638 loquitur
2132 3548 2306 3615 idem
2329 3544 2624 3634 Piusvll
2652 3566 2668 3608 :

393 3649 563 3717 Cum
592 3673 741 3719 vero
772 3663 918 3719 tum
949 3653 1335 3723 clericorum
1362 3655 1793 3737 institutioni,
1831 3666 1975 3723 tum
1993 3654 2482 3746 Episcoporum
2511 3673 2671 3720 con-

382 3755 537 3823 silio
591 3780 853 3848 suoeque
907 3759 1192 3830 ecclesiae
1236 3762 1812 3832 administrationi
1827 3797 1832 3802 ·
1871 3761 2203 3831 consulere
2253 3781 2503 3830 necesse
2555 3757 2664 3837 sit,

387 3859 574 3927 illud
609 3884 744 3930 non
798 3865 1165 3951 omisimus,
1222 3881 1299 3937 ut
1346 3869 1549 3937 iidem
1620 3867 1948 3958 Episcopi
1987 3886 2198 3950 unum
2252 3866 2545 3935 habeant
2605 3862 2673 3930 in

380 3965 762 4062 *cathedrali
807 3972 1073 4041 ecclesia
1107 3973 1481 4064 capitulum
1534 3993 1869 4062 unumque
1909 3971 2366 4050 seminarium.
2397 3972 2559 4044 Item
2603 3967 2671 4036 in

388 4071 771 4140 concordato
819 4078 994 4166 quod
1025 4079 1150 4147 hoc
1179 4100 1350 4147 anno
1409 4077 1595 4169 1851,
1623 4077 1773 4146 iniit
1801 4077 1959 4147 Pius
1986 4076 2077 4146 lX
2126 4101 2282 4149 cum
2331 4076 2664 4171 Hispania,

386 4175 545 4263 quid
569 4178 700 4246 sint
748 4181 944 4251 etiam
981 4185 1171 4252 hodie
1218 4186 1501 4277 capitula
1546 4185 1628 4252 iis
1670 4186 2060 4276 exprimitur
2086 4186 2384 4254 terminis
2435 4184 2551 4275 qui
2601 4181 2667 4248 in

385 4284 506 4348 tota
539 4287 707 4351 retro
732 4287 1110 4376 antiquitate
1133 4291 1432 4381 usurpari
1455 4291 1783 4360 solebant:
1825 4292 1995 4359 Cum
2025 4291 2441 4359 cathedralia
2492 4284 2665 4378 capi-

387 4388 537 4457 tula
558 4390 1218 4483 Archiepiscoporum
1249 4407 1311 4464 et
1335 4398 1822 4490 Episcoporum
1843 4409 2151 4468 senatum
2192 4398 2665 4486 consiliumque
