2930 4982
1657 294 1686 316 ρ

351 378 384 433 6
396 377 430 431 2
1311 381 1650 429 TRACTA'rus

356 511 660 574 «constat
708 505 834 572 nisi
883 503 1236 595 EpiscopiS,
1292 502 1680 593 presbyteris
1719 507 1781 569 et
1822 501 2133 589 diaconis,
2185 502 2271 570 ita
2317 505 2626 594 capitula,

357 640 391 677 «
418 636 529 680 seu
562 612 725 680 sacri
746 610 1149 702 principatus
1184 609 1433 697 effigies
1464 609 2026 688 luculentissimae,
2064 610 2453 699 presbyteris
2493 616 2631 679 tan-

359 726 561 786 «tum
614 718 990 785 constabant
1044 717 1204 784 olim
1257 721 1319 783 et
1370 716 1682 799 diaconis,
1739 717 1812 783 in
1859 738 2069 784 unum
2116 738 2270 784 cum
2319 717 2631 810 Episcopo

359 854 393 892 «
419 832 714 893 senatum
789 823 1263 912 consiliumque
1320 823 1721 912 conscriptis,
1798 822 2075 891 Pascalis
2127 822 2181 890 ll
2246 824 2442 914 (epis.
2511 825 2630 916 10)

359 960 392 999 «
423 934 739 1025 Episcopo
815 930 1312 1020 compostellano
1390 929 1671 997 formam
1755 929 2085 997 delineans
2165 931 2632 1020 componendae

357 1067 391 1106 «
417 1040 703 1107 ecclesiae
749 1058 904 1118 suae,
944 1036 1213 1125 jubebat
1264 1042 1337 1102 ut
1388 1035 1790 1125 presbyteros
1837 1037 1906 1101 in
1948 1058 2022 1102 ea
2055 1040 2117 1103 et
2152 1035 2453 1104 diaconos
2483 1059 2633 1104 car-

358 1172 391 1210 «
422 1145 667 1212 dinales
707 1145 1086 1224 institueret,
1127 1142 1364 1230 quibus
1406 1140 1792 1208 consiliariis
1833 1147 1895 1207 et
1932 1141 2451 1232 cooperatoribus
2497 1148 2633 1209 ute-

358 1276 391 1315 «
425 1255 639 1317 retur:
688 1246 1074 1315 Cardinales
1113 1247 1184 1313 in
1223 1247 1496 1313 ecclesia
1544 1258 1663 1311 tua
1699 1245 2117 1334 presbyteros
2159 1269 2271 1313 seu
2321 1246 2631 1316 diaconos

359 1383 391 1421 «
424 1356 585 1422 tales
628 1354 971 1435 constitue,
1024 1352 1139 1442 qui
1182 1351 1379 1441 diqne
1417 1351 1694 1418 valeant
1735 1351 2088 1418 commissa
2122 1352 2254 1419 sibi
2296 1353 2630 1420 ecclesias-

356 1458 390 1527 «
422 1463 536 1529 tici
572 1460 911 1551 reqiminis
939 1480 1141 1525 onera
1169 1458 1512 1525 sustinere.
1543 1483 1576 1520 >2

438 1569 516 1636 ll.
568 1597 602 1633 «
629 1569 714 1635 At
752 1589 905 1661 cum
953 1564 1198 1633 Urbani
1238 1562 1297 1630 Il
1345 1571 1633 1654 tempore
1679 1564 1968 1652 coepisset
2016 1565 2514 1633 subdiaconatus
2559 1566 2630 1633 in

359 1696 631 1742 «sacros
668 1673 926 1739 ordines
962 1670 1170 1754 evehi,
1204 1676 1363 1737 tunc
1395 1691 1655 1759 quoque
1684 1692 1837 1737 cum
1876 1670 2292 1739 subdiaconis
2330 1692 2630 1739 commu·

357 1809 392 1848 «
421 1782 627 1849 nicari
661 1800 911 1868 coepere
956 1776 1291 1868 potissima
1334 1798 1610 1866 quaeque
1652 1778 2118 1845 canonicorum
2161 1779 2311 1867 jura
2338 1784 2400 1844 et
2435 1799 2629 1845 orna-

359 1919 394 1958 «
423 1897 665 1976 menta,
696 1893 768 1957 ut
790 1893 851 1954 et
874 1886 1234 1975 superiores
1264 1885 1440 1953 sedes
1480 1886 1850 1976 implerent,
1884 1892 1945 1953 et
1960 1889 2109 1976 jure
2138 1886 2431 1974 suffragii
2461 1886 2631 1976 poti-

358 2021 392 2061 «
424 2001 649 2062 rentur
690 1995 761 2061 in
798 1993 1100 2083 capitulo.
1145 2018 1180 2056 n
1220 1990 1737 2080 (ThomassinuS,
1793 1995 1987 2061 Vetus
2036 2004 2101 2060 et
2150 2016 2303 2060 nov.
2366 1990 2623 2081 discipl.

353 2109 529 2192 parte
558 2101 607 2184 l,
645 2100 692 2167 l.
728 2123 821 2183 ιιι,
850 2121 907 2167 c.
950 2099 1083 2189 10.)
1116 2099 1438 2189 Irrepente
1474 2104 1691 2166 autem
1725 2100 1960 2179 abusu,
1992 2100 2218 2167 multis
2243 2101 2312 2166 in
2343 2100 2501 2167 locis
2533 2099 2632 2166 in-

354 2208 633 2275 valuerat
666 2213 728 2274 et
766 2206 1045 2295 capitula
1082 2207 1463 2296 deturpabat
1512 2207 1907 2274 consuetudo
1957 2207 2025 2274 in
2074 2207 2418 2274 canonicos
2460 2205 2628 2274 reci-

352 2315 568 2405 piendi
598 2315 787 2381 etiam
830 2333 937 2380 eos
965 2312 1080 2400 qui
1111 2333 1191 2378 ne
1232 2312 1724 2379 subdiaconatui
1756 2313 2022 2402 quidem
2072 2312 2304 2379 initiati
2348 2314 2626 2393 fuerant,

352 2442 471 2487 nec
494 2420 572 2486 ad
602 2442 743 2485 eam
769 2440 914 2507 quae
937 2418 1116 2485 decet
1141 2424 1390 2486 aetatem
1418 2427 1863 2510 pervenerant.

439 2526 544 2593 lll.
580 2526 697 2592 His
726 2526 971 2593 mederi
1013 2526 1232 2595 volens
1269 2549 1525 2593 sacrum
1571 2525 1936 2594 Concilium
1970 2523 2450 2603 Tridentinum,
2494 2545 2629 2593 non

356 2638 607 2700 tantum
644 2633 819 2723 (seSS.
854 2633 967 2714 24,
1003 2656 1060 2701 c.
1101 2631 1167 2722 4)
1199 2655 1352 2700 voce
1382 2635 1710 2723 privatum
1734 2634 1802 2698 in
1835 2631 2112 2721 capitulo
2149 2631 2353 2696 voluit
2398 2652 2632 2717 quem-

354 2739 511 2806 libet
544 2741 937 2808 canonicum
958 2739 1449 2806 subdiaconatui
1472 2738 1768 2804 nondum
1801 2737 2157 2821 initiatum,
2183 2737 2291 2803 sed
2324 2742 2628 2825 praeterea

355 2846 438 2912 ita
487 2844 772 2912 decrevit
814 2846 1089 2912 sessione
1133 2845 1244 2928 24,
1297 2867 1353 2911 c.
1424 2843 1546 2911 12:
1603 2845 1687 2909 In
1732 2843 2038 2910 omnibus
2087 2842 2374 2910 ecclesiis
2413 2844 2630 2911 cathe-

356 2950 683 3034 dralibus,
731 2973 953 3019 omnes
1000 2951 1529 3018 canonicatuset
1569 2950 1911 3041 portiones
1960 2949 2249 3017 babeant
2291 2972 2628 3017 annexum

353 3056 646 3123 ordinem
671 3057 1088 3147 presbyterii,
1121 3056 1513 3124 diaconatus
1551 3056 1658 3123 vel
1688 3054 2221 3124 subdiaconatus,
2264 3057 2629 3145 Episcopus

355 3174 580 3227 autem
653 3184 803 3228 cum
860 3162 1131 3228 consilio
1187 3162 1476 3251 capituli
1530 3161 1826 3250 desiqnet
1887 3185 1965 3229 ac
2022 3161 2382 3229 distribuat
2418 3174 2628 3251 prout

354 3266 592 3333 viderit
636 3267 962 3357 expedire,
1031 3267 1262 3356 quibus
1306 3268 1574 3356 quisque
1619 3266 1779 3333 ordo
1835 3290 1916 3333 eoe
1964 3267 2166 3334 sacris
2214 3291 2515 3334 annexus
2558 3270 2629 3335 in

345 3384 689 3460 posterum
724 3393 854 3437 esse
891 3371 1120 3437 debeat
1130 3393 1160 3453 ,·
1191 3372 1290 3438 ita
1325 3384 1549 3438 tamen
1579 3382 1655 3437 ut
1690 3369 1968 3437 dimidia
2004 3373 2239 3439 saltem
2265 3395 2429 3463 pars
2447 3394 2628 3462 pres-

360 3477 576 3565 byteri
615 3477 795 3559 sint,·
851 3475 1070 3541 caeteri
1114 3498 1263 3542 vero
1323 3475 1589 3542 diaconi
1637 3488 1760 3542 aut
1813 3474 2217 3544 subdiaconi.
2292 3478 2418 3544 Ubi
2475 3502 2627 3546 vero

360 3582 752 3650 consuetudo
795 3578 1231 3649 laudabiliter
1272 3582 1471 3649 babet
1512 3594 1587 3649 ut
1610 3582 1842 3673 plures
1873 3585 1982 3652 vel
2017 3606 2239 3651 omnes
2276 3584 2412 3652 sint
2428 3608 2629 3675 pres-

354 3688 588 3777 byteri,
626 3688 893 3755 omnino
923 3686 1318 3755 observetur.
1412 3705 1415 3708 ’
2267 3763 2273 3767 ,

441 3794 554 3861 lV.
588 3794 680 3861 Ex
704 3794 844 3882 lege
873 3793 984 3859 illa
1006 3791 1385 3860 Tridentina
1422 3795 1562 3860 haec
1590 3795 2032 3863 concludenda
2058 3797 2362 3862 veniunt:

439 3899 687 3965 Primo.
744 3899 888 3965 Non
958 3900 1601 3990 comprehenduntur
1645 3902 1768 3968 hoc
1831 3900 2080 3969 decreto
2125 3903 2490 3992 praebendae
2532 3904 2628 3971 di-

354 4006 702 4094 gustatum,
748 4025 896 4074 cum
931 4005 1008 4071 de
1043 4005 1196 4094 ipsis
1234 4004 1616 4072 Tridentina
1653 4007 1937 4094 synodus
1979 4008 2182 4091 sileat,
2220 4010 2328 4077 sed
2369 4015 2625 4078 tantum

350 4110 709 4201 praebendae
753 4110 1117 4182 canoniales
1145 4117 1203 4178 et
1246 4112 1591 4202 portiones.
1630 4109 1813 4179 Unde
1845 4114 2203 4204 praebendae
2232 4116 2626 4203 dignitatum

352 4238 478 4283 non
520 4223 674 4283 sunt
716 4217 796 4283 de
837 4219 990 4305 jure
1047 4239 1337 4303 annexae,
1392 4241 1508 4286 nec
1547 4222 1901 4287 necessario
1954 4223 2370 4288 annectendae
2425 4222 2624 4291 alicui

300 4341 305 4344 ·
350 4327 520 4389 certo
564 4321 778 4389 ordini
837 4342 1058 4401 sacro;
1118 4321 1229 4387 sed
1266 4329 1606 4390 remanent
1661 4325 1874 4412 quoad
1921 4326 2086 4393 illud
2133 4326 2438 4414 subjectae
2487 4330 2626 4416 juri

351 4428 686 4495 communi
726 4432 871 4495 ante
919 4427 1285 4495 Concilium
1337 4427 1794 4498 Tridentinum
1844 4431 2105 4520 vigenti.
2152 4429 2243 4499 lta
2278 4434 2624 4500 canonistae
