2930 4982
1140 346 1220 392 nn
1263 346 1589 394 enimus.
2386 344 2462 400 18
2477 345 2510 398 5

256 466 311 531 in
349 465 421 531 iis
465 464 784 554 capitulis,
846 467 915 532 in
969 466 1210 556 quibus
1255 490 1370 557 per
1412 475 1716 566 statutum
1771 471 2045 559 speciale
2090 473 2516 561 requiruntur

257 570 420 636 tacita
443 569 771 658 suffragia,
803 594 955 638 cum
978 573 1273 640 clausula
1303 573 1598 641 irritante
1630 575 2003 643 electionem
2034 578 2219 644 aliter
2248 578 2505 646 factam.

256 675 542 758 Secundo,
596 699 713 766 per
746 680 1321 766 compromissum,
1375 680 1623 747 scilicet
1675 681 1786 747 ubi
1840 684 2268 751 committitur
2320 683 2516 751 alicui

257 782 455 850 elerico
486 783 623 872 (qui
653 785 799 852 ideo
829 786 1434 874 compromissarius
1456 783 1719 873 dicitur)
1756 793 2024 876 potestas
2054 789 2334 877 eligendi
2366 813 2514 879 per-

254 909 446 954 sonam
466 911 663 977 quam
688 889 988 958 idoneam
1009 894 1420 981 reputaverit.
1463 892 1705 975 Tertio,
1738 915 1853 982 per
1883 894 2293 962 scrutinium.
2327 894 2515 983 (Vide

253 993 713 1085 Ceccoperium,
740 997 854 1065 lib.
883 996 997 1081 IV,
1032 999 1128 1065 tit.
1161 1022 1251 1081 vi,
1287 1021 1352 1064 n.
1385 999 1426 1066 9
1453 1007 1516 1066 et
1542 998 1705 1088 seq.)

322 1100 380 1167 8.
411 1101 654 1170 Electio
685 1126 804 1193 per
841 1104 1226 1171 scrutinium
1257 1105 1611 1195 multiplici
1641 1106 1833 1201 modo
1858 1106 1999 1173 fieri
2028 1111 2234 1195 potest
2263 1131 2278 1174 z

329 1233 359 1271 «
387 1209 636 1288 Prim0‚
668 1233 787 1300 per
832 1210 1137 1300 suffragia
1176 1211 1334 1277 vivae
1374 1211 1570 1294 vocis»,
1625 1217 1838 1302 aperte
1880 1212 2279 1279 notificando
2318 1234 2514 1280 suum

256 1335 584 1380 «sensum.

332 1443 361 1482 «
389 1419 720 1498 SecundO,
759 1442 874 1509 per
902 1421 1242 1488 schedulas
1268 1421 1347 1488 ab
1380 1420 1768 1488 electoribus
1794 1419 2091 1509 scriptas,
2133 1421 2525 1511 subscriptas

255 1547 368 1592 «ac
394 1526 734 1614 sigillataS‚
775 1529 861 1595 ita
906 1535 980 1596 ut
1020 1529 1175 1595 foris
1204 1551 1336 1595 non
1382 1535 1732 1618 appareant
1770 1528 2040 1593 nomina
2091 1526 2470 1616 eligentium
2505 1554 2522 1614 ;

257 1655 593 1723 «expresso
630 1641 880 1702 tantum
911 1638 1178 1702 nomine
1212 1638 1353 1725 ejus
1384 1657 1581 1724 quem
1620 1634 1848 1700 volunt
1877 1632 2135 1721 eligere,
2167 1640 2227 1699 et
2264 1632 2525 1700 alterato

254 1738 675 1822 «charactere,
703 1763 784 1809 ne
809 1743 1148 1833 scriptores
1170 1748 1625 1830 agnoscantur.
1652 1739 1898 1807 Deinde
1922 1738 2248 1806 schedulae
2269 1761 2525 1829 ponun-

260 1868 288 1905 «
315 1846 496 1911 turin
528 1845 828 1929 bussula,
863 1870 936 1913 ex
966 1871 1094 1936 qua
1119 1871 1156 1914 a
1176 1848 1387 1915 tribus
1419 1848 1738 1938 deputatis
1766 1847 2224 1928 extrahuntur3
2254 1851 2316 1911 et
2359 1845 2521 1913 facta

256 1949 601 2039 «diligenti
633 1952 1080 2040 inquisitione,
1117 1953 1491 2043 publicatur
1533 1954 1773 2019 electus
1798 1974 1835 2019 a
1871 1951 2106 2040 majori
2131 1956 2310 2041 parte
2342 1971 2523 2016 voca·

251 2054 495 2138 «lium,
530 2063 595 2124 et
619 2058 947 2125 schedulae
977 2059 1489 2127 comburuntur.

334 2188 366 2224 «
406 2163 659 2246 Tertio,
710 2164 1075 2251 electiones,
1117 2171 1183 2231 et
1228 2168 1510 2231 maxime
1538 2164 1924 2252 capitulares
1957 2163 2405 2238 resolutiones,
2437 2181 2529 2227 se-

247 2290 279 2327 «
310 2272 491 2331 creto
529 2266 903 2331 efficiuntur
928 2289 1041 2354 per
1065 2268 1564 2349 ballottationes,
1594 2268 1718 2332 boc
1750 2270 1937 2355 pacto
1971 2291 1985 2332 ε
2029 2266 2096 2330 in
2130 2262 2371 2354 patenti
2392 2262 2535 2329 loco

247 2392 284 2431 «
316 2367 589 2456 capituli
622 2374 1031 2456 exponuntur
1074 2370 1219 2437 duae
1262 2393 1447 2438 urnae
1497 2371 1628 2438 sive
1676 2370 1982 2437 bussulae.
2022 2368 2092 2435 ln
2133 2369 2329 2435 altera
2376 2368 2531 2436 soris

247 2500 279 2538 «
311 2474 580 2563 apparet
623 2473 734 2557 sie,
774 2481 833 2541 et
881 2475 948 2542 in
991 2477 1188 2544 altera
1232 2501 1389 2545 non.
1432 2477 1512 2545 Et
1565 2476 1948 2545 cathedralis
1993 2477 2124 2544 sive
2177 2475 2528 2565 collegiatae

248 2604 279 2643 «
308 2579 526 2669 prima
554 2581 828 2669 dignitas
854 2582 979 2673 (vel
1001 2584 1167 2651 alius
1177 2587 1205 2674 j
1216 2593 1360 2653 uxta
1387 2585 1931 2653 consuetudinem
1957 2591 2019 2652 et
2039 2584 2526 2676 dispositionem

253 2711 281 2747 «
310 2691 693 2753 statutorum
722 2689 1160 2780 ecclesiarum)
1207 2692 1504 2759 nominat
1530 2690 1611 2759 N.
1648 2692 1722 2758 ad
1767 2692 2246 2776 canonicatum,
2281 2692 2528 2760 benefi-

256 2817 283 2853 «
308 2792 487 2858 cium
519 2800 628 2858 aut
663 2794 1129 2879 ministerium,
1173 2798 1276 2863 vel
1320 2798 1625 2887 preponit
1665 2797 1929 2885 aliquod
1973 2799 2310 2883 negotium
2343 2818 2531 2886 pera-

258 2922 284 2957 «
312 2898 629 2984 gendum.
646 2947 659 2961 .
677 2948 692 2964 .
723 2897 805 2963 Et
832 2900 1047 2967 statim
1083 2923 1198 2990 per
1222 2910 1370 2966 vota
1393 2907 1635 2968 secreta
1661 2923 1697 2965 a
1723 2899 2170 2986 collegialibus
2190 2899 2535 2989 responde-

259 3028 286 3062 «
313 3010 418 3068 tur
448 3002 726 3069 calculis
769 3025 881 3070 seu
925 3005 1074 3093 pilis
1104 3004 1235 3071 sive
1288 3006 1480 3087 sabis,
1529 3004 1693 3070 albis
1735 3010 1796 3069 et
1844 3002 2074 3091 nigriS,
2121 3003 2240 3071 sibi
2286 3006 2468 3094 prius
2499 3026 2535 3070 a

259 3108 586 3194 «syndico
638 3110 907 3199 capituli
962 3110 1379 3198 consignatis.
1428 3108 1507 3176 Et
1554 3108 1646 3176 sic
1703 3109 1819 3197 qui
1871 3109 2194 3199 proposita
2232 3109 2535 3198 amplecti

260 3212 664 3296 «voluerint,
729 3213 930 3301 pilam
983 3214 1195 3281 albam
1255 3214 1619 3281 immittunt
1672 3214 1739 3280 in
1789 3214 2124 3281 bussulam
2178 3214 2445 3304 positam
2495 3237 2530 3283 a

262 3318 555 3385 «dextris
586 3318 716 3408 (cui
738 3342 972 3409 nempe
998 3320 1386 3387 inscribitur
1411 3318 1559 3411 sic),
1592 3326 1653 3386 et
1694 3320 1948 3409 nigram
1992 3322 2057 3388 in
2107 3344 2337 3388 urnam
2363 3320 2532 3411 posi-

262 3429 450 3490 «tam
480 3446 517 3489 a
542 3424 838 3494 sinistris,
872 3424 952 3493 Et
981 3448 1014 3492 e
1053 3425 1402 3513 contrario,
1445 3426 1561 3515 qui
1584 3449 1720 3493 rem
1754 3428 2144 3517 propositam
2174 3428 2527 3509 noluerint,

266 3530 575 3617 «nigram
623 3533 692 3597 in
745 3554 886 3598 eam
929 3555 966 3599 a
1012 3533 1269 3618 dextris,
1326 3540 1389 3600 et
1434 3534 1647 3600 albam
1690 3536 1757 3600 in
1806 3557 2041 3601 urnam
2091 3534 2537 3599 sinistrorsum

268 3658 297 3694 «
323 3633 699 3702 collocatam
728 3637 1083 3725 deponunt.
1118 3637 1262 3715 Quo
1316 3633 1509 3718 facto,
1540 3638 1598 3703 is
1635 3639 1716 3703 ad
1752 3661 1949 3724 quem
1996 3641 2262 3726 spectat,
2316 3635 2532 3722 primo

270 3743 609 3809 «extrahat
652 3743 829 3810 fabas
877 3742 949 3807 in
998 3740 1263 3806 bussula
1304 3741 1707 3805 dextrorsum
1747 3742 2009 3816 locatim,
2054 3738 2283 3824 hisque
2323 3736 2535 3825 palam

269 3870 298 3908 «
324 3850 713 3916 enumeratis
744 3871 857 3937 per
880 3870 970 3930 se,
996 3847 1126 3915 sive
1151 3868 1264 3935 per
1284 3844 1549 3935 capituli
1575 3843 2017 3922 secretarium,
2048 3840 2336 3908 enuntiet
2358 3841 2533 3911 albas

273 3959 388 4019 «et
428 3956 673 4042 nigras.
732 3956 945 4043 Atque
993 3955 1165 4021 idem
1210 3953 1503 4019 observet
1540 3951 1619 4019 de
1674 3949 1941 4017 calculis
1988 3948 2400 4016 existentibus
2461 3947 2533 4014 in

276 4080 493 4125 «urna
521 4060 600 4127 ad
648 4058 998 4127 sinistram.
1049 4056 1119 4126 Si
1149 4057 1216 4124 in
1248 4057 1461 4147 prima
1492 4055 1756 4122 bussula
1802 4054 1949 4144 pilae
1978 4054 2140 4121 albae
2185 4055 2422 4123 fuerint
2461 4054 2533 4121 in

277 4185 307 4223 «
337 4164 561 4254 majori
591 4186 889 4247 numerO,
922 4163 1196 4231 habetur
1221 4185 1322 4230 res
1365 4162 1686 4251 proposita
1713 4183 1827 4252 pro
1849 4161 2104 4229 obtenta
2141 4168 2202 4228 et
2227 4160 2530 4237 admissa,

279 4293 308 4329 «
342 4273 434 4338 uti
483 4271 788 4340 canonice
821 4272 1123 4338 conclusa
1162 4292 1198 4336 a
1239 4268 1475 4358 majori
1513 4277 1691 4356 parte
1730 4270 2030 4360 capituli,
2083 4271 2189 4337 cui
2228 4265 2534 4368 standum

285 4401 314 4437 «
346 4383 453 4444 est.
508 4376 575 4445 Si
619 4399 772 4445 vero
821 4377 969 4467 pilae
1022 4376 1223 4463 nigrae
1267 4376 1336 4441 in
1399 4375 1621 4442 eadem
1674 4376 1914 4443 fuerint
1948 4374 2209 4461 majoris
2250 4377 2532 4431 numen,
