2930 4982
345 303 469 359 200
1311 308 1683 355 rnAcrArcs-

341 453 422 498 ex
452 431 876 522 disposicione
890 430 1070 518 juris
1102 428 1469 498 communis
1512 427 1605 494 ad
1644 450 1757 495 vos
1786 440 1848 495 et
1877 424 2465 516 Archiepiscopum
2496 447 2625 492 ves-

344 549 546 615 trum,
580 549 701 605 etc.
732 537 1094 605 Fatendum
1127 542 1347 604 autem
1386 541 1482 603 est
1510 555 1774 601 sensum
1819 533 2011 602 illum
2054 555 2129 601 ex
2161 538 2290 599 toto
2332 537 2623 600 contextu

343 644 720 712 naturaliter
750 645 977 729 fluere,
1006 644 1159 710 licet
1181 646 1470 731 rigorose
1495 640 1924 708 demonstrari
1950 662 2084 708 non
2110 639 2425 706 videatur.

429 750 543 818 Jus
572 750 974 818 simultaneae
1005 750 1275 839 insuper
1299 748 1586 837 legitime
1609 746 2043 814 deducebatur
2071 768 2146 813 ex
2176 745 2288 811 illo
2308 745 2629 836 principio

340 856 726 944 generaliter
763 856 1064 935 admisso,
1105 854 1513 923 collationem
1555 851 2026 920 beneficiorum
2064 852 2385 942 pertinere
2414 852 2498 918 ad
2527 873 2629 920 eos

340 960 418 1029 de
450 983 735 1051 quorum
780 962 968 1030 bonis
1013 962 1279 1029 fundata
1306 982 1419 1029 seu
1448 959 1662 1027 dotata
1693 959 1975 1044 fuerant3
2008 959 2075 1026 id
2108 963 2203 1027 est
2248 958 2328 1025 ad
2369 957 2629 1047 Episco-

341 1088 504 1156 pum
528 1068 582 1134 si
607 1088 681 1134 ex
701 1088 926 1133 mensa
945 1064 1280 1156 Episcopi;
1304 1065 1383 1132 ad
1411 1063 1772 1153 capitulum
1798 1065 1853 1131 si
1871 1087 1945 1131 ex
1968 1085 2194 1131 mensa
2217 1063 2517 1153 capituli3
2551 1065 2625 1131 ad

341 1177 696 1260 utrumque
742 1172 796 1239 si
843 1193 917 1237 ex
961 1171 1150 1238 bonis
1183 1170 1488 1259 Episcopi
1533 1174 1596 1236 et
1644 1170 1911 1259 capituli
1952 1168 2415 1238 communibus
2454 1191 2627 1258 prae-

342 1277 568 1347 bendae
605 1278 875 1346 fuissent
912 1278 1294 1344 constitutae.
1334 1275 1619 1344 Aliunde
1661 1282 1874 1343 autem
1920 1276 2168 1365 quoties
2224 1296 2345 1344 nec
2390 1276 2629 1343 instru-

344 1383 604 1467 mentis,
640 1405 757 1450 nec
789 1383 1159 1471 praescripta
1182 1381 1576 1470 possessione
1601 1382 2029 1449 demonstrari
2067 1386 2268 1470 potest
2294 1404 2367 1447 ex
2391 1382 2628 1470 quibus

343 1489 533 1555 bonis
563 1487 791 1555 dotatae
825 1488 1066 1554 suerint
1093 1486 1454 1578 praebendae
1498 1487 1903 1569 cathedraliS,
1939 1487 2247 1576 praesumi
2297 1487 2534 1555 debent
2558 1512 2630 1558 ex

345 1594 532 1660 bonis
559 1592 862 1684 Episcopi
882 1599 946 1660 et
973 1594 1241 1682 capituli
1267 1593 1734 1662 communibus
1754 1594 1941 1660 initio
1966 1593 2270 1661 fundatae.
2299 1592 2474 1661 Hinc
2500 1617 2629 1664 me-

344 1698 469 1765 rito
489 1698 906 1766 concluditur
935 1700 1345 1767 collationem
1370 1698 1693 1766 dictarum
1718 1699 2212 1789 praebendarum
2236 1700 2629 1789 requlariter

344 1823 478 1872 esse
499 1804 730 1872 debere
750 1806 1250 1892 simultaneam3
1279 1811 1340 1872 et
1368 1807 1808 1895 exceptionem
1837 1828 1969 1873 non
1994 1806 2133 1873 dari
2163 1806 2319 1873 huic
2349 1809 2628 1894 generali

345 1909 610 1998 regulae,
635 1910 764 1977 nisi
785 1911 854 1978 in
881 1933 1034 1980 casu
1058 1905 1462 2002 particulari,
1486 1932 1619 1999 quo
1637 1910 1739 1976 vel
1762 1910 2120 2001 Episcopus
2141 1910 2243 1977 vel
2272 1911 2628 2000 capitulum

347 2036 422 2082 ex
459 2016 651 2105 longa
692 2019 1086 2107 possessione
1128 2017 1253 2085 sibi
1287 2017 1618 2086 vindicare
1646 2022 1854 2107 potest
1891 2017 2290 2085 exclusivum
2314 2019 2427 2107 jus
2468 2040 2627 2087 con-

346 2121 619 2189 ferendi.

435 2226 530 2294 Ex
574 2227 688 2295 illa
724 2226 966 2295 ratione
1002 2233 1064 2295 et
1122 2251 1220 2323 ex)
1246 2228 1454 2295 allatis
1501 2228 1778 2296 textibus
1818 2233 1962 2296 tum
1996 2227 2440 2312 decretalium,
2489 2235 2626 2295 tum

345 2332 599 2421 glossae,
632 2334 782 2402 satis
806 2341 976 2425 patet
998 2335 1383 2417 doctrinam,
1405 2336 1519 2423 jus
1542 2334 1898 2402 collationis
1923 2334 2329 2402 simultaneae
2347 2357 2628 2402 asseren-

345 2444 504 2518 tem,
537 2460 670 2508 non
702 2446 958 2509 tantum
999 2441 1206 2508 multo
1243 2442 1767 2509 communiorem
1798 2441 1994 2509 fuisse
2033 2448 2180 2510 ante
2208 2446 2457 2532 tempus
2497 2461 2628 2530 quo

345 2544 602 2632 scripsit
653 2545 1022 2634 Fagnanus,
1063 2548 1174 2614 sed
1201 2548 1393 2615 etiam
1421 2547 1605 2615 valde
1646 2548 1955 2636 gravibus
1999 2550 2347 2617 momentis
2394 2548 2621 2613 nixam

346 2650 565 2717 fuisse.
599 2650 746 2718 Non
780 2659 1025 2738 tamen,
1054 2661 1127 2719 ut
1161 2652 1472 2740 diximuS,
1514 2660 1690 2722 extra
1732 2676 2000 2722 omnem
2041 2656 2313 2723 omnino
2362 2659 2627 2721 contro-

346 2753 625 2821 versiam
662 2761 815 2822 erat.
879 2757 962 2823 Et
1000 2763 1223 2825 notatu
1252 2758 1532 2847 dignum
1574 2764 1669 2826 est
1709 2760 1884 2847 quod
1930 2760 2120 2827 refert
2149 2759 2496 2847 Fagnanus
2550 2758 2627 2823 de

345 2858 625 2946 quadam
658 2861 1085 2930 declaratione
1108 2861 1177 2931 S.
1211 2862 1747 2951 Congregationis
1773 2865 2036 2932 concilii
2068 2889 2082 2931 ε
2114 2866 2185 2932 in
2209 2864 2478 2932 ecclesia
2502 2864 2627 2930 sci·

343 2965 492 3032 licet
520 2965 888 3037 Placentina
914 2992 991 3037 ex
1017 2976 1251 3038 statuto
1275 2970 1673 3037 fundationis
1692 2975 1754 3036 et
1778 2969 2183 3038 observantia
2206 2971 2624 3037 immemora-

345 3069 464 3137 bili
487 3071 828 3143 electiones
847 3083 909 3143 et
929 3078 1325 3167 provisiones
1346 3076 1765 3165 dignitatum,
1786 3078 2291 3144 canonicatuum
2312 3081 2376 3143 et
2391 3076 2627 3165 portio-

344 3196 511 3244 num
541 3179 620 3246 ad
654 3182 1010 3270 capitulum
1042 3183 1242 3250 simul
1268 3204 1424 3249 cum
1452 3182 1769 3272 Episcopo
1793 3182 2220 3270 pertinebant.
2246 3180 2521 3261 Quando
2538 3179 2626 3246 ibi

343 3301 418 3347 ex
447 3282 698 3354 decreto
725 3286 1104 3358 Tridentino
1137 3288 1312 3377 (seSS.
1341 3288 1456 3373 24,
1489 3310 1546 3355 c.
1583 3288 1648 3376 8)
1679 3293 1904 3356 erectae
1935 3288 2198 3355 fuerunt
2223 3286 2627 3376 Theologalis

342 3390 405 3454 et
428 3386 910 3461 Poenitentiaria
938 3396 1325 3484 praebendae,
1361 3416 1481 3486 pro
1509 3394 1748 3482 quibus
1776 3394 2005 3461 electio
2032 3416 2323 3485 personae
2351 3395 2428 3460 ad
2474 3392 2630 3483 Epi-

342 3514 612 3584 scopum
637 3497 850 3565 solum
876 3506 1047 3567 certo
1083 3503 1384 3590 pertinet,
1426 3498 1773 3587 quaesitum
1801 3498 1924 3566 fuit
1968 3521 2006 3566 a
2047 3498 2241 3567 Sacra
2265 3496 2629 3588 Congrege-

340 3601 514 3669 tione
556 3604 819 3672 concilii
857 3627 940 3672 an
969 3608 1166 3674 etiam
1214 3605 1493 3673 collatio
1522 3605 1788 3692 illarum
1832 3606 2334 3696 praebendarum
2362 3604 2442 3670 ad
2470 3602 2629 3692 Epi-

340 3728 612 3798 scopum
652 3711 1022 3799 pertineret.
1048 3713 1131 3779 Et
1166 3712 1291 3778 fuit
1325 3711 1740 3800 rescriptum,
1777 3709 2211 3777 collationem
2246 3703 2628 3798 praebendae

334 3813 489 3899 fieri
520 3814 745 3885 debere
771 3818 854 3885 ab
885 3841 956 3885 eo
980 3818 1072 3884 ad
1108 3841 1299 3908 quem
1327 3829 1527 3885 antea
1550 3817 1920 3907 spectabat,
1970 3815 2347 3883 eleccionem
2383 3835 2536 3879 vero
2563 3823 2626 3879 et

337 3917 829 4007 deputatz'onem
844 3947 1148 4014 personae
1174 3924 1266 3990 ad
1289 3924 1513 3990 solum
1534 3922 1941 4012 Episcopum
1960 3922 2317 4012 pertinere.
2347 3919 2421 4009 (F
2424 3938 2624 4006 agna-

336 4042 464 4089 nus
492 4024 563 4089 in
597 4045 656 4091 c.
712 4027 882 4094 Cum
913 4028 1183 4096 ecclesia
1243 4028 1664 4106 Vulterrcma,
1701 4024 1794 4094 De
1828 4028 2043 4114 elect.,
2072 4049 2139 4093 n.
2186 4025 2319 4113 15.)
2366 4021 2494 4091 Ubi
2524 4020 2625 4087 vi-

332 4129 516 4196 detur
557 4127 1141 4221 Congregationem
1180 4134 1460 4203 noluisse
1495 4134 1755 4226 praecise
1784 4134 1995 4201 dicere
2042 4132 2456 4200 collationem
2486 4148 2620 4195 esse

329 4235 804 4324 simultaneam,
821 4240 932 4305 sed
957 4243 1280 4327 pertinere
1309 4242 1390 4309 ad
1415 4263 1519 4309 eos
1550 4238 1643 4307 ad
1666 4263 1824 4329 quos
1840 4253 2041 4312 antea
2062 4264 2085 4305 .·
2113 4239 2254 4306 ideo
2276 4236 2435 4304 sorte
2463 4233 2615 4323 quia

330 4347 486 4413 tunc
537 4345 844 4438 temporis
893 4346 1109 4414 adhuc
1155 4368 1257 4414 res
1286 4355 1417 4415 erat
1460 4349 1631 4416 inter
1673 4347 1962 4416 doctores
2020 4348 2423 4435 aliquatenus
2454 4362 2611 4410 con-
