2930 4982
380 339 507 396 542
1354 338 1697 385 ‘rnxcruns

386 493 422 533 «
450 490 505 536 c.
533 465 668 557 16),
697 470 770 532 ut
787 463 1029 532 scilicet
1052 461 1276 529 electio
1300 459 1532 527 vicarii
1553 456 1930 549 capitularis
1958 454 2036 523 ad
2064 455 2278 523 solum
2309 454 2678 545 capitulum

385 600 419 638 «
449 572 908 642 canonicorum
945 569 1297 660 pertineat3
1345 566 1597 634 etiamsi
1640 561 2048 654 portionarii,
2084 561 2454 648 ‚beneficiati
2488 566 2551 629 et
2580 583 2680 630 ca-

387 707 421 745 «
449 680 686 771 pellani
713 676 1031 744 haberent
1053 696 1279 742 vocem
1308 673 1383 740 in
1405 671 1688 762 capitulo
1706 693 1862 738 cum
1885 669 2215 738 canonicis
2227 692 2248 753 ,3
2277 691 2431 736 cum
2457 668 2533 734 in
2553 668 2678 737 dis-

388 811 420 849 «
444 784 884 876 positionibus
918 780 1397 871 pertinentibus
1425 779 1508 845 ad
1549 777 1914 867 capitulum
1947 774 2213 844 veniant
2240 774 2545 843 canonici
2566 775 2680 842 soli

385 918 420 958 «
450 897 513 959 ct
544 913 680 959 non
727 890 839 959 alii
897 889 1013 978 qui
1063 888 1141 955 de
1171 885 1643 956 consuetudine
1669 906 1899 954 vocem
1957 882 2238 951 habeant
2299 882 2369 949 in
2401 882 2681 972 capitulo

389 1022 423 1061 «
452 997 849 1088 (FagnanuS,
876 995 938 1060 in
970 1015 1028 1061 c.
1064 992 1339 1076 Nullus,
1372 995 1468 1058 De
1493 991 1704 1073 elect„
1742 1013 1810 1056 n.
1858 988 1945 1057 39
1984 994 2048 1056 et
2075 984 2264 1078 seq.).
2295 986 2469 1055 Cum
2504 988 2677 1055 enim

390 1130 425 1169 α
448 1103 580 1171 vita
607 1103 828 1169 functo
873 1100 1192 1190 Episcopo
1221 1098 1594 1188 jurisdictio
1642 1097 2018 1164 devolvatur
2062 1094 2144 1161 ad
2172 1093 2572 1184 capitulum3
2608 1094 2678 1161 de

392 1231 426 1270 α
453 1207 734 1298 capitulo
781 1206 1042 1296 proprIe
1074 1205 1245 1272 dicto
1280 1204 1348 1270 id
1379 1201 1591 1293 accipi
1612 1201 1829 1279 debet,
1861 1198 2036 1290 quod
2056 1222 2133 1268 ex
2174 1199 2326 1266 solis
2351 1198 2678 1267 canonicis

391 1337 429 1377 <r
453 1317 722 1397 constat,
755 1316 818 1378 et
843 1331 973 1377 non
1000 1309 1077 1377 de
1106 1309 1478 1399 capellanis.
1495 1347 1537 1375 «..
1571 1308 1688 1397 qui
1719 1328 1851 1374 non
1880 1311 2037 1374 sunt
2058 1306 2137 1372 de
2161 1305 2444 1394 capitulo
2469 1304 2676 1393 quoad

390 1415 1005 1506 «Jurisdictionalia.
1033 1440 1069 1480 >³
1115 1413 1324 1505 (Rota,
1362 1414 1608 1483 decisio
1648 1413 1812 1501 251,
1842 1435 1911 1480 n.
1944 1413 2059 1500 27,
2087 1411 2286 1502 partis
2328 1411 2678 1498 19,reeen-

383 1523 682 1613 tiorum.)

477 1631 754 1709 Quarto.
803 1626 902 1695 Ex
941 1626 1066 1694 hac
1114 1625 1517 1704 discussione
1567 1624 2094 1696 concludendum
2122 1621 2384 1691 videtur
2425 1620 2675 1687 electio-

384 1755 534 1800 nem
578 1733 807 1801 vicarii
850 1733 1225 1822 capitularis
1258 1752 1622 1820 ,nunquam
1650 1733 1980 1823 pertinere
2011 1730 2093 1798 ad
2123 1727 2528 1797 beneficiatos
2565 1746 2672 1792 ca-

381 1837 635 1904 nonicis
675 1837 1013 1916 inferiores
1043 1860 1059 1903 ε
1110 1837 1213 1905 vel
1261 1836 1444 1906 enim
1476 1860 1551 1905 ex
1576 1838 1826 1905 statutis
1856 1842 1920 1905 et
1939 1834 2418 1904 consuetudine
2447 1830 2681 1898 habent

378 1965 604 2012 vocem
642 1944 708 2009 in
731 1943 1014 2033 capitulo
1039 1943 1235 2010 etiam
1261 1943 2061 2033 quoadjurisdictionalia,
2099 1946 2160 2007 et
2187 1945 2345 2007 tunc
2371 1941 2530 2004 sunt
2549 1936 2676 2003 veri

382 2052 680 2122 canonici
698 2057 760 2117 et
780 2050 1136 2140 improprie
1158 2050 1475 2118 dicuntur
1498 2050 1861 2119 beneficiati
1887 2049 2224 2116 inferiores
2238 2071 2257 2131 3
2280 2046 2386 2113 vel
2416 2065 2553 2111 non
2575 2043 2681 2110 ha-

382 2157 787 2224 bentvocem
835 2156 906 2223 in
942 2155 1576 2245 jurisdictionalibus
1606 2157 1715 2224 sed
1746 2160 2004 2223 tantum
2036 2154 2107 2221 in
2150 2151 2598 2236 oeconomicis,
2625 2155 2680 2217 et

385 2268 543 2329 tunc
567 2283 643 2329 ex
665 2260 1027 2328 rationibus
1050 2265 1120 2327 et
1142 2261 1467 2330 decisione
1499 2262 1696 2345 Rotae,
1730 2263 1812 2330 ad
1838 2262 2009 2352 ipsos
2036 2282 2170 2327 non
2194 2263 2441 2349 spectat
2459 2254 2680 2324 vicarii

387 2365 758 2457 capitularis
781 2366 1134 2456 deputatio.

474 2470 589 2541 IV.
627 2471 1035 2562 Applicanda
1058 2472 1169 2541 hic
1195 2474 1471 2542 veniunt
1513 2495 1658 2563 quae
1691 2493 1886 2563 supra
1933 2470 2293 2561 generatim
2311 2468 2496 2537 edicta
2534 2470 2685 2534 sunt

387 2576 587 2666 (parte
612 2599 661 2661 1,
694 2583 843 2644 sect.
871 2577 935 2665 4)
972 2579 1052 2644 de
1082 2581 1415 2647 canonicis
1446 2580 1563 2669 qui
1591 2585 1816 2648 carent
1836 2601 1992 2647 voce
2024 2579 2228 2647 activa
2258 2578 2328 2644 in
2363 2573 2669 2665 capitulo.

381 2679 568 2748 Tales
617 2686 816 2748 sunt:
863 2683 926 2748 10
979 2687 1094 2772 qui
1147 2684 1448 2752 nondum
1494 2709 1707 2755 sacros
1763 2686 2022 2755 ordines
2068 2705 2354 2776 recepere
2369 2710 2386 2769 ;
2440 2681 2507 2746 2⁰
2552 2678 2676 2767 qui

384 2787 680 2855 nondum
724 2795 1109 2879 receperunt
1148 2789 1447 2860 ordinem
1498 2814 1828 2871 annexum
1872 2792 2352 2861 canonicatibus
2385 2786 2467 2855 ad
2512 2806 2684 2876 quos

384 2895 667 2983 promoti
696 2900 850 2962 sunt
864 2921 882 2979 3
912 2894 980 2962 30
1009 2898 1324 2986 suspensi,
1355 2899 1686 2967 interdicti
1712 2905 1775 2967 et
1792 2901 2214 2987 irregulares3
2240 2897 2307 2964 40
2327 2891 2559 2963 irretiti
2581 2913 2685 2959 ex-

383 3002 976 3069 communicatione
1006 3004 1267 3091 majori,
1302 3004 1355 3071 si
1381 3005 1630 3074 fuerint
1648 3005 2011 3075 denuntiati
2036 3029 2051 3073 :
2079 3027 2235 3073 nam
2256 3002 2412 3069 licet
2435 3020 2680 3068 excom-

386 3106 702 3175 municati
731 3111 1397 3179 excommunicatione
1423 3114 1680 3204 majori,
1716 3115 1769 3181 si
1815 3134 1951 3180 non
2001 3113 2248 3181 fuerint
2294 3105 2673 3188 denuntiati,

388 3220 643 3281 servant
660 3237 885 3282 vocem
903 3217 1204 3296 activam,
1227 3240 1359 3285 non
1381 3224 1598 3288 tamen
1625 3221 1964 3310 passivam.
1986 3218 2093 3300 Et,
2118 3219 2173 3286 si
2193 3220 2444 3287 constet
2465 3215 2544 3282 de
2564 3211 2683 3281 hac

382 3321 1078 3401 excommunicatione,
1122 3328 1393 3412 possunt
1428 3325 1537 3392 alii
1586 3325 1968 3416 capitulares
2003 3324 2390 3415 hujusmodi
2430 3343 2684 3391 excom-

384 3424 746 3490 municatos
779 3445 910 3491 non
957 3428 1362 3496 denuntiatos
1401 3430 1749 3519 expellere3
1804 3432 1913 3500 sed
1943 3436 2213 3522 possunt
2238 3431 2439 3498 etiam
2473 3430 2547 3496 in
2583 3451 2681 3496 co·

385 3527 590 3597 mitiis
632 3529 991 3597 admittere.
1032 3531 1410 3600 Denuntiati
1460 3540 1679 3603 autem
1718 3537 1771 3604 si
1818 3538 2341 3620 admitterentur,
2387 3536 2518 3602 hoc
2547 3534 2678 3624 ipso

390 3636 612 3704 irritus
639 3642 998 3705 remaneret
1015 3636 1287 3727 quilibet
1312 3640 1681 3731 capitularis
1704 3649 1906 3711 actus·
1934 3643 2507 3713 Excommunicati
2532 3661 2677 3709 vero

390 3745 1052 3813 excommunicatione
1093 3747 1362 3835 minori,
1395 3754 1652 3816 servant
1690 3742 1914 3818 vocem
1966 3753 2268 3839 activam,
2326 3751 2439 3819 sed
2469 3763 2678 3823 carent

383 3869 656 3933 passiva.
