2930 4982
416 322 540 380 262
1393 334 1734 383 Tmen-rus

411 452 534 521 hoc
556 452 640 521 ab
664 452 743 520 iis
762 451 844 535 dc
864 452 1164 544 capitulo
1194 454 1287 522 ad
1304 477 1463 544 quos
1487 455 1610 521 lzoc
1636 453 1716 521 de
1732 455 1896 544 jure
1917 457 2028 524 vel
2048 458 2516 528 consuetudine
2534 485 2693 553 spec-

415 570 517 629 tat
542 559 961 649 perficiatur,
991 582 1107 628 nec
1138 559 1328 627 adid
1351 559 1640 627 vicarius
1669 561 1990 654 Episcopi
2009 564 2441 633 admittatur.
2484 566 2685 659 (Cone.

411 665 590 734 Trid.
626 687 776 733 sess
805 664 915 747 25,
937 686 995 732 c.
1031 665 1098 744 6,
1127 669 1223 731 De
1245 664 1402 756 ref.)
1435 664 1629 734 Sacra
1652 664 2077 757 Congregatio
2107 671 2365 739 concilii
2392 673 2489 763 (in
2513 678 2694 744 Ame-

425 771 602 858 rina,
634 770 722 838 24
749 771 1035 860 januarii
1064 770 1264 858 1632,
1298 772 1705 840 decretorum
1730 773 1882 842 folio
1912 775 2067 868 558)
2097 779 2432 868 respondit
2462 803 2480 847 ε
2516 803 2689 848 ccmo-

409 878 592 947 nicos
626 900 762 945 non
792 877 1021 962 teneri,
1042 877 1103 945 si
1121 879 1370 959 nolint,
1400 878 1755 946 admittere
1780 882 2103 950 vicarium
2141 884 2462 976 Episcopi
2489 886 2690 976 (relata

410 1007 447 1053 a
493 983 965 1070 Scartantoni0‚
1011 989 1059 1053 t.
1090 984 1171 1068 11,
1200 1008 1349 1076 pag.
1385 985 1542 1069 109,
1584 1006 1656 1052 n.
1694 985 1806 1066 37,
1832 989 1985 1057 edit.
2020 990 2238 1087 Lucae,
2270 991 2492 1078 1723).
2517 992 2593 1059 Et
2618 995 2689 1061 ita

408 1091 847 1160 communiter
882 1093 1255 1160 canonistas.
1302 1092 1374 1162 Si
1405 1099 1626 1163 tamen
1669 1097 1952 1167 vicarius
1981 1094 2282 1187 Episcopi
2309 1103 2475 1164 esset
2505 1100 2687 1166 simul

414 1199 787 1282 canonicuS‚
830 1203 1041 1289 posset
1060 1199 1476 1291 intervenire,
1504 1225 1581 1271 eo
1607 1205 1746 1274 loco
1772 1211 1836 1272 et
1866 1205 2075 1293 gradu
2100 1209 2354 1279 tantum
2374 1228 2575 1293 quem
2588 1207 2684 1273 ob-

407 1303 567 1370 tinet
588 1308 907 1392 quatenus
927 1306 1303 1374 canonicus,

501 1408 612 1478 100
645 1409 870 1489 Quoad
896 1413 1153 1501 negotia
1191 1415 1263 1480 in
1299 1414 1540 1503 quibus
1568 1415 1647 1483 de
1665 1418 1816 1506 jure
1842 1417 2197 1506 requiritur
2225 1416 2574 1485 consilium
2602 1418 2686 1484 vel

410 1533 763 1583 consensus
808 1517 1099 1607 capituli,
1132 1524 1340 1610 potest
1384 1521 1664 1590 vicarius
1688 1524 2005 1612 generalis
2029 1523 2332 1613 Episcopi
2357 1544 2689 1592 convocare

408 1619 771 1708 capitulum
818 1644 953 1690 non
1002 1632 1401 1716 exemptum,
1458 1633 1533 1694 ut
1551 1650 1702 1695 cum
1734 1627 2065 1697 Cardinali
2087 1628 2276 1696 Petra
2301 1627 2473 1696 docet
2503 1627 2688 1696 Scar-

411 1723 761 1795 fantonius.
800 1718 1237 1819 (Loco'citato,
1259 1754 1409 1823 pag.
1442 1733 1593 1816 110,
1629 1755 1698 1801 n.
1737 1733 1877 1825 39.)

498 1832 607 1899 110
655 1833 815 1902 Item
869 1841 1077 1927 potest
1102 1839 1385 1908 vicarius
1424 1838 1731 1932 Episcopi
1764 1841 2158 1909 intervenire
2189 1839 2475 1932 capitulo
2512 1841 2587 1908 ad
2607 1862 2685 1937 se·

407 1936 651 2006 dandos
687 1942 1182 2012 tumultuantes
1246 1946 1614 2031 canonicOS,
1670 1970 1753 2014 ne
1827 1949 2126 2016 oriantur
2171 1947 2475 2016 scandala
2505 1970 2522 2030 3
2588 1947 2682 2014 sed

407 2043 605 2111 etiam
655 2052 812 2115 tunc
853 2047 1117 2116 nullum
1181 2056 1385 2142 potest
1427 2053 1595 2121 ferre
1684 2052 2102 2143 suffragium.
2160 2051 2679 2143 (ScarfantoniuS,

411 2148 604 2238 ibid.‚
634 2175 702 2221 n.
736 2153 879 2240 40.)
1787 2186 1791 2189 ·

502 2257 612 2324 120
637 2258 911 2338 Quando
939 2283 1015 2329 ex
1046 2264 1512 2334 consuetudine
1537 2272 1648 2334 aut
1676 2265 2042 2357 privilegio,
2069 2266 2434 2357 Episcopus
2451 2268 2568 2356 jus
2587 2266 2681 2331 ha—

411 2361 518 2429 bet
540 2363 963 2436 interessendi
991 2372 1301 2440 omnibus
1324 2373 1463 2464 capi
1477 2374 1651 2463 tulis,
1684 2374 1871 2443 debet
1892 2373 2120 2454 certior
2150 2374 2295 2441 fieri
2313 2373 2392 2440 de
2414 2371 2687 2462 qualibet

410 2471 866 2540 convocatione
916 2473 1233 2562 facienda,
1265 2482 1340 2545 ut
1372 2480 1571 2569 possit
1619 2480 1718 2546 uti
1751 2482 1904 2569 jure
1946 2502 2104 2563 suo;
2161 2480 2439 2569 exceptis
2479 2484 2682 2546 tamen

410 2578 1005 2661 convocationibus,
1030 2603 1178 2669 quae
1197 2586 1386 2652 certis
1397 2593 1460 2652 ct
1473 2585 1615 2653 fixis
1632 2588 2038 2678 temporibus
2057 2588 2429 2676 regulariter
2438 2586 2632 2651 fieren
2640 2591 2682 2669 t,

407 2678 560 2765 quia
602 2679 681 2747 de
695 2680 826 2749 illis
846 2682 1249 2755 sufficienter
1273 2698 1713 2780 praemonetur
1735 2717 1810 2761 ex
1830 2695 1967 2784 ipsa
1985 2716 2209 2763 earum
2231 2693 2514 2783 regulari
2538 2690 2686 2759 cele·

404 2781 716 2853 bratione.
731 2785 1061 2857 Tenentur
1083 2799 1299 2861 autem
1316 2797 1613 2863 canonici
1627 2797 2021 2888 Episcopum
2035 2819 2433 2889 praemonere
2441 2802 2683 2864 tautum

406 2889 485 2957 de
526 2892 745 2960 futura
772 2898 1253 2985 convocatione,
1295 2924 1427 2970 non
1459 2924 1610 2971 vero
1638 2905 1717 2972 de
1740 2907 1935 2975 rebus
1959 2910 2029 2975 in
2054 2927 2127 2976 ea
2143 2904 2522 2973 tractandis:
2544 2902 2681 2990 Haee

405 2998 638 3100 probat
662 3023 737 3068 ex
760 3002 1014 3072 duabus
1035 3005 1473 3079 decisionibus
1491 3010 2022 3103 Congregationis
2045 3014 2305 3083 concilii
2335 3011 2685 3080 Scarfanto-

406 3103 580 3172 nius.
604 3105 800 3195 (Loco
824 3112 1038 3196 citato,
1067 3132 1139 3179 n⁰
1169 3115 1305 3204 41.)
1888 3173 1889 3176 ,

495 3210 602 3279 130
622 3211 894 3293 Quando
918 3216 1278 3311 Episcopus
1298 3222 1377 3289 ad
1397 3244 1596 3291 suum
1616 3225 1905 3293 tribunal
1931 3228 2127 3295 citare
2144 3225 2285 3295 vult
2304 3224 2678 3317 capitulum,

414 3339 447 3379 α
492 3316 709 3391 citatio
730 3342 845 3387 seu
878 3323 1152 3393 monitio
1175 3329 1403 3416 exequi
1426 3329 1612 3397 debet
1630 3332 1792 3399 dum
1819 3332 2115 3400 canonici
2143 3336 2295 3400 sunt
2315 3328 2682 3422 capitulari·

413 3445 462 3485 (ο
491 3426 588 3489 ter
629 3429 998 3517 congregati
1035 3453 1051 3497 ε
1087 3437 1150 3499 et
1197 3433 1278 3500 ad
1302 3434 1484 3503 hunc
1513 3437 1818 3505 effectum
1846 3436 2235 3507 Ordinarius
2265 3437 2600 3506 mandabit
2629 3434 2680 3500 ei

411 3551 445 3591 «
492 3529 605 3615 qui
634 3528 827 3598 habet
844 3535 955 3621 jus
979 3540 1373 3606 convocandi
1400 3544 1765 3631 capitulum
1785 3550 1860 3612 ut
1889 3545 2107 3636 ipsum
2136 3548 2477 3631 convocet3
2505 3538 2681 3631 quisi

410 3658 447 3699 «
489 3633 772 3704 noluerit
811 3637 975 3708 illud
1020 3664 1436 3734 congregare,
1462 3648 1807 3717 habebitur
1834 3673 1952 3742 pro
1977 3652 2166 3720 citato
2185 3674 2301 3743 per
2325 3651 2682 3718 affixionem

410 3762 446 3806 (ι
493 3739 811 3810 citationis
865 3744 939 3810 in
979 3744 1121 3814 loco
1145 3749 1260 3816 ubi
1297 3753 1662 3843 capitulum
1688 3756 1847 3824 solet
1866 3756 2282 3847 congregari;
2304 3754 2410 3822 vel
2457 3753 2511 3821 si
2532 3753 2681 3819 dum

409 3847 785 3915 «canonici
838 3855 991 3916 sunt
1018 3860 1411 3946 congregati,
1460 3860 1800 3929 claudatur
1836 3869 2020 3953 porta
2067 3863 2300 3930 nuntio
2332 3868 2405 3929 ut
2434 3856 2683 3950 ingredi

407 3951 780 4042 «nequeat,
815 3955 1029 4023 citatio
1048 3959 1224 4048 affigi
1253 3965 1483 4051 poterit
1522 3968 1594 4033 in
1636 3969 1834 4036 valvis
1877 3969 2172 4059 ejusdem
2200 3969 2358 4054 loci3
2386 3968 2487 4036 vel
2513 3970 2684 4057 pote-

407 4074 443 4116 «
487 4050 574 4117 rit
599 4060 962 4143 capitulum
986 4065 1172 4132 citari
1203 4066 1272 4134 in
1285 4090 1567 4159 ‚persona
1587 4076 1865 4165 syndici,
1891 4077 1993 4144 vel
2011 4077 2363 4165 oeconomi,
2396 4075 2496 4143 vel
2519 4077 2682 4163 {pro·

408 4180 443 4218 «
486 4164 820 4231 curatoris.
859 4191 895 4231 ν»
1457 4173 1460 4178 ”
1602 4175 1605 4181 ’
1727 4231 1733 4235 .

425 4325 430 4328 .
491 4285 527 4328 ε(
566 4261 922 4354 Requisitio
949 4282 1166 4348 autem
1198 4280 1488 4353 facienda
1515 4310 1634 4379 pro
1661 4291 2116 4359 convocatione
2145 4290 2437 4382 capituli,
2474 4288 2533 4355 ei
2566 4286 2679 4375 qui

397 4395 438 4434 «
470 4369 663 4440 habet
689 4374 800 4462 jus
837 4385 1229 4453 convocandi
1275 4391 1367 4456 sic
1395 4392 1518 4459 erit
1549 4396 1974 4486 concipienda
2014 4419 2030 4465 z
2074 4397 2341 4465 Οἰταίων
2370 4409 2435 4464 ct
2458 4391 2679 4481 requi-

1654 4595 1689 4609 a
