2930 4982
1167 325 1243 371 DE
1289 325 1615 373 eunoun.
2423 319 2502 376 28
2517 321 2542 378 1

257 445 362 517 sed
384 466 519 515 non
542 444 863 528 recitaret,
897 450 1206 514 ettamen
1234 447 1657 537 praetenderet
1668 466 1742 514 ex
1769 447 2241 516 consuetudine
2270 449 2375 517 vel
2425 450 2553 520 alio

257 553 437 622 titulo
462 551 759 621 sefacere
783 551 1033 621 fructus
1052 573 1223 637 suOS,
1254 554 1348 622 sic
1373 551 1664 645 pergitS.
1685 550 1913 622 PiusV
1938 575 1955 622 ε
1988 553 2054 621 Is
2072 552 2283 622 etiam
2297 569 2555 646 proeter

251 661 595 750 fructuum
624 668 690 727 et
716 655 1271 728 distributionum
1324 660 1772 744 amissionem,
1814 681 2012 750 qrave
2053 672 2412 751 peceatum
2448 663 2551 730 in·

257 765 529 856 telliqat
572 787 639 833 se
684 763 1047 834 admisisse.
1109 766 1279 836 Item
1309 766 1432 836 ille
1459 766 1583 858 qui
1595 766 1841 858 primis
1876 787 1990 834 sex
2019 766 2353 837 mensibus
2388 768 2540 859 offi-

249 872 424 941 cium
448 894 583 940 non
609 870 876 955 datvm-it,
902 872 1035 940 nisi
1057 872 1430 964 leqitimum
1455 869 2010 964 impedimentum
2032 872 2254 964 ipsum
2281 895 2545 944 excusa·

249 980 442 1063 verit,
475 1001 681 1070 qrave
702 990 1052 1071 peecatum
1074 979 1422 1071 intelliqat
1451 980 1819 1050 admisisse.

333 1085 653 1155 Praedicta
669 1093 889 1156 autem
900 1086 1219 1156 restitutio
1228 1093 1399 1156 certe
1409 1088 1680 1156 debetur
1699 1095 1850 1157 ante
1866 1087 2115 1179 judicis
2130 1087 2543 1173 sententiam,

244 1192 571 1284 siquidem
596 1193 679 1262 ab
712 1192 1080 1263 Alexandro
1108 1192 1228 1264 Vll
1247 1194 1554 1264 damnata
1578 1200 1670 1262 est
1689 1193 2039 1286 propositio
2051 1194 2376 1263 contraria
2399 1215 2548 1284 quae

243 1302 340 1369 sic
364 1301 643 1370 habebat
674 1326 690 1369 :
726 1302 1078 1372 Restitutio
1107 1326 1149 1372 a
1176 1303 1300 1371 Pio
1339 1306 1397 1370 V
1416 1303 1733 1395 imposita
1770 1302 2179 1394 beneficiatis
2223 1325 2358 1372 non
2382 1302 2547 1371 reci·

245 1407 575 1492 mutibus,
605 1431 740 1477 non
763 1407 1037 1477 debetur
1079 1409 1154 1477 in
1181 1410 1585 1478 conscientia
1611 1420 1768 1479 ante
1800 1410 2206 1479 sententiam
2243 1408 2546 1478 declara-

241 1515 496 1583 teriam
499 1513 787 1605 judicis,
820 1537 894 1583 eo
923 1514 1106 1607 quod
1117 1515 1213 1584 sit
1216 1538 1452 1607 poena.

329 1620 766 1720 Discutiendae
787 1623 1063 1691 veniunt
1086 1623 1257 1692 circa
1284 1623 1623 1693 materiam
1650 1624 1823 1691 hanc
1851 1622 2072 1715 plures
2102 1621 2539 1691 difficultates.

334 1729 402 1795 1⁰
430 1729 536 1797 An
563 1730 870 1797 omittens
893 1729 1188 1798 officium
1214 1730 1352 1799 sine
1372 1730 1564 1823 culpa
1582 1734 1882 1799 teneatur
1910 1729 1991 1797 ad
2026 1729 2495 1798 restitutionem
2511 1727 2547 1798 ἲ

232 1874 337 1888 -
359 1834 610 1927 Duplex
642 1837 958 1904 sententia
991 1859 1007 1904 :
1047 1836 1444 1925 probabilior
1481 1859 1747 1928 negans.
1786 1835 1979 1928 (Vide
2016 1834 2084 1905 S.
2126 1835 2540 1925 Liguorium,

233 1939 279 2008 l.
320 1961 420 2020 111,
443 1944 629 2008 tract.
664 1940 730 2020 5,
766 1962 835 2007 n.
868 1939 1057 2029 665.)

326 2044 400 2112 2⁰
424 2044 530 2112 An
568 2045 873 2113 omittens
929 2051 1183 2135 partem
1212 2043 1528 2133 aliquam,
1562 2066 1695 2113 non
1724 2050 1940 2113 tamen
1987 2042 2370 2131 notabilem,
2427 2043 2546 2112 ali-

227 2173 314 2220 cu
315 2152 436 2241 jus
443 2151 623 2218 horae
637 2151 1022 2241 teneaturIad
1034 2150 1461 2219 restituendos
1476 2151 1731 2219 fructus
1747 2171 1865 2240 pro
1876 2153 2051 2217 rata‘?
2063 2147 2546 2217 -Controver-

224 2257 406 2323 titur
436 2255 838 2344 (Lignorius,
862 2257 1010 2324 loco
1040 2257 1257 2338 citam,
1308 2280 1380 2324 n.
1410 2256 1595 2344 668).
1625 2256 1697 2323 Si
1726 2260 1947 2322 autem
1978 2253 2378 2320 omitteretur
2400 2274 2549 2343 pars

227 2359 556 2428 notabilis
587 2360 867 2450 alicujus
892 2360 1098 2445 horae,
1125 2360 1382 2429 videtur
1410 2366 1581 2429 certa
1612 2359 1922 2448 obligatio
1950 2356 2364 2427 restituendi:
2390 2358 2546 2426 item

225 2466 292 2537 si
328 2465 725 2557 partesleves
753 2467 1013 2537 omissae
1038 2466 1106 2536 in
1137 2468 1428 2559 qualibet
1449 2468 1611 2537 hora
1631 2466 1958 2536 efficerent
1977 2463 2178 2535 simul
2202 2463 2540 2534 materiam

230 2595 530 2664 gravem.

323 2679 395 2746 4⁰
419 2678 879 2749 Beneficiarius
897 2679 1012 2770 qui
1055 2686 1285 2774 praeter
1315 2701 1485 2750 onus
1510 2679 1820 2750 recitandi
1851 2678 2051 2750 officii
2097 2678 2296 2747 habet
2342 2678 2540 2747 etiam

227 2785 365 2854 alia
380 2787 759 2855 sustinenda
777 2809 979 2856 onera
1003 2787 1324 2857 beneficio
1343 2810 1618 2872 annexa,
1639 2787 1695 2855 si
1716 2787 2012 2875 legitime
2026 2807 2162 2852 non
2186 2784 2543 2872 impeditus

222 2891 522 2972 omittat,
576 2911 641 2956 v.
676 2912 741 2978 g.
790 2896 1001 2959 totum
1042 2894 1330 2960 officium
1361 2893 1564 2961 unius
1612 2892 1766 2973 diei,
1807 2911 1941 2957 non
1969 2894 2227 2955 tenetur
2276 2886 2544 2955 reddere

227 3015 472 3064 omnes
491 2993 746 3061 fructus
762 2994 968 3083 hujus
992 2996 1145 3076 diei,
1178 2996 1290 3062 sed
1318 3016 1463 3061 eam
1510 3000 1760 3083 partem
1820 2993 2101 3059 retinere
2144 2995 2347 3082 potest
2390 3012 2536 3081 quae

233 3099 703 3191 correspondet
726 3099 880 3168 aliis
903 3098 1213 3168 oneribus
1237 3101 1483 3190 quibus
1510 3098 1835 3177 satisfecit.
1870 3097 1961 3165 lta
1988 3097 2540 3189 interpretandam

234 3205 491 3274 bullam
513 3204 580 3275 S.
611 3205 716 3274 Pii
741 3203 805 3273 V
832 3210 1052 3274 tenent
1072 3206 1508 3275 communiter
1555 3210 1850 3274 auctores
1900 3203 2296 3295 (Lignorius,
2339 3203 2534 3292 ibid.,

235 3334 305 3380 n.
342 3311 525 3401 673).

330 3420 398 3488 5⁰
420 3419 489 3489 Si
534 3420 868 3488 omittatur
892 3420 1033 3488 sine
1051 3419 1345 3510 legitimo
1365 3419 1836 3512 impedimento
1857 3440 2005 3509 pars
2048 3416 2352 3486 notabilis
2389 3415 2535 3486 offi-

240 3526 351 3614 cii,
377 3530 472 3594 est
492 3531 828 3617 peccatum
864 3546 1055 3615 grave
1079 3550 1097 3609 ;
1130 3527 1183 3594 si
1210 3529 1548 3594 omittatur
1599 3548 1750 3615 pars
1772 3525 2035 3614 exigua,
2066 3530 2161 3591 est
2187 3526 2534 3612 peccatum

240 3632 508 3700 veniale.
1027 3684 1036 3690 .

327 3736 397 3804 6ο
432 3737 745 3818 Quaenam
788 3740 1006 3802 autem
1032 3734 1291 3801 omissio
1315 3735 1395 3800 sit
1422 3733 1728 3801 notabilis
1748 3731 1855 3797 vel
1899 3752 2059 3811 non,
2102 3729 2198 3795 sic
2230 3727 2535 3795 aestimari
2638 3758 2641 3763 ⁴

243 3847 440 3930 potest
464 3864 620 3909 cum
649 3839 719 3909 S.
747 3838 1061 3930 Liguorio
1081 3838 1158 3927 ‘(l.
1188 3860 1276 3924 iv,
1307 3858 1366 3905 c.
1400 3837 1470 3916 2,
1515 3857 1583 3902 n.
1650 3834 1799 3925 147)
1832 3859 1846 3899 ε
1880 3831 2287 3901 Probabilius
2340 3836 2535 3900 mate-

245 3948 336 4014 ria
363 3948 523 4017 levis
547 3953 640 4017 est
669 3947 965 4016 omittere
985 3946 1208 4014 minus
1254 3966 1454 4036 quam
1497 3943 1821 4034 integram
1853 3960 2120 4033 parvam
2161 3938 2412 4007 horam.
2460 3937 2532 4008 Si

248 4061 456 4123 autem
485 4055 1008 4148 praetermittatur
1044 4054 1294 4143 integra
1319 4073 1517 4142 parva
1540 4051 1726 4132 hora,
1754 4046 2022 4117 omissio
2065 4051 2158 4114 est
2187 4052 2357 4114 certo
2383 4066 2532 4136 gra-

246 4162 362 4250 vis,
389 4185 511 4230 nec
548 4163 685 4231 ullo
713 4161 903 4230 modo
922 4161 1275 4252 probabilis
1298 4165 1390 4229 est
1411 4159 1726 4228 sententia
1749 4155 2059 4248 opposita.

327 4268 709 4338 Tenendum
741 4269 931 4336 etiam
961 4273 1054 4336 est
1072 4289 1337 4358 peccare
1361 4265 1722 4334 mortaliter
1749 4263 1863 4355 qui
1886 4265 2127 4332 omittit
2161 4282 2375 4331 unum
2408 4270 2533 4317 110·

250 4377 549 4443 cturnum
579 4375 847 4464 integre.
883 4373 1120 4444 Utrum
1148 4380 1366 4442 autem
1406 4371 1666 4441 omissio
1711 4372 1912 4440 trium
1952 4372 2317 4439 lectionum
2372 4362 2531 4416 cum
