2930 4982
1118 377 1197 422 na
1242 378 1567 430 manuus.
2361 394 2486 453 387

215 486 660 555 controversias
704 482 997 560 instituta
1028 517 1045 560 :
1081 500 1284 584 atqui,
1316 519 1390 566 ex
1443 502 1636 571 modo
1672 507 1947 580 collectis
1969 518 2479 612 auctoritatibus,

214 591 464 675 potestas
512 592 727 682 aliqua
779 597 1099 668 condendi
1136 607 1368 672 statuta
1390 658 1409 688 ,
1458 614 1522 675 et
1544 631 1580 676 a
1603 616 1939 684 communi
1967 618 2304 694 doctorum
2337 651 2483 700 sen-

209 694 412 773 tentia,
444 704 509 763 et
544 721 579 765 a
607 702 933 789 praedictis
963 704 1399 779 tribunalibus
1445 716 1749 805 capitulis
1797 724 2067 793 omniuo
2114 729 2473 809 tribuitur':

129 820 132 823 ·
208 817 346 886 ergo
391 805 747 873 certissima
788 812 883 874 est
924 830 996 875 ex
1018 810 1169 899 jure
1219 819 1563 886 communi
1599 842 1673 889 ea
1714 845 1916 912 quam
1955 826 2024 895 in
2051 839 2479 924 propositione

202 907 606 977 enuntiamus
631 912 1064 1002 capitulorum
1095 922 1387 1006 potestas.

276 1007 618 1098 Praeterea,
657 1019 1025 1108 capitulum
1049 1027 1143 1090 est
1167 1023 1384 1114 aliqua
1415 1030 1659 1119 species
1689 1033 2127 1111 universitatis
2156 1066 2268 1114 seu
2295 1051 2484 1121 colle·

201 1115 277 1203 gii
318 1118 617 1207 legitime
664 1124 989 1192 existentis
1018 1153 1036 1213 3
1071 1129 1249 1217 atqui
1276 1152 1472 1202 omne
1506 1137 1857 1227 collegium
1883 1164 1997 1212 seu
2025 1168 2219 1218 omne
2244 1174 2485 1246 corpus

198 1222 421 1291 sociale
469 1226 870 1296 existentiam
914 1231 1276 1319 legitimam
1327 1239 1599 1329 habenS,
1635 1245 1756 1317 hoc
1794 1248 1933 1339 ipso
1989 1253 2067 1320 de
2106 1256 2259 1344 jure
2307 1282 2484 1330 oom-

197 1330 377 1394 muni
403 1337 779 1419 potestatem
804 1335 997 1415 habet
1017 1339 1142 1406 sibi
1166 1342 1382 1431 aliqua
1412 1348 1738 1419 condendi
1763 1359 2015 1437 statuta,
2047 1382 2333 1448 quorum
2364 1390 2484 1459 ope

194 1440 245 1499 et
271 1435 560 1525 seipsum
586 1444 729 1527 apte
753 1441 1030 1523 ordinet,
1067 1450 1128 1512 et
1164 1448 1364 1516 finem
1397 1453 1521 1521 sibi
1552 1457 1891 1547 proprium
1924 1464 2269 1537 efficaciter
2293 1477 2484 1543 attin·

196 1546 308 1628 gat.
345 1540 414 1610 Id
442 1545 688 1632 pariter
710 1551 930 1615 tenent
969 1549 1258 1621 doctores
1284 1560 1730 1629 communiter
1747 1571 1808 1632 et
1837 1567 2082 1657 pluries
2112 1573 2392 1645 habetur
2412 1582 2481 1650 in

197 1646 624 1717 decisionibus
666 1650 889 1722 Rotae:
944 1656 1116 1724 idem
1159 1668 1463 1750 praeterea
1511 1666 1707 1735 dictat
1753 1678 1926 1741 recta
1976 1679 2163 1767 rati0,
2198 1682 2283 1750 ita
2309 1693 2380 1753 ut
2406 1710 2482 1757 ex

191 1754 323 1841 jure
351 1757 639 1825 naturali
672 1762 975 1829 concludi
1012 1766 1252 1854 possit3
1278 1790 1428 1836 nam
1453 1770 1579 1841 hoc
1620 1775 1756 1864 ipso
1793 1780 1966 1866 quod
1997 1782 2329 1874 aliquibus
2364 1792 2482 1860 ho·

196 1862 470 1932 minibus
518 1866 848 1934 confertur
883 1869 1150 1940 facultas
1190 1874 1257 1939 in
1307 1877 1675 1945 societatem
1706 1881 1993 1971 aliquam
2044 1895 2368 1981 coeundi,
2412 1895 2479 1964 id

194 1954 296 2047 est,
327 1991 466 2039 sese
497 1973 932 2042 constituendi
964 1977 1035 2043 in
1065 1976 1277 2045 forma
1305 1980 1563 2069 collegii
1591 1989 1654 2050 et
1681 1987 2000 2059 efficiendi
2046 1994 2311 2084 aliquod
2338 2022 2482 2069 cor-

192 2095 300 2160 pus
349 2077 587 2145 sociale
640 2079 1051 2168 distinctum,
1110 2084 1189 2150 ad
1237 2089 1765 2175 prosequendum
1813 2095 2099 2184 aliquem
2129 2102 2327 2172 finem
2355 2106 2482 2178 sibi

188 2181 553 2267 proprium,
586 2184 814 2252 collata
842 2187 1044 2254 simul
1067 2189 1195 2277 ipsi
1221 2193 1546 2260 censenda
1569 2200 1662 2261 est
1681 2195 1952 2266 facultas
1980 2224 2114 2270 sese
2144 2209 2485 2295 regulandi

185 2283 250 2350 in
280 2285 516 2354 ordine
541 2289 620 2354 ad
656 2291 906 2358 dictum
948 2293 1175 2378 finem,
1231 2298 1404 2383 quod
1449 2299 1692 2389 absque
1737 2307 1986 2376 statutis
2035 2315 2262 2401 nequit
2295 2318 2476 2401 fieri3

186 2391 356 2458 unde
386 2392 581 2461 etiam
604 2403 926 2486 repugnat
955 2398 1027 2466 in
1056 2402 1349 2469 terminis
1380 2405 1671 2495 legitIme
1698 2415 1973 2482 existere·
1987 2416 2250 2509 aliquod
2280 2424 2475 2496 colle-

183 2497 362 2584 gium
410 2503 674 2593 proprie
714 2503 988 2589 dictum,
1043 2506 1330 2596 aliquam
1380 2514 1743 2586 societatem
1796 2521 2194 2615 distinctam,
2249 2538 2312 2598 et
2340 2556 2473 2604 non

185 2624 362 2692 posse
385 2630 499 2696 per
521 2630 588 2677 se
613 2610 825 2699 ipsam
859 2612 1220 2702 quidquam
1253 2619 1551 2687 statuere.

263 2710 636 2783 Paorosmo
666 2716 762 2785 2³.
796 2757 887 2770 —
921 2720 1314 2809 Capitulum
1351 2737 1577 2814 potest
1616 2729 1854 2819 aliqua
1888 2746 2151 2806 statuta
2175 2742 2303 2810 sibi
2325 2767 2475 2814 con-

183 2814 335 2882 dere
365 2819 601 2907 absque
622 2825 942 2914 Episcopi
968 2829 1370 2896 auctoritate
1400 2845 1523 2898 aut
1552 2857 1890 2905 consensu.
1928 2879 2020 2892 —-
2047 2843 2203 2915 Haec
2230 2873 2476 2943 propo-

182 2921 331 2989 sitio
383 2929 552 2991 certa
603 2926 1073 2996 demonstratur
1111 2932 1343 3000 iisdem
1374 2936 1646 3005 omnino
1690 2948 2090 3030 argumentis
2126 2973 2200 3020 ac
2225 2977 2472 3044 praece-

184 3027 359 3097 dens.
398 3029 648 3099 Eadem
696 3033 944 3101 scilicet
978 3037 1191 3123 quoad
1232 3038 1441 3127 ipsam
1475 3048 1755 3112 occurrit
1778 3048 2111 3122 doctorum
2141 3065 2470 3135 unanimi-

186 3138 271 3201 tas
284 3162 303 3222 3
338 3137 562 3205 eadem
587 3138 1023 3207 tribunalium
1070 3140 1517 3214 Romanorum
1558 3149 1628 3216 in
1658 3150 1795 3242 ipsa
1821 3154 2140 3234 firmanda
2175 3178 2466 3245 constans

189 3243 428 3330 praxis3
455 3243 679 3311 eadem
717 3267 792 3313 ex
803 3247 957 3334 jure
987 3250 1272 3318 naturali
1299 3252 1630 3322 rationum
1662 3269 2013 3333 momenta.

266 3346 643 3418 Paorosmo
681 3349 772 3419 3⁸.
814 3389 909 3403 --
945 3353 1347 3445 Capitulum
1369 3370 1602 3448 potest
1637 3364 1885 3457 absque
1933 3372 2257 3471 Episcopi
2304 3407 2459 3457 con..

189 3472 363 3522 sensu
396 3468 689 3524 statuere
723 3461 1096 3547 qencratim
1135 3462 1311 3532 circa
1355 3486 1435 3533 ea
1463 3489 1611 3556 quoe
1645 3494 1765 3540 nec
1796 3487 2053 3548 statum
2079 3492 2459 3573 qeneralem

190 3561 483 3643 ecclesioe,
515 3585 630 3629 nec
652 3563 871 3652 ipsum
913 3566 1316 3657 Episcopum
1347 3584 1470 3637 aut
1498 3574 1703 3663 ipsius
1711 3578 1883 3667 jura
1909 3605 2330 3661 concernunt.
2367 3635 2460 3651 -

192 3660 354 3736 Hanc
392 3668 903 3759 propositionem
957 3678 1196 3740 certam
1251 3673 1404 3741 facit
1451 3678 1661 3764 glossa
1707 3690 2010 3775 superius
2053 3696 2296 3764 relatat
2345 3700 2460 3771 illa

191 3774 344 3839 enim
401 3774 634 3861 glossa,
686 3781 904 3866 utpote
950 3778 1323 3848 canonizata
1351 3802 1467 3869 per
1488 3805 1914 3860 communem
1941 3796 2280 3869 doctorum
2305 3823 2462 3875 sen-

191 3878 440 3947 tentiam
477 3886 540 3948 et
569 3902 684 3970 per
711 3880 1152 3952 Romanorum
1185 3886 1619 3960 tribunalium
1649 3894 2031 3986 decisioneS,
2063 3906 2131 3971 in
2161 3910 2455 3996 regulam

188 3980 337 4067 juris
383 3986 683 4054 transiit:
736 4010 927 4078 porro
968 3990 1171 4080 ipsius
1220 3994 1428 4065 verba*
1455 4004 1729 4072 omnino
1775 4008 2114 4098 perspicua
2146 4021 2341 4085 sunt:
2380 4025 2464 4092 Si

193 4108 323 4157 vcro
348 4103 613 4160 statuat
638 4116 830 4185 super
848 4096 932 4163 iis
956 4119 1102 4187 quoe
1124 4121 1257 4167 non
1283 4112 1574 4192 tanqum
1601 4110 2037 4201 Episcopum,
2068 4119 2176 4186 vel
2201 4133 2459 4195 statum

191 4196 454 4265 ecclesia>
502 4197 617 4289 (l),
664 4199 777 4266 sed
807 4224 931 4269 sua
975 4202 1382 4293 sinqularia,
1432 4209 1598 4276 satis
1622 4222 1850 4300 potest
1897 4213 2034 4285 dici
2063 4224 2245 4311 quod
2260 4248 2461 4316 super

249 4353 305 4413 (1)
329 4355 418 4406 Per
434 4356 518 4406 illa
538 4358 690 4408 verba
704 4358 909 4408 Statum
926 4360 1165 4421 ecclesz‘oe,
1182 4367 1353 4423 textus
1370 4366 1501 4425 juris
1522 4368 1573 4415 et
1588 4366 1816 4421 doctores
1829 4373 2134 4438 intelligunt,
2157 4390 2258 4426 non
2279 4377 2459 4423 dioece-

197 4431 392 4492 sim,sed
412 4438 681 4499 ipsammet
702 4438 968 4488 ecclesiam
989 4440 1331 4491 cathedralem
1345 4455 1435 4493 seu
1458 4446 1791 4510 collegiatam,
1809 4455 1860 4503 in
1882 4467 1983 4515 qua
2007 4458 2143 4505 extat
2159 4451 2459 4513 capitulum·
