2930 4982
368 325 493 383 ⁴58
1335 329 1682 378 ramnus

365 459 471 523 tus
505 452 771 524 Carolus
801 453 868 520 in
899 451 1182 520 concilio
1211 450 1674 521 Mediolanensi
1709 473 1728 518 ε
1767 450 1933 518 Cum
1972 448 2327 518 canonicus
2375 472 2653 541 cappam

365 558 614 640 induit,
658 580 806 649 quoe
854 558 1168 627 humeros
1198 557 1522 648 conteqit,
1561 569 1625 625 et
1656 556 1929 624 brachia
1974 555 2170 648 quasi
2196 555 2529 642 ‘devincit,
2580 578 2655 627 εκ

363 689 436 737 eo
484 666 735 735 amictu
786 665 1144 756 intelliyat
1188 689 1257 734 se
1300 672 1673 756 repressas,²
1695 664 2011 755 quasique
2050 662 2382 732 devinctas
2421 664 2660 734 habere

364 771 592 847 debere
636 772 1103 865 appetitiones,
1142 795 1222 841 ac
1255 796 1337 841 -se
1380 783 1599 840 totum
1647 770 1742 839 ad
1770 770 1897 839 Dei
1938 764 2361 839 voluntatem
2407 783 2661 840 accom-

367 878 721 950 modare...
769 880 1209 959 eanonicam,
1259 878 1421 947 dum
1470 878 1762 946 humeris
1806 878 1916 947 vel
1962 877 2245 946 brachiis
2297 878 2659 946 almutium

361 986 719 1077 pelliceam
747 986 1062 1077 imponit,
1092 1009 1241 1053 eam
1265 985 1738 1077 coqitationem
1761 984 2107 1075 suscipere,
2140 983 2212 1050 in
2242 1004 2309 1050 se
2329 982 2661 1051 restrictas

371 1114 451 1160 ac
467 1092 675 1184 >plane
701 1104 1002 1159 mortuas
1020 1114 1151 1159 esse
1178 1104 1479 1182 oportere
1501 1113 1726 1159 rerum
1745 1088 2251 1158 mundanarum
2281 1089 2658 1179 affectiones

374 1209 574 1288 atque
595 1196 1023 1287 cupiditates,
1054 1197 1290 1286 atejus
1319 1197 1416 1265 rei
1439 1197 1827 1287 siqnificans
1855 1208 1950 1264 est
1973 1195 2101 1263 illa
2129 1194 2661 1262 animalisinter·

375 1305 626 1375 mortui
635 1306 850 1398 pellis
894 1328 1099 1396 quam
1131 1305 1213 1373 de
1249 1329 1430 1375 more
1459 1320 1697 1397 qestat.

461 1412 571 1481 111.
601 1417 934 1482 Mozettam
955 1411 1018 1503 (a
1034 1435 1186 1482 voce
1204 1415 1353 1484 itala
1382 1437 1565 1483 moza
1584 1436 1731 1505 quae
1754 1411 2075 1502 significat
2094 1404 2423 1502 cappam),
2456 1430 2668 1479 recen-

373 1516 557 1589 tioris
593 1540 755 1587 usus
792 1519 1633 1604 existimaruntrnonnulli;
1675 1526 1738 1588 at
1780 1516 2059 1588 Sarnessi
2107 1518 2391 1608 (L-ettere
2420 1517 2663 1601 eccles,

375 1630 422 1693 t.
479 1623 561 1709 ΙΙ,
611 1626 746 1694 lett.
791 1624 905 1707 27)
944 1629 1223 1695 ostendit
1272 1629 1823 1718 antiquissimam,
1871 1647 1990 1693 nec
2037 1625 2232 1693 aliam
2289 1638 2425 1692 esse
2467 1644 2663 1712 quam

379 1726 633 1795 birrum
662 1728 851 1796 illum
879 1729 1246 1816 lacernam,
1281 1735 1395 1821 qui
1428 1740 1747 1822 tanquam
1774 1735 2059 1799 vestium
2084 1728 2657 1821 complementum,

376 1854 509 1903 non
541 1840 800 1901 tantum
829 1841 1024 1923 eaput
1065 1838 1175 1905 sed
1205 1844 1268 1906 et
1292 1840 1603 1906 humeros
1628 1838 1906 1927 tegebat.
1946 1836 2039 1904 De
2067 1842 2288 1903 sancto
2323 1834 2666 1925 Cypriano,

379 1941 448 2011 in
480 1941 637 2009 actis
667 1942 874 2031 ipsius
922 1946 1244 2033 martyrii,
1278 1952 1678 2013 memoratur
1702 1945 1919 2035 ipsum
1963 1944 2181 2034 primo
2214 1943 2471 2010 exuisse
2490 1941 2672 2009 habi·

377 2052 520 2116 tum
550 2051 665 2138 qui
695 2051 935 2121 dicitur
978 2052 1200 2120 birrus
1235 2052 1561 2134 lac-errius,
1602 2074 1801 2141 quem
1831 2051 2148 2141 plicatum
2194 2046 2275 2118 ad
2306 2071 2528 2138 genua
2572 2069 2671 2140 po-

377 2157 539 2236 suit3
588 2158 882 2227 tunicam
932 2159 1187 2245 deinde,
1243 2181 1445 2248 quam
1500 2160 1773 2226 diacono
1824 2157 2112 2239 tradidit,
2169 2161 2232 2223 et
2287 2174 2450 2224 cum
2506 2155 2672 2223 linea

383 2261 757 2332 carnificem
779 2272 1193 2356 exspectasse.
1227 2264 1349 2332 Per
1367 2264 1613 2332 lineam
1629 2264 1719 2330 ibi
1739 2260 2240 2352 intelligendum
2268 2284 2407 2330 esse
2431 2262 2672 2330 rochet-

380 2369 525 2434 tum
576 2375 638 2436 et
675 2394 808 2459 -per
868 2372 1121 2438 birrum
1176 2378 1516 2439 mozettam
1587 2371 1931 2438 existimat·
1952 2370 2260 2436 -laudatus
2314 2368 2667 2437 Sarnellus.

377 2468 567 2541 Birro
598 2474 708 2565 (1)ἶ.
733 2483 949 2545 autem
985 2478 1365 2567 hujusmodi
1404 2479 1497 2546 uti
1536 2478 1752 2546 solitos
1781 2472 2455 2568 fuisseEpiscopos‘et·
2496 2466 2675 2545 cano-

380 2576 562 2646 n'icos
585 2582 816 2668 probat
846 2586 1292 2651 monumentis
1320 2584 1646 2674 pluribus.
2454 2605 2455 2608 ’

393 2737 402 2746 ,
469 2678 581 2749 lv.
647 2683 741 2751 De
792 2687 1083 2754 almutiis
1141 2689 1394 2754 erudite
1448 2690 1707 2756 disserit
1768 2687 2047 2757 Sarnelli
2097 2685 2361 2778 (Lettere
2410 2683 2661 2770 eccles,

381 2792 427 2854 t.
462 2785 576 2868 lx,
623 2814 689 2881 p.
725 2791 832 2880 82)
862 2820 880 2881 ;
921 2793 1066 2861 illas
1094 2798 1313 2864 autem
1348 2791 1792 2885 archaeologiae
1825 2796 2210 2885 quaestiones
2234 2791 2485 2881 ingredi
2512 2798 2677 2860 esset

381 2901 557 2966 extra
585 2904 924 2968 tractatum
955 2908 1251 2970 nostrum
1277 2904 1519 2991 vagari.
1560 2903 1714 2971 Haec
1745 2908 1998 2969 tantum
2035 2925 2107 2969 ex
2136 2899 2425 2969 Sarnello
2452 2921 2679 2968 excer-

380 3001 639 3092 pimus:
677 3032 710 3070 «
739 3008 1112 3076 Almutium
1142 3009 1266 3076 fuit
1290 3009 1477 3077 initio
1499 3011 1693 3077 vestis
1706 3008 2007 3099 operiens
2028 3012 2302 3097 caputet
2324 3007 2671 3085 humeros;

389 3131 424 3176 t<
468 3110 579 3177 sed
610 3116 937 3204 praecipue
995 3120 1213 3206 caput,
1252 3123 1325 3183 ut
1362 3117 1695 3184 contendit
1721 3114 2021 3184 Molanus
2051 3111 2222 3203 (1.·3‚
2286 3116 2386 3180 De
2422 3110 2681 3180 canoni·

389 3244 424 3283 ι(
469 3220 583 3303 cis,
623 3244 682 3290 c.
724 3221 814 3312 5).
850 3222 1126 3291 Videtur
1161 3225 1448 3293 derivare
1493 3248 1529 3293 a
1567 3226 1834 3293 vocibus
1868 3221 2213 3298 teutonicis
2249 3221 2354 3289 alt
2396 3234 2673 3288 mutsen.

389 3349 422 3388 a
467 3325 533 3392 id
565 3333 657 3393 est
663 3328 932 3417 pileum
949 3330 1304 3397 seniorum.
1337 3331 1468 3399 Nos
1492 3331 1774 3399 dicimus
1795 3329 2192 3414 almutium,
2220 3328 2332 3395 sed
2360 3332 2675 3417 corrupte,

389 3456 424 3495 ι(
468 3451 625 3496 nam
653 3431 784 3499 dici
816 3433 1076 3499 deberet
1110 3436 1595 3504 armatiumeo
1624 3437 1796 3526 quod
1829 3442 2109 3525 gestetur
2135 3456 2330 3524 super
2366 3455 2608 3501 armos,
2643 3456 2674 3496 »

380 3534 584 3607 Ho‘die
612 3560 764 3606 vero
794 3535 1169 3623 almutium,
1202 3537 1316 3607 seu
1339 3542 1639 3629 almutia,
1679 3549 1773 3611 est
1807 3543 2272 3610 indumentum
2307 3540 2677 3629 pelliceum.

382 3645 551 3735 quod
585 3646 725 3736 jam
755 3668 886 3714 non
924 3668 1118 3737 super
1157 3658 1350 3738 caput
1379 3655 1440 3716 et
1463 3650 1774 3718 humeros
1804 3655 1876 3715 ut
1902 3649 2086 3733 olim,
2116 3647 2223 3714 sed
2258 3668 2463 3736 super
2490 3665 2679 3713 unam

382 3754 711 3845 scapulam
750 3754 850 3822 vel
878 3753 1071 3821 etiam
1099 3776 1290 3845 super
1315 3755 1662 3824 brachium
1704 3754 2040 3823 sinistrum
2066 3758 2376 3847 gesta-tur.

469 3856 747 3926 Videtur
793 3860 1159 3928 introducta
1198 3864 1390 3929 vestis
1447 3861 1561 3929 illa
1609 3861 1749 3929 loco
1817 3881 2060 3949 cappae,
2110 3879 2310 3947 quam
2356 3856 2676 3945 integram

448 4016 513 4075 (ι)
541 4018 646 4067 Vox
673 4019 852 4079 byrrus
877 4034 906 4070 a
933 4033 1092 4084 graeco
1114 4022 1286 4091 πυῤῥές
1314 4020 1493 4082 (rufus
1515 4020 1715 4082 rutilus)
1739 4021 1939 4070 videtur
1960 4018 2229 4069 derivasse.
2255 4017 2498 4067 Detracta
2516 4019 2679 4066 autem

382 4096 525 4157 parte
553 4108 666 4154 quae
689 4101 889 4159 tegebat
906 4101 1161 4157 humeros,
1184 4111 1299 4163 pars
1323 4103 1491 4159 rigens
1514 4112 1625 4160 quae
1650 4102 1906 4162 operiebat
1925 4102 2094 4162 caput,
2112 4098 2246 4149 dicta
2268 4096 2370 4146 fuit
2397 4095 2677 4145 birrettum.

382 4171 504 4233 Quae
532 4172 710 4221 biretta
730 4174 943 4228 formam
967 4180 1268 4242 quadratam
1289 4180 1595 4241 habuerunt,
1621 4183 1771 4231 etiam
1793 4182 1844 4229 in
1865 4179 2041 4241 Gauia,
2069 4184 2127 4228 ut
2146 4180 2347 4228 constat
2376 4190 2440 4226 ex
2467 4174 2681 4225 concinis

381 4252 555 4304 Galliae
582 4265 739 4312 usque
757 4255 821 4302 ad
842 4260 1082 4308 saeculum
1105 4274 1185 4310 xvi
1209 4261 1412 4321 habitis,
1428 4265 1481 4312 in
1506 4262 1686 4324 quibus
1706 4264 1872 4322 agitur
1895 4262 1956 4310 de
1975 4261 2170 4309 birettis
2189 4257 2469 4321 quadratis,
2501 4275 2525 4301 ι
2549 4253 2684 4305 Unde

384 4349 410 4381 α
446 4346 621 4398 capere
646 4342 858 4392 nequeo,
882 4337 953 4384 ait
972 4337 1121 4385 Nan-di
1150 4341 1296 4397 (tom.
1321 4342 1379 4404 11,
1403 4355 1513 4406 pag.
1540 4344 1670 4405 380),
1696 4340 1951 4406 quomodo
1979 4342 2031 4389 ln
2054 4340 2143 4391 illa
2166 4342 2367 4400 regione
2390 4335 2680 4387 introducta

384 4426 407 4457 ι
445 4412 547 4463 sint
570 4412 752 4462 biretta
776 4411 948 4460 conica
970 4416 1022 4461 et
1047 4413 1166 4463 alta.
1193 4434 1216 4459 ι.
1940 4443 1943 4446 -
