2930 4982
1169 348 1246 392 ΒΕ
1284 348 1613 396 cAl’rruus.
2419 344 2540 398 ‘287

290 493 296 497 ·
334 465 405 531 20
450 464 886 553 Assignantur
926 470 1234 555 praeterea
1261 466 1501 536 limites
1534 487 1651 558 pro
1685 485 2076 557 unaquaque
2108 469 2308 539 officii
2338 481 2537 562 parte.

254 569 376 653 Qui
402 570 719 659 assignata
740 577 1034 662 tempora
1057 593 1191 640 non
1216 578 1426 642 servat
1460 572 1702 663 absque
1725 574 1895 663 justa
1934 595 2148 659 causa,
2184 576 2294 645 sed
2320 582 2541 648 tamen

254 682 456 745 totum
478 676 771 745 officium
800 677 1072 746 absolvit
1094 699 1134 746 aw
1150 678 1366 747 media
1393 685 1589 748 nocte
1603 679 1684 747 ad
1712 679 1992 747 mediam
2007 687 2290 766 noctem,
2320 689 2544 773 peccat

253 780 615 851 venialiter:
646 782 701 850 si
728 793 802 851 ex
829 782 1197 852 rationabili
1219 805 1413 854 causa
1437 806 1572 854 non
1603 791 1837 865 servet,
1862 784 2044 853 nullo
2071 789 2263 857 modo
2294 796 2534 880 peccat.

330 886 402 956 3⁰
426 886 766 957 Celebrare‘
787 889 1058 958 missam
1079 895 1229 962 ante
1254 889 1600 960 recitatum
1622 889 2028 959 matutinum
2049 897 2144 960 est
2168 898 2415 962 tantum
2435 915 2542 964 ve-

245 992 413 1061 niale
439 994 499 1061 si*
539 993 820 1063 fiatfsine·
854 995 1073 1064 causa.
1115 996 1212 1064 lta
1240 996 1650 1087 probabilius
1678 1003 1742 1065 et
1770 998 2199 1068 communius
2228 999 2535 1070 doctores.

251 1099 333 1191 (S.
371 1099 749 1190 LiguoriuS‚
790 1101 837 1168 l.
889 1123 979 1187 w,
1009 1124 1067 1169 c.
1103 1101 1175 1187 2,
1205 1123 1272 1169 n.
1317 1102 1499 1193 171.)
1527 1100 1598 1171 Si
1623 1121 1776 1170 vero
1801 1100 1912 1170 fiat
1939 1122 2012 1170 ex
2042 1124 2236 1173 causa
2266 1107 2546 1174 rationa-

246 1206 389 1295 bili,
421 1211 554 1275 uon
589 1211 683 1275 est
705 1205 1072 1297 culpabile.
1131 1257 1160 1264 --
1203 1253 1206 1260 ›
1263 1239 1272 1264 κ

329 1314 404 1379 40
450 1312 735 1404 Tempus
768 1312 1144 1403 legitimum
1174 1335 1305 1403 pro·
1338 1334 1739 1403 unaquaque
1762 1313 1923 1381 hora
1949 1337 1965 1382 t
1991 1351 2085 1366 —
2112 1315 2304 1386 Horae
2328 1338 2541 1408 parvae

169 1499 176 1506 ⁸
244 1419 416 1487 licite
456 1418 810 1486 recitantur
860 1440 898 1485 a
931 1423 1240 1508 *tempore
1270 1439 1525 1487 aurorae
1552 1440 1769 1508 usque
1815 1417 1899 1486 ad
1935 1419 2301 1489 meridiem.
2358 1420 2542 1491 Nona

244 1531 449 1616 potest
473 1525 605 1593 dici
630 1525 822 1593 etiam
843 1531 983 1616 post
1004 1524 1379 1609 meridiem3
1407 1526 1545 1594 imo
1561 1526 1761 1594 etiam
1780 1529 1983 1608 sexta,
2012 1531 2085 1593 ut
2109 1531 2331 1596 tenent
2352 1528 2547 1597 multi

244 1636 553 1705 auctores.
606 1629 908 1721 Vesperae
963 1631 1093 1738 dici
1148 1637 1418 1721 possunt
1467 1653 1507 1700 a
1548 1631 1821 1700 meridie
1860 1652 2069 1721 usque
2121 1632 2202 1700 ad
2255 1632 2542 1702 mediam

240 1744 521 1807 noctem.
1814 1759 1817 1768 ·

330 1844 401 1912 5⁰
449 1869 482 1909 «
509 1842 911 1912 Matutinum
940 1842 1134 1911 hodie
1167 1863 1262 1910 ex
1298 1841 1775 1909 consuetudine
1795 1843 1940 1931 jam
1969 1847 2344 1936 praescripta
2372 1845 2539 1917 bene

246 1971 274 2012 α
317 1949 531 2036 potest
555 1946 835 2014 recitari
851 1945 1019 2013 hora
1054 1966 1491 2035 vesperarum
1506 1943 1638 2011 diei
1660 1945 2185 2014 antecedentis.»
2218 1946 2309 2015 lta
2336 1947 2402 2016 S.
2434 1948 2543 2017 Li·

235 2049 552 2140 guorius:
585 2056 658 2118 et
695 2055 961 2126 certum
1005 2054 1103 2117 est
1138 2048 1355 2139 quoad
1405 2046 1856 2116 recitationem
1870 2049 2228 2196 privatam.
2260 2052 2355 2122 De
2376 2053 2543 2123 -reci-

235 2156 520 2225 tatione
503 2178 577 2222 111
604 2156 804 2224 choro
834 2155 1085 2224 dicetur
1108 2154 1302 2222 infra.
1375 2199 1380 2210 2
1476 2189 1501 2218 ·.

323 2261 394 2328 60
437 2260 570 2328 Sed
604 2260 875 2348 quaestio
913 2266 1027 2339 est,
1086 2258 1411 2347 quomodo
1433 2181 1873 2345 intelligeuda
1890 2256 1972 2324 sit
2008 2257 2120 2325 illa
2145 2259 2305 2329 hora
2326 2283 2548 2353 vespe-

226 2385 487 2432 rarum.
520 2402 614 2416 --
637 2362 894 2454 Duplex
919 2364 1272 2432 sententia.
1318 2363 1541 2444 Prior,
1564 2362 2091 2453 probabilissima
2082 2366 2279 2436 dicta
2307 2390 2343 2436 a
2380 2369 2542 2439 Sal-

229 2470 777 2560 manticensibus,
801 2469 1106 2562 intelligit
1125 2471 1354 2540 horam
1367 2491 1787 2563 vesperarum
1800 2493 1933 2540 esse
1945 2471 2173 2541 horam
2192 2477 2540 2553 secundam

231 2584 374 2668 post
411 2579 784 2646 meridiem.
847 2577 1141 2647 Secunda
1189 2579 1527 2664 sententia,
1572 2580 1678 2646 cui
1728 2578 2013 2648 adhaeret
2039 2579 2105 2648 S.
2148 2580 2535 2674 LignoriuS‚

230 2685 530 2774 iutelligit
551 2685 737 2753 illam
768 2685 999 2754 horam
1026 2708 1173 2776 quae
1203 2687 1470 2778 propior
1496 2686 1580 2754 sit
1610 2686 1689 2753 ad
1720 2708 2023 2754 occasum
2050 2689 2202 2756 solis
2231 2713 2432 2778 quam
2458 2695 2540 2760 ad

227 2792 572 2860 meridiem
596 2815 615 2871 ·,
649 2814 799 2880 quae
820 2793 980 2860 hora
1008 2796 1213 2861 variat
1235 2815 1353 2884 pro
1374 2792 1574 2861 variis
1607 2793 1768 2859 anni
1791 2793 2225 2882 temporibus.
2260 2794 2342 2861 Et
2358 2797 2542 2882 juxta

224 2900 404 2969 hanc
421 2897 734 2964 ultimam
756 2899 1140 2963 sententiam
1162 2898 1533 2964 confectum
1551 2901 1651 2962 est
1666 2896 2119 2962 Directorium
2133 2899 2542 2980 Romanum,

232 3026 342 3073 seu
391 3004 634 3072 tabella
685 3001 983 3069 indicans
1012 3023 1143 3091 qua
1186 3003 1351 3069 hora
1389 3001 1687 3089 quolibet
1736 3001 1896 3067 anni
1933 3007 2223 3091 tempore
2249 3004 2543 3073 inchoari

233 3111 430 3200 possit
478 3109 910 3177 matutinum.
969 3108 1185 3189 Quam
1224 3106 1534 3175 tabellam
1586 3106 1863 3196 quisque
1905 3113 2047 3176 tuto
2077 3110 2260 3198 sequi
2309 3116 2533 3199 potest.

238 3216 427 3306 (Vide
450 3216 519 3287 S.
551 3217 973 3306 Liguorium‚
1003 3216 1048 3284 l.
1082 3238 1174 3304 ιν,
1206 3236 1266 3283 c.
1292 3214 1363 3298 2,
1388 3236 1456 3282 n.
1500 3211 1683 3303 174.)

272 3358 288 3365 —
323 3323 390 3388 7⁰
436 3324 547 3395 An
597 3324 791 3391 etiam
833 3320 906 3388 in
938 3322 1137 3390 choro
1177 3319 1388 3413 ‚possit-
1412 3319 1623 3411 pridie
1658 3319 1919 3389 recitari
1946 3320 2350 3391 matutinum
2375 3343 2531 3391 cum

236 3429 585 3498 laudibus?
611 3429 705 3497 De
732 3429 854 3496 hac
892 3429 1245 3517 quaestione
1276 3428 1367 3495 ita
1394 3426 1655 3496 disserit
1685 3426 2075 3498 Benedictus
2104 3426 2260 3498 XIV
2294 3430 2370 3498 in
2399 3430 2536 3499 suis

245 3536 794 3604 Institutionibus
817 3534 1270 3602 ecclesiasticis
1302 3533 1532 3623 (Instit.
1568 3533 1723 3616 107,
1759 3534 1802 3622 ξ
1824 3534 1890 3620 4,
1920 3557 1989 3602 ιι.
2026 3534 2138 3624 22)
2166 3557 2181 3601 ε
2222 3559 2255 3598 «
2274 3534 2367 3601 At
2387 3556 2541 3603 vero

251 3666 285 3706 «
310 3643 387 3709 de
416 3643 737 3711 matutino
760 3646 823 3706 et
842 3639 1143 3706 laudibus
1177 3660 1339 3726 quas
1369 3640 1442 3705 in
1473 3639 1673 3706 choro
1695 3638 2052 3726 persolvere
2078 3639 2318 3707 debent
2346 3659 2537 3707 cano-

250 3769 282 3810 «
311 3746 442 3818 uici
471 3745 951 3816 cathedralibus
989 3765 1105 3812 seu
1146 3738 1595 3831 collegialibus
1644 3742 1949 3830 cooptati,
1986 3743 2128 3808 haec
2159 3747 2537 3813 statuuntur

254 3876 286 3916 «
316 3852 384 3920 in
411 3851 816 3923 Clementina
848 3851 969 3943 (tit.
1018 3848 1113 3918 De
1157 3844 1587 3916 celebratione
1615 3845 1990 3936 missarum)
2028 3869 2045 3913 ι
2074 3845 2435 3915 Sanoimus
2460 3864 2537 3920 ut

247 3962 290 4022 ⁸«
321 3959 375 4026 ii
417 3960 510 4028 ad
548 3982 709 4051 quos
739 3959 1067 4050 pertinet,
1095 3956 1290 4024 omni
1318 3953 1743 4048 neqlz'qentz'a
1772 3976 1853 4022 ac
1902 3953 2172 4021 incuria
2210 3955 2530 4046 releqata,

256 4088 290 4126 (ι
321 4077 392 4132 ut
420 4066 496 4134 in
521 4064 1033 4145 cathedralibm,
1064 4063 1483 4155 reqularibus
1511 4075 1575 4130 et
1604 4060 1975 4152 colleqz'atis
2005 4060 2319 4144 ecclesiia,
2347 4062 2532 4131 lzorz‘s

260 4192 294 4232 (ι
318 4169 549 4239 debitis
583 4171 965 4262 psallatur,
1018 4169 1381 4237 sollicitam
1425 4180 1660 4236 curent
1709 4167 2145 4257 dilzqentiam
2193 4167 2527 4236 adhibere.

256 4298 292 4338 α
319 4273 509 4346 Porro
555 4276 724 4345 illud
751 4277 1168 4345 verissimum
1204 4281 1297 4344 est
1323 4271 1499 4365 quod
1548 4271 1613 4342 S.
1643 4273 1906 4342 Carolus
1933 4276 2346 4345 Borromaeus
2378 4267 2537 4335 scri-

259 4403 294 4442 «
318 4387 495 4471 ptum
522 4383 784 4473 reliquit
808 4383 886 4451 de
914 4381 1223 4450 matutini
1248 4387 1539 4472 tempore
1569 4379 1787 4470 (Cone.
1814 4402 1860 4464 1,
1895 4380 2187 4458 Mediol„
2213 4379 2391 4472 parte
2413 4364 2529 4447 2)-
