2930 4982
406 354 431 407 1
447 352 481 406 6
492 355 527 403 2
1371 353 1716 402 TRAGTA'rus

394 481 725 548 siastieum
756 504 772 564 ;
806 479 977 545 bona
1004 477 1323 567 siquidem
1351 476 1432 544 ad
1456 496 1609 564 quae
1647 477 1756 564 jus
1782 473 1974 541 habet
2006 473 2291 541 Ecclesia
2327 478 2391 538 et
2426 492 2575 561 quae
2604 471 2687 539 ad

389 588 597 675 ipsam
625 584 970 674 pertinent,
1015 587 1168 650 sunt
1196 581 1422 672 procul
1458 580 1660 648 dubio
1694 580 1865 648 bona
1895 579 2358 648 ecclesiastica:
2388 577 2444 645 si
2470 584 2684 666 poste-

386 691 546 773 rius,
575 712 726 777 ergo
749 688 1032 756 Ecclesia
1059 689 1285 776 nequit
1307 686 1645 778 pensiones
1672 686 1815 753 illas
1847 690 2130 775 repetere
2155 690 2218 751 et
2246 685 2499 772 exigere
2522 704 2683 771 qua-

391 804 574 865 tenus
602 797 848 863 bonum
873 816 1069 863 suum
1091 800 1155 862 et
1182 794 1305 862 sibi
1335 793 1634 862 debitum
1659 817 1677 860 ι
1706 814 1861 881 ergo
1879 791 2292 860 Gubernium
2320 813 2401 858 ea:
2408 790 2689 880 justitia

389 925 521 971 non
546 908 801 970 tenetur
831 900 1169 990 pensiones
1202 900 1345 967 illas
1375 901 1618 968 solvere
1656 923 1673 967 :
1712 919 1865 988 ergo
1896 897 2307 966 Gubernium
2341 897 2687 988 pensiones

392 1009 536 1077 illas
563 1030 638 1074 ex
673 1029 854 1074 mera
893 1006 1269 1074 liberalitate
1311 1029 1427 1075 seu
1462 1029 1539 1075 ex
1582 1028 1760 1073 mero
1800 1004 2201 1095 beneplacito
2230 1004 2442 1087 solvit,
2488 1010 2684 1093 atque

393 1114 677 1192 easdem‚·
718 1115 858 1181 sine
898 1114 1034 1181 ulla
1066 1112 1408 1203 injustitia,
1453 1112 1715 1203 quando
1751 1114 1967 1181 visum
2014 1112 2233 1199 fuerit,
2274 1111 2684 1203 supprimere

395 1226 619 1311 potest.
650 1220 820 1308 Ergo
846 1219 1152 1288 dominus
1185 1220 1426 1308 Emery
1448 1219 1827 1288 sustinendo
1852 1219 2190 1310 pensiones
2219 1219 2368 1285 istas
2395 1238 2528 1284 non
2551 1238 2686 1285 esse

392 1327 642 1394 bonum
671 1325 1201 1409 ecclesiasticum,
1230 1325 1693 1415 aequivalenter
1714 1325 2025 1394 sustinuit
2042 1346 2223 1416 posse
2244 1346 2350 1392 eas
2375 1345 2415 1392 a
2435 1322 2688 1391 Guber-

392 1434 503 1500 nio
530 1432 668 1500 sine
696 1433 831 1499 ulla
858 1433 1179 1521 injustitia
1208 1431 1556 1523 supprimi.

480 1539 639 1618 Quae
665 1538 929 1627 quidem
966 1539 1262 1606 doctrina
1297 1538 1583 1605 multum
1625 1540 1877 1628 placere
1901 1540 2125 1606 debuit
2152 1538 2281 1606 illis
2314 1544 2499 1606 sectae
2524 1537 2684 1606 Vol-

389 1647 653 1714 terianae
693 1645 852 1712 viris
878 1645 1019 1734 qui,
1053 1644 1175 1712 sub
1210 1643 1698 1711 Restauratione
1739 1650 1804 1711 et
1830 1644 1953 1712 sub
1994 1644 2323 1713 Ludovico
2353 1643 2681 1734 Philippo,

390 1754 571 1820 toties
615 1753 685 1819 in
731 1751 1183 1841 deputatorum
1237 1772 1490 1818 camera
1538 1751 1710 1818 idem
1771 1751 2229 1831 clamitarunt;
2275 1750 2686 1819 Gubernium

393 1859 638 1927 scilicet
665 1859 744 1926 ad
771 1858 1102 1925 solvendas
1138 1858 1522 1947 hujusmodi
1548 1859 1890 1948 pensiones
1914 1880 1993 1926 ex
2010 1860 2266 1950 justitia
2292 1881 2424 1928 non
2451 1858 2674 1927 teneri.

399 1966 637 2053 Logice
703 1970 918 2032 tamen
970 1965 1096 2055 ipsi
1145 1966 1739 2051 ratiocinabantur3
1811 1988 1966 2033 nam
2027 1967 2223 2034 simul
2287 1965 2688 2034 sustinebant

398 2073 681 2163 potuisse
707 2072 995 2159 legitime
1017 2069 1431 2139 Gubernium
1462 2073 1543 2140 de
1571 2072 1857 2159 antiquis
1881 2074 2070 2142 bonis
2092 2073 2538 2142 ecclesiasticis
2561 2073 2688 2141 dis·

396 2200 634 2270 ponere
659 2183 721 2246 et
744 2177 869 2249 sibi
897 2200 969 2245 ea
996 2199 1331 2267 usurpare.
1373 2176 1441 2245 Si
1484 2180 1694 2267 potuit
1716 2180 1796 2245 de
1827 2180 2134 2267 antiquiS‚
2169 2182 2254 2247 ita
2284 2188 2347 2247 et
2374 2181 2451 2247 de
2477 2179 2681 2247 novis.

484 2283 865 2353 Pnorosrrio
892 2284 1079 2352 3⁰.—
1096 2283 1447 2351 Pensiones
1473 2308 1514 2349 a
1548 2284 1880 2352 Gubernio
1898 2285 2147 2353 Gallia>
2171 2287 2498 2354 canonicis
2524 2284 2693 2354 solvi

400 2390 620 2458 solitoe
649 2388 917 2456 decretis
952 2389 1355 2456 Tridentinis
1390 2388 1470 2456 de
1499 2391 1936 2459 con-vertenda
1968 2392 2167 2460 tertia
2190 2404 2394 2484 parte
2419 2394 2496 2460 in
2525 2417 2686 2484 quo-

398 2496 692 2565 tidianas
732 2496 1224 2564 distributiones
1252 2495 1556 2564 obnooeioe
1584 2498 1910 2566 videntur.
1943 2537 2036 2552 —
2061 2499 2316 2569 Etenim
2361 2503 2424 2566 1⁰
2469 2502 2693 2569 decre·

401 2610 542 2671 tum
592 2603 1053 2671 Tridentinum
1103 2602 1330 2691 capitis
1378 2603 1417 2670 3
1460 2606 1757 2672 sessionis
1800 2606 1881 2673 21
1930 2611 2025 2675 est
2058 2607 2519 2698 praeceptivum
2541 2657 2560 2685 ,
2617 2613 2695 2675 ut

405 2708 698 2776 indicant
724 2708 866 2775 haec
895 2707 1089 2775 verba
1119 2730 1137 2774 ε
1170 2708 1426 2774 Statuit
1457 2722 1692 2778 sancta
1719 2710 2091 2801 synodus...
2130 2713 2397 2781 tertiam
2410 2723 2690 2803 partem

395 2817 742 2905 fructuum
781 2825 845 2881 et
885 2835 1445 2903 quorumcumque
1477 2828 1927 2905 proventuum
1962 2829 2027 2885 et
2068 2818 2542 2887 obventionum
2550 2869 2682 2887 .....

398 2922 703 3012 separari
717 2920 964 3001 debere,
983 2931 1046 2986 et
1065 2919 1135 2986 in
1151 2919 1649 2989 distributiones
1663 2923 2088 3012 quotidianas
2104 2926 2413 2993 converti.
2432 2926 2500 2994 2⁰
2520 2926 2690 2995 Prae-

397 3037 655 3120 ceptum
676 3029 844 3096 illud
864 3029 1062 3095 dictas
1079 3027 1396 3096 Gubernii
1420 3031 1761 3119 pensiones
1782 3033 2093 3120 attingere
2112 3033 2385 3101 videtur.
2408 3034 2694 3123 Attingit

399 3135 577 3202 enim
607 3155 1045 3224 quoscumque
1067 3146 1429 3223 proventus
1459 3137 1996 3221 canonicatuum,
2019 3149 2094 3207 ut
2128 3140 2198 3208 in
2232 3142 2421 3210 citato
2465 3141 2691 3211 sessio-

348 3322 362 3333 ,
396 3239 502 3307 nis
529 3241 609 3306 21
645 3242 894 3309 decreto
922 3239 1217 3307 habetur.
1252 3240 1332 3307 Et
1362 3242 1603 3310 iterum
1636 3245 1839 3334 capite
1868 3245 1908 3313 3
1941 3248 2238 3316 sessionis
2287 3248 2373 3315 22
2417 3249 2689 3333 dicitur,

397 3344 655 3413 tertiam
685 3353 933 3436 partem
964 3348 1035 3413 in
1067 3346 1558 3417 distributiones
1594 3353 2088 3421 convertendam
2122 3354 2387 3422 conflari
2416 3377 2491 3421 ex
2523 3379 2693 3447 pro-

399 3451 698 3520 ventibus
725 3451 1252 3543 quibuscumque.
1290 3454 1463 3544 Ergo
1503 3462 1576 3523 ut
1610 3457 1739 3525 hoc
1767 3467 2086 3550 praecepto
2122 3462 2312 3531 dictae
2348 3464 2692 3553 pensiones

400 3560 789 3647 afficiantur,
813 3559 1048 3628 sufficit
1064 3582 1168 3629 eas
1185 3583 1321 3629 esse
1345 3583 1527 3629 veros
1546 3564 2057 3633 canonicatuum
2074 3579 2437 3657 proventus
2456 3568 2694 3660 :atqui

400 3666 556 3735 tales
596 3688 820 3735 revera
864 3672 1058 3754 sunt3
1103 3667 1447 3757 siquidem,
1488 3673 1562 3735 ut
1604 3669 2047 3760 probavimus,
2096 3674 2410 3743 rationem
2444 3675 2696 3743 habent

399 3774 763 3863 praebendae
797 3796 911 3843 seu
950 3774 1248 3843 beneficii
1296 3781 1357 3842 et
1404 3774 1563 3843 boni
1603 3776 2032 3846 ecclesiastici.
2079 3778 2249 3870 Ergo
2295 3782 2482 3849 tertia
2538 3803 2694 3873 pars

398 3877 668 3947 istarum
710 3880 1096 3970 pensionum
1136 3880 1208 3947 in
1252 3880 1656 3970 quotidianas
1705 3884 2186 3955 distributiones
2254 3889 2697 3957 convertenda

402 3988 526 4065 est3
562 3982 689 4050 nisi
714 3982 803 4082 ab·
818 4007 892 4052 ea
917 3987 1058 4075 lege
1082 3985 1452 4053 eximantur
1495 3986 1773 4077 capitula
1810 3989 2061 4071 Galliae,
2086 3992 2219 4061 sive
2257 3993 2343 4061 ob
2372 3995 2694 4065 moralem

398 4088 977 4179 impossibilitatem
1022 4114 1165 4161 eam
1197 4093 1575 4182 exequendi,
1608 4093 1741 4164 sive
1769 4098 1853 4166 ob
1882 4098 2167 4189 legitime
2206 4102 2346 4190 jam
2394 4101 2695 4191 praescri·

401 4199 578 4285 ptam
616 4199 1002 4266 contrariam
1042 4199 1600 4270 consuetudinem.
1639 4202 1707 4271 3⁰
1734 4206 1836 4272 Ad
1881 4193 2461 4297 impossibilitatem
2506 4208 2694 4298 quod

399 4301 645 4385 attinet,
676 4325 808 4370 non
832 4304 1088 4372 videtur
1113 4307 1532 4376 admittenda.
1577 4309 1786 4377 Potest
1822 4314 2144 4402 siquidem
2172 4314 2534 4406 Episcopus
2563 4313 2694 4383 sub

402 4409 609 4496 poenis
636 4414 700 4479 et
735 4411 1024 4480 censuris
1055 4411 1407 4500 quemlibet
1435 4415 1824 4484 canonicum
1850 4418 2108 4508 adigere
2133 4420 2217 4489 ad
2242 4420 2695 4512 reponendam
