2930 4982
1151 358 1233 403 ΒΕ
1279 356 1604 404 cnr-tuus.
2400 353 2516 409 321

268 504 296 543 «
320 483 379 545 et
400 479 549 567 quia
570 478 939 569 capitulum
966 477 1353 567 regulariter
1381 476 1575 544 habet
1601 477 1848 567 aliquas
1875 479 2304 568 obligationes
2328 505 2345 565 ;
2380 482 2526 550 ideo

268 588 497 658 «missa
540 587 984 655 conventualis
1044 585 1203 654 solet
1251 584 1640 674 regulariter
1691 586 1997 675 applicari
2034 590 2216 677 juxta
2257 587 2526 679 capituli

268 719 300 757 α
323 693 826 783 applicationem,
854 699 917 761 et
943 692 1216 783 proinde
1242 713 1377 759 non
1401 697 1695 759 remanet
1725 692 1928 761 libera
1956 695 2319 785 applicatio.
2359 694 2529 767 Prae-

268 824 299 862 α
325 804 505 883 terea,
539 802 695 889 quia
744 801 1045 870 canonici
1074 806 1138 868 et
1161 800 1527 869 beneficiati
1558 799 1937 891 percipiunt
1979 801 2229 869 fructus
2262 800 2530 872 canoni·

268 930 298 968 «
323 914 583 974 catuum
608 913 673 974 et
700 906 1174 974 beneficiorum
1204 908 1327 976 sub
1357 927 1554 976 onere
1572 905 1970 976 inserviendi
2001 906 2306 975 Ecclesiae
2334 908 2402 976 in
2430 930 2530 978 ce·

265 1036 296 1077 (ι
326 1012 682 1082 lebratione
708 1012 1082 1081 divinorum
1108 1014 1505 1084 officiorum.
1533 1016 1676 1085 Hoc
1696 1017 1875 1082 enirn
1905 1034 2070 1081 onus
2099 1018 2192 1081 est
2214 1032 2537 1082 annexum

263 1144 295 1182 ιι
318 1118 636 1188 beneficio
658 1146 676 1206 ;
699 1127 762 1186 et
787 1119 929 1187 ideo
946 1120 1113 1190 illud
1137 1122 1500 1213 suscipiunt
1521 1147 1596 1194 eo
1616 1124 1755 1215 ipso
1775 1121 1949 1211 quod
1978 1125 2317 1210 acceptant
2349 1119 2544 1188 bene·

262 1247 293 1286 «
321 1224 592 1306 ficium;
635 1224 789 1314 quia
816 1246 964 1292 cum
994 1226 1391 1296 beneficium
1437 1231 1626 1299 detur
1663 1233 1926 1321 propter
1968 1225 2289 1310 officium,
2347 1225 2547 1293 trahit

255 1355 289 1393 «
314 1351 546 1399 secum
569 1332 738 1399 hanc
768 1331 1248 1421 obligationem.
1264 1333 1624 1405 Celebratio
1645 1352 1864 1404 autem
1894 1334 2272 1400 divinorum
2295 1332 2545 1401 officio·

263 1460 295 1498 «
319 1457 501 1515 rum,
528 1436 743 1505 debita
766 1436 1071 1508 Ecclesiae
1091 1440 1338 1509 ratione
1350 1442 1676 1528 beneficii,
1694 1464 1827 1508 non
1842 1441 2151 1529 importat
2171 1439 2335 1505 solas
2356 1438 2550 1507 horas

264 1545 688 1629 «canonicas,
719 1543 840 1611 sed·
871 1545 1067 1613 etiam
1108 1547 1379 1614 missam
1412 1548 1911 1617 conventualem
1955 1552 2266 1634 tanquam
2299 1549 2551 1634 partem

262 1674 293 1715 «
323 1653 753 1742 praecipuam.
786 1675 822 1716 >³
862 1651 1253 1740 (Pignatelli,
1284 1654 1577 1723 Consult.
1618 1655 1776 1738 321,
1809 1661 1855 1721 t.
1894 1653 1972 1743 1.)

340 1784 373 1822 α
402 1759 727 1837 Canonici
758 1765 1056 1826 canentes
1087 1761 1356 1829 missam
1386 1762 1884 1830 conventualem
1914 1780 2035 1850 pro
2069 1780 2198 1847 qua
2232 1757 2549 1826 distribu-

263 1864 528 1934 «tiones
553 1866 941 1955 percipiunt,
977 1888 1109 1934 non
1144 1874 1414 1956 possunt
1440 1868 1639 1935 aliam
1664 1869 2143 1954 eleemosynam
2175 1867 2461 1955 recipere
2493 1870 2558 1932 et

265 1973 725 2041 «sacrificium
766 1971 949 2039 alteri
992 1973 1341 2062 applicare.
1405 1972 1541 2040 Nec
1578 1973 1831 2040 etiamsi
1872 1974 2126 2040 caderet
2182 1970 2407 2037 eadem
2454 1970 2558 2038 die

264 2079 642 2167 «obligatio
674 2078 953 2167 alicujus
990 2079 1438 2164 anniversarii,
1481 2085 1555 2145 ut
1595 2079 1852 2144 resolvit
1893 2076 2089 2144 Sacra
2129 2075 2561 2165 Congregatio

262 2211 295 2249 «
326 2185 427 2275 (in
474 2186 875 2263 Cathacensi‚
923 2184 1012 2251 29
1050 2186 1421 2251 novembris
1469 2184 1695 2274 1698).
1728 2210 1763 2247 »
1817 2182 2348 2271 (Scarsantonius,
2390 2188 2438 2247 t.
2473 2181 2559 2257 11.

254 2314 327 2379 p.
366 2288 488 2373 33,
521 2290 715 2356 editio
739 2290 1081 2373 Lucensis,
1113 2288 1339 2378 1723.)
1379 2315 1413 2355 «
1449 2290 1756 2356 Ecclesiae
1785 2291 1972 2378 jusso
2009 2308 2141 2354 non
2172 2286 2568 2377 obtemperat

268 2420 302 2458 «
329 2398 455 2485 qui
501 2416 620 2484 pro
648 2395 855 2483 legato
891 2394 1108 2483 aliquo
1148 2394 1459 2483 peculiari
1504 2393 1602 2461 vel
1643 2417 1759 2485 pro
1804 2393 2127 2484 stipendio
2161 2398 2423 2483 accepto
2463 2414 2564 2460 sa-

270 2530 304 2568 «
334 2526 534 2571 crum
552 2500 976 2570 conventuale
991 2499 1123 2568 Deo
1138 2506 1460 2591 operatur.
1493 2526 1528 2565 >³
1559 2501 1970 2593 (Benedictus
1984 2500 2162 2587 le,
2184 2502 2380 2568 instit.
2410 2500 2561 2586 107,

266 2608 404 2697 §Q
439 2632 509 2676 n.
553 2607 686 2700 15.)

355 2716 518 2785 Haec
572 2738 763 2806 porro
804 2717 1263 2784 canonicorum
1317 2715 1652 2804 obligatio,
1702 2725 2010 2804 tanquam
2064 2737 2170 2782 orn
2182 2716 2339 2780 nino
2398 2720 2569 2779 certa

260 2823 678 2890 admittenda
692 2827 786 2887 est
797 2824 1145 2910 praesertim
1164 2828 1307 2911 post
1319 2821 1569 2888 bullam
1594 2823 1761 2888 Cum
1778 2842 2033 2908 semper
2044 2820 2374 2885 Benedicti
2389 2816 2570 2899 XIV,

264 2949 435 3015 quae
452 2927 822 3016 Apostolica
851 2928 1221 2992 auctoritate
1242 2926 1622 3014 approbavit
1652 2930 1716 2991 et
1742 2925 2156 2991 confirmavit
2178 2923 2382 2991 varias
2406 2923 2579 2991 Con·

269 3033 681 3122 gregationis
719 3031 978 3098 concilii
1019 3031 1464 3111 resolutioneS,
1501 3031 1745 3118 quibus
1776 3029 2221 3096 eoecusationes
2253 3028 2346 3096 od
2373 3030 2575 3098 decli-

270 3138 589 3208 nandam
633 3137 1157 3228 apnlioationem
1196 3134 1662 3226 quotidianam
1704 3137 1921 3203 missoe
1958 3139 2408 3205 conventualis
2439 3162 2570 3230 pro

275 3244 815 3336 benefactoribus
849 3245 923 3311 in
959 3266 1214 3334 qenere,
1245 3242 1536 3334 provide
1577 3267 1612 3310 e
1656 3242 1868 3311 medio
1916 3244 2201 3312 sublatoe
2243 3248 2518 3336 fuerunt
2541 3269 2571 3331 ;

278 3377 417 3423 non
450 3358 690 3420 attenta
714 3353 904 3419 etiam
925 3351 1389 3418 immemoriali
1425 3351 1494 3417 in
1517 3352 1910 3418 contrarium
1945 3353 2429 3422 consuetudine.

371 3459 494 3529 lV.
525 3461 633 3527 An
661 3456 834 3524 idem
864 3455 1234 3542 dicendum,
1267 3455 1390 3523 ubi
1413 3456 1622 3523 nullae
1650 3458 1827 3531 fiunt
1840 3457 2245 3547 quotidianae
2260 3459 2574 3526 distribu-

286 3568 506 3634 tiones
526 3568 563 3630 ?
612 3602 702 3616 —-
753 3563 1027 3631 Videtur
1079 3564 1606 3652 respondendum
1674 3563 2079 3631 affirmative.
2156 3564 2339 3631 Valet
2392 3564 2572 3630 enim

287 3673 491 3741 etiarn
533 3678 692 3739 tunc
723 3671 885 3737 ratio
924 3691 1118 3758 supra
1155 3670 1343 3736 allata
1380 3691 1416 3736 a
1458 3669 1855 3757 Pignatel103
1897 3693 2131 3760 nempe
2167 3669 2577 3749 beneficiate,

288 3779 418 3848 hoc
439 3781 584 3868 ipso
607 3778 781 3867 quod
805 3775 1150 3866 acceptarit
1171 3775 1590 3861 beneficium,
1618 3776 1997 3844 incumbere
2015 3799 2181 3843 onus
2206 3773 2581 3840 divinorum

291 3885 682 3976 officiorum
706 3904 735 3966 ;
767 3903 961 3973 porro
992 3881 1187 3949 missa
1215 3875 1657 3948 conventualis
1687 3881 2059 3970 quotidiana
2087 3904 2166 3948 cu
2177 3872 2240 3944 m
2272 3884 2462 3947 cantu
2492 3883 2589 3946 est

295 4012 451 4078 pars
491 3996 553 4055 et
580 3988 848 4077 quidem
884 3988 1210 4077 praecipua
1244 3985 1710 4076 hujus'oneris.
1758 3986 2070 4055 Praeterea
2104 3985 2586 4056 distributiones

298 4096 357 4162 si
388 4095 471 4160 de
508 4093 673 4160 facto
701 4115 833 4160 non
870 4092 1050 4174 fiant,
1091 4091 1232 4160 fieri
1263 4097 1486 4158 tamen
1515 4091 1766 4177 dejure
1805 4090 2079 4166 debent;
2125 4095 2186 4154 et
2214 4089 2326 4159 ubi
2354 4094 2588 4162 desunt

300 4198 551 4266 reditus
567 4198 895 4288 specialeS,
909 4197 1093 4262 tertia
1110 4219 1257 4286 pars
1278 4197 1618 4263 fructuum
1639 4190 2000 4281 praebendae
2020 4193 2089 4259 in
2109 4193 2590 4269 distributiones

306 4305 745 4373 convertenda
764 4310 856 4371 est
876 4327 893 4386 ;
917 4325 1071 4390 ergo
1091 4304 1513 4370 beneficiatus
1532 4298 1853 4388 recipiens
1873 4299 2051 4367 illam
2073 4301 2320 4368 tertiam
2344 4303 2590 4390 partem

308 4409 444 4478 dici
484 4418 688 4501 potest
733 4409 1228 4478 distributiones,
1255 4408 1610 4496 percipere,
1649 4405 1898 4474 etiamsi
1938 4407 2016 4473 de
2048 4406 2214 4472 facto
2250 4405 2429 4469 illam
2463 4392 2593 4460 non'

2285 4522 2351 4564 21
