2930 4982
1171 318 1250 364 DE
1293 316 1621 367 cunnus·
2463 316 2495 370 7
2506 315 2541 370 3

267 455 414 501 eum
456 432 571 521 qui
607 438 920 522 tanquam
957 434 1169 525 prima
1206 436 1485 525 dignitas
1524 445 1616 506 est
1645 460 1877 527 praeses
1926 443 1989 506 et
2025 446 2219 530 caput
2256 440 2553 532 capituli,

258 562 381 608 non
404 561 542 606 esse
570 546 786 607 tamen
816 543 909 608 de.
924 544 980 632 ej
993 542 1219 610 usdem
1248 544 1514 634 capituli
1545 566 1833 635 corpore,
1867 545 1990 614 nisi
2017 547 2139 614 hoc
2168 547 2258 615 eis
2313 547 2556 617 tribuat

263 646 676 738 privilegium
700 654 809 714 aut
833 649 1257 716 consuetudo,
1305 648 1710 717 Existimavit
1743 652 2153 722 doctissimus
2181 652 2551 723 Thomassi-

259 775 373 820 nus
388 774 653 820 causam
672 754 1183 844 investigandam
1203 777 1337 824 esse
1356 756 1422 822 in
1454 757 1730 847 ipsomet
1757 758 2146 847 dignitatum
2184 767 2328 827 ortu
2359 767 2552 850 atque

258 858 583 950 primitiva
627 859 1050 930 institutione.
1094 861 1283 930 Initio
1314 885 1548 954 nempe
1581 865 1809 931 eadem
1859 866 2109 952 munia,
2160 888 2305 955 quae
2337 873 2553 958 postea

261 966 323 1032 in
381 965 970 1036 administrationes
1012 969 1270 1037 stabiles
1293 976 1355 1037 et
1401 970 1472 1037 in
1514 970 1860 1060 dignitates
1894 979 2107 1038 evecta
2162 980 2336 1055 sunt,
2391 972 2552 1040 nihil

257 1072 430 1140 aliud
459 1073 726 1140 fuerunt
745 1096 943 1162 quam
966 1075 1178 1143 officia
1206 1078 1506 1165 quaedam
1536 1076 1603 1143 in
1642 1076 1977 1145 servitium
2007 1079 2355 1168 temporale
2385 1079 2556 1168 capi·

259 1179 396 1263 tuli,
421 1201 569 1268 quae
612 1182 694 1248 ad
725 1186 973 1248 certum
999 1188 1251 1272 tempus
1281 1189 1343 1250 et
1366 1183 1443 1250 ad
1474 1189 1644 1251 certa
1692 1182 1946 1272 negotia
1991 1185 2259 1251 nomine
2287 1183 2557 1273 capituli

261 1288 584 1355 tractanda
638 1288 1210 1358 committebantur
1236 1289 1428 1357 etiam
1459 1290 1643 1358 laicis
1686 1295 1751 1359 et
1771 1290 2106 1358 extraneis.
2161 1289 2288 1371 Qui
2337 1298 2552 1360 autem

257 1395 414 1462 tales
437 1395 909 1464 commissiones
933 1419 970 1464 a
992 1396 1275 1487 capitulo
1303 1404 1660 1487 acceperat,
1695 1396 2269 1465 administrationis
2296 1420 2430 1465 suae
2452 1420 2551 1466 ra-

260 1502 502 1569 tionem
529 1503 874 1590 reddebat3
910 1505 988 1571 de
1031 1525 1159 1592 qua
1187 1510 1263 1571 ut
1293 1504 1653 1593 capitulum
1677 1502 1947 1571 liberius
1979 1502 2384 1590 deliberaret,
2406 1526 2557 1572 eum
2679 1543 2694 1559 =

257 1609 324 1675 in
345 1609 688 1699 capitulari
718 1615 887 1678 coetu
922 1632 1055 1678 non
1090 1610 1481 1679 admittebat.
1519 1610 1680 1691 Quae
1737 1610 2017 1678 exclusio
2042 1633 2078 1677 a
2104 1610 2384 1701 capitulo
2418 1633 2560 1696 per-

259 1716 518 1782 duravit
578 1717 769 1785 etiam
826 1723 1165 1808 postquam
1196 1718 1575 1808 hujusmodi
1613 1717 2014 1785 demandatae
2056 1716 2556 1786 administratio·

258 1842 377 1888 nes
404 1822 469 1888 in
492 1823 747 1893 stabiles
771 1832 834 1892 et
855 1825 926 1893 in
947 1825 1288 1914 dignitates
1306 1826 1641 1893 transiere.
1664 1823 1757 1892 De
1781 1846 1909 1913 quo
1938 1824 2029 1892 sic
2057 1824 2355 1892 laudatus
2377 1823 2555 1892 Tho-

257 1929 578 1996 massinus
601 1930 720 2020 (De
746 1934 951 1998 veteri
975 1944 1041 1998 et
1063 1955 1238 1998 nova
1268 1931 1453 2012 disc„
1480 1955 1545 2022 p.
1580 1954 1623 2016 ι,
1668 1931 1715 1997 l.
1744 1930 1809 2014 3,
1844 1952 1902 1997 c,
1941 1930 2051 2008 70,
2085 1953 2150 1996 n.
2188 1929 2252 2018 7)
2285 1955 2301 1997 :

352 2060 385 2099 «
416 2034 548 2114 Qui
570 2036 650 2101 ad
677 2035 926 2124 aliquas
953 2042 1208 2104 tantum
1240 2035 1827 2105 administrationes
1862 2034 1963 2102 vel
1994 2035 2359 2103 functiones
2383 2034 2554 2102 dele·

261 2167 295 2203 α
326 2140 675 2228 gabantur,
711 2143 935 2211 minus
971 2143 1219 2210 mirum
1246 2150 1382 2211 erat
1418 2165 1527 2210 eos
1554 2141 1837 2230 capitulo
1868 2140 2146 2224 excludi,
2184 2141 2300 2207 ubi
2330 2162 2560 2207 eorum

261 2273 294 2310 «
330 2248 927 2314 administrationes
951 2249 1033 2314 ad
1068 2270 1339 2314 examen
1369 2249 1791 2313 vocabantur.
1821 2248 2006 2313 Adde
2033 2247 2208 2333 quod
2242 2246 2560 2313 extraneis

257 2379 297 2416 (ι
331 2351 758 2441 quandoque,
783 2353 918 2419 imo
948 2359 1008 2418 et
1036 2351 1216 2419 laicis
1241 2353 1464 2420 eadem
1489 2352 1630 2442 ipsa
1657 2350 2246 2418 committebantur.
2264 2350 2560 2442 Denique

260 2485 294 2522 «
330 2458 435 2526 his
470 2458 980 2548 delegationibus
1007 2459 1202 2528 fiebat
1221 2466 1293 2526 ut
1329 2479 1810 2548 nonnunquam
1831 2457 2193 2527 diutissime
2215 2458 2509 2528 abessent
2534 2484 2551 2544 ;

266 2592 298 2629 «
325 2565 502 2654 quod
532 2567 856 2634 canonicis
887 2566 1160 2634 minime
1182 2566 1602 2656 congruebat.
1637 2564 1704 2632 ld
1737 2587 1942 2654 genus
1971 2568 2233 2634 fortasse
2259 2567 2555 2656 primum

271 2673 585 2739 «fuerant
610 2674 1052 2764 praepositura,
1085 2675 1667 2758 archidiaconatuS,
1700 2682 1762 2741 et
1790 2697 2286 2743 oeconomorum
2311 2675 2551 2742 officia.

274 2805 303 2843 «
325 2778 390 2847 Si
409 2802 566 2869 ergo
593 2781 928 2870 dignitates
953 2785 1033 2851 de
1060 2784 1301 2872 quibus
1333 2783 1617 2871 agimus,
1650 2781 2007 2849 arbitrariae
2039 2782 2255 2870 primo
2284 2788 2347 2847 et
2373 2803 2557 2848 revo-

147 2967 157 2977 ,
281 2888 555 2955 «cabiles
585 2888 762 2956 fuere
781 2891 1236 2979 delegationeS‚
1268 2911 1414 2977 quae
1440 2889 1706 2955 tandem
1735 2888 1806 2953 in
1838 2886 2097 2953 stabiles
2117 2886 2467 2972 aliquando
2499 2892 2562 2952 et

280 2993 778 3061 «irrevocabiles
801 2996 1119 3062 evaserint
1154 2995 1495 3081 dignitates
1536 2993 1634 3083 (ut
1666 2994 1745 3058 de
1776 2990 2250 3058 archidiaconis
2293 2991 2553 3060 validis-

282 3122 310 3161 «
331 3099 487 3168 sime
509 3122 706 3190 supra
725 3102 950 3168 multis
972 3101 1133 3168 locis
1151 3100 1666 3167 demonstratum
1684 3097 1821 3190 est),
1852 3098 1990 3165 fieri
2005 3097 2215 3188 potuit
2230 3106 2301 3165 ut
2314 3121 2559 3167 novum

284 3228 310 3265 ι(
332 3204 449 3273 hoc
487 3206 734 3273 stabilis
763 3206 1096 3295 dignitatis
1127 3205 1635 3290 incrementum,
1668 3204 2036 3271 inveteratae
2064 3224 2196 3270 non
2228 3202 2560 3292 derogaret

285 3313 808 3396 «consuetudini,
843 3336 960 3382 nec
986 3313 1065 3381 de
1096 3313 1362 3403 capituli
1391 3333 1658 3403 corpore
1688 3317 2121 3379 censerentur.
2151 3335 2184 3374 »

355 3416 487 3485 Hac
528 3424 743 3487 tamen
785 3420 1206 3509 explicatione
1250 3421 1412 3488 solvi
1455 3441 1587 3486 non
1636 3417 1890 3485 videtur
1939 3417 2290 3486 difficultas
2342 3418 2556 3507 quoad

283 3525 983 3616 archipresbyteratum,
1011 3529 1123 3595 sed
1150 3533 1404 3594 tantum
1430 3526 1649 3615 quoad
1672 3525 1829 3592 alias
1851 3524 2218 3613 dignitates.

1358 3799 1476 3874 ΞΔ·

966 3983 1034 4021 DE
1076 3979 1471 4021 PRAEROGATIVIS
1515 3975 1854 4017 DIGNITATUM

368 4165 424 4229 1⁰
442 4165 654 4233 Etiam
681 4164 797 4232 ubi
821 4186 952 4231 non
973 4167 1125 4230 sunt
1153 4162 1232 4230 de
1261 4160 1566 4253 capitu10,
1601 4158 1991 4226 antecedunt
2018 4159 2385 4238 canonicOS,
2415 4162 2561 4269 tum

290 4263 347 4331 in
371 4269 581 4356 choro,
616 4278 755 4338 turn
784 4272 852 4337 in
879 4268 1414 4359 processionibuS,
1459 4272 1596 4332 turn
1642 4268 1711 4344 in
1745 4265 1885 4334 aliis
1914 4264 2162 4333 actibus
2190 4269 2366 4330 extra
2390 4279 2565 4343 capi-

291 4373 509 4445 tulum.
557 4376 842 4467 (Cat-din.
895 4376 974 4442 de
993 4375 1194 4458 Luca,
1219 4377 1314 4440 De
1346 4394 1654 4463 procem„
1701 4373 1999 4440 discursu
2038 4369 2149 4453 19,
2190 4389 2259 4431 n.
2318 4360 2451 4445 11.)
2491 4355 2564 4422 Si
