2930 4982
1136 380 1214 428 DB
1258 377 1585 427 cunnus.
2376 373 2412 428 6
2421 373 2458 429 0
2469 375 2501 429 7

215 500 296 568 Ν.
342 506 656 582 erectum,
694 501 886 587 cujus
913 498 1198 585 collatio,
1228 498 1518 588 provisio
1547 505 1610 566 et
1645 497 2024 566 omnimoda
2059 500 2393 591 dispositio
2422 503 2504 572 ad

215 606 578 698 capitulum
613 615 908 674 nostrum
946 604 1196 695 quoties
1233 609 1416 673 vacat
1444 605 1724 695 pertinet
1753 604 1944 695 pleno
1972 607 2149 695 jure,
2186 610 2362 697 quod
2390 630 2505 678 seu

213 735 412 803 quam
452 714 533 782 N.
586 714 745 781 dum
795 714 1037 781 viveret
1081 712 1433 791 obtinebat,
1490 733 1605 801 per
1649 710 1827 778 illius
1869 711 2124 780 obitum
2162 713 2241 782 de
2282 737 2506 784 mense

212 818 294 887 N.
338 826 633 887 secutum
669 819 989 887 vacaverit
1019 825 1082 885 et
1114 840 1343 887 vacare
1384 823 1693 885 noscatur
1726 817 1807 884 ad
1837 838 2124 907 praesens
2154 841 2172 887 ε
2208 815 2339 889 Nos
2379 842 2506 889 vo-

210 926 414 994 lentes
437 926 749 994 dilectum
785 929 1081 992 nostrum
1114 923 1428 993 clericum
1459 923 1519 990 N
1527 973 1573 1006 .,
1621 925 1692 990 in
1723 926 1905 990 aetate
1943 923 2234 1012 legitima
2262 928 2506 995 consti-

209 1038 457 1111 tutum,
486 1033 661 1122 apud
694 1051 811 1098 nos
839 1030 918 1098 de
951 1030 1309 1098 litterarum
1351 1028 1645 1112 scientia,
1679 1030 1829 1097 vitae
1863 1051 1938 1097 ac
1969 1051 2234 1098 morum
2275 1031 2507 1102 hones-

209 1143 337 1205 tate
392 1137 664 1227 aliisque
729 1138 1050 1205 virtutum
1101 1136 1350 1205 meritis
1414 1136 1865 1228 multipliciter
1933 1138 2501 1222 commendatum,

212 1246 454 1312 horum
495 1245 740 1312 intuitu
785 1244 1003 1311 favore
1037 1242 1341 1333 prosequi
1380 1243 1685 1333 gratioso,
1729 1244 2127 1312 beneficium
2155 1266 2263 1312 seu
2297 1245 2509 1336 capel-

208 1350 457 1418 laniam
489 1350 582 1419 sic
619 1355 980 1434 vacantem,
1024 1373 1179 1418 cum
1222 1350 1533 1419 omnibus
1559 1350 1852 1440 juribu8‚
1884 1351 2267 1434 honoribuS,
2296 1353 2510 1419 oneri-

211 1457 340 1524 bus
379 1480 452 1524 ac
482 1458 887 1548 pertinentiis
926 1457 1085 1540 suiS,
1121 1460 1383 1547 praefato
1412 1457 1494 1526 N.
1537 1458 1912 1526 auctoritate
1942 1463 2184 1537 nostra,
2229 1464 2291 1525 et
2321 1459 2506 1526 omni

212 1564 342 1631 alio
377 1564 624 1632 meliori
639 1566 790 1654 jure
818 1585 950 1654 quo
973 1587 1343 1655 possumus,
1377 1570 1600 1632 tenore
1629 1564 2047 1654 praesentium
2082 1565 2504 1649 conferimuS,

215 1669 618 1759 assignamus
659 1692 735 1737 ac
776 1668 1234 1760 providemus:
1284 1669 1636 1760 ipsumque
1679 1667 1993 1736 clericum
2038 1667 2120 1736 N.
2169 1670 2239 1736 in
2282 1691 2510 1761 corpo-

214 1777 448 1863 ralem,
478 1776 743 1859 realem,
781 1780 842 1841 et
870 1776 1189 1842 actualem
1230 1775 1724 1866 possessionem,
1756 1796 1868 1842 seu
1907 1776 2093 1864 quasi
2122 1774 2274 1843 dicti
2313 1774 2506 1842 bene-

212 1884 376 1967 ficii,
402 1905 517 1950 seu
538 1880 934 1972 capellaniae,
950 1882 1341 1970 juriumque
1364 1886 1427 1946 et
1445 1882 1991 1970 pertinentiarum
2016 1881 2501 1971 praedictorum,

215 1990 372 2080 poni
399 1995 461 2057 et
497 1990 719 2056 induci
757 1990 1175 2072 mandamu5‚
1220 2008 1294 2052 ac
1331 1986 1639 2074 ponimus
1678 1990 1739 2051 et
1782 1986 2158 2053 inducimus
2197 2009 2311 2074 per
2346 2010 2506 2076 prae·

216 2102 426 2164 sentes
454 2120 471 2161 t
510 2116 667 2161 cum
695 2095 835 2182 jam
867 2093 1308 2182 receperimus
1337 2092 1420 2158 ab
1447 2091 1674 2159 eodem
1708 2092 1775 2158 in
1814 2092 2025 2159 forma
2054 2092 2238 2159 solita
2265 2098 2328 2159 et
2354 2115 2508 2160 con·

216 2206 390 2268 sueta
421 2202 873 2288 juramentum
914 2199 1199 2289 praestari
1243 2198 1529 2265 solitum.
1570 2197 1642 2265 ln
1674 2220 1957 2287 quorum
1987 2200 2288 2267 omnium
2326 2203 2505 2269 testi-

218 2304 518 2373 monium
561 2310 902 2396 praesentes
943 2304 1230 2396 expediri
1255 2353 1274 2380 ‚
1329 2309 1392 2370 et
1447 2303 1663 2392 sigillo
1710 2303 1975 2393 capituli
2035 2326 2153 2394 per
2207 2310 2500 2374 nostrum

213 2413 628 2480 secretarium
678 2412 924 2479 muniri
963 2412 1284 2502 jussimus
1313 2409 1434 2478 hac
1462 2410 1591 2491 die,
1626 2414 1745 2479 etc.
1782 2409 1867 2498 (et
1893 2410 2194 2500 sequitur
2222 2412 2502 2481 subscri·

219 2520 360 2587 otio
390 2520 819 2610 Diqm'tatum
847 2532 909 2587 et
949 2510 1469 2608 canonicorum).

1337 2752 1392 2810 X

547 2889 950 2938 Instrumentum
984 2887 1336 2937 installationis
1360 2888 1602 2936 canonici.
1620 2886 1800 2949 ·(Apud
1824 2886 2145 2947 Barbosam.)

297 3037 370 3106 ln
398 3036 663 3105 nomine
696 3035 988 3103 Domini.
1034 3035 1271 3103 Amen.
1316 3033 1440 3102 Per
1477 3036 1604 3102 hoc
1647 3056 1926 3125 praesens
1967 3035 2312 3125 publicum
2356 3057 2503 3126 pos-

204 3146 507 3214 sessionis
546 3144 1057 3210 instrumentum
1087 3141 1428 3209 notumsit
1455 3141 1631 3230 quod
1662 3163 1917 3208 anno...
1960 3141 2143 3207 die...
2188 3163 2496 3210 mense...

206 3273 425 3320 coram
458 3248 936 3317 venerabilibus
972 3253 1034 3316 et
1063 3248 1556 3340 circumspectis
1593 3246 1749 3314 viris
1777 3246 2077 3314 Dominis
2114 3245 2195 3314 N.
2230 3247 2497 3335 decano,

207 3364 401 3448 atque
430 3356 511 3424 N.
545 3356 627 3424 N.
657 3361 718 3424 et
761 3354 839 3423 N.
875 3355 1206 3424 canonicis
1247 3353 1536 3431 ecclesiae
1567 3352 1950 3421 cathedralis
1988 3351 2048 3420 N
2056 3403 2189 3420 .....
2245 3356 2315 3421 in
2358 3355 2501 3424 loco

208 3462 550 3555 capitulari
582 3461 767 3528 dictae
795 3462 1101 3544 ecclesiae,
1140 3465 1398 3552 propter
1425 3465 1490 3527 et
1517 3462 1598 3527 ad
1628 3460 2040 3549 infrascripta
2061 3460 2502 3550 capitulariter

207 3569 641 3659 congregatiS,
674 3572 863 3654 atque
895 3567 1256 3656 capitulum
1296 3568 1501 3656 ipsius
1536 3567 1818 3634 ecclesiae
1850 3564 1904 3632 N
1917 3615 2049 3632 .....
2085 3566 2495 3650 facientibuS,

205 3683 268 3745 et
291 3673 787 3765 repraesentatiS,
813 3672 880 3736 in
909 3693 1050 3738 mea
1076 3672 1308 3739 notarii
1339 3671 1617 3761 publici,
1650 3672 2040 3759 testiumque
2059 3670 2501 3761 infrascripto-

204 3804 357 3849 rum
380 3778 720 3869 praesentia
736 3776 1149 3867 personaliter
1164 3778 1551 3845 constitutus
1572 3774 1971 3843 honorabilis
1996 3774 2095 3841 vir
2109 3773 2188 3842 D.
2208 3773 2287 3843 N.
2319 3777 2501 3867 prin·

204 3886 433 3978 cipalis
473 3906 592 3976 pro
632 3905 697 3950 se
737 3882 879 3974 ipso
913 3883 1175 3974 publice
1219 3883 1380 3952 dixit
1422 3889 1485 3950 et
1523 3881 1839 3974 exposuit,
1884 3881 2058 3970 quod
2105 3903 2314 3972 nuper
2355 3883 2498 3952 talis

201 3988 512 4078 dignitaS,
552 4011 666 4057 seu
704 3989 1120 4058 canonicatus
1148 3995 1211 4057 et
1250 3988 1598 4081 praebenda
1624 3988 1695 4055 in
1723 3987 1895 4054 dicta
1930 3987 2194 4054 ecclesia
2232 3986 2294 4055 N
2300 4040 2345 4069 .,
2381 4013 2499 4080 per

203 4102 483 4164 mortem
523 4096 855 4184 quondam
908 4095 988 4163 N.
1051 4096 1268 4164 ultimi
1313 4094 1694 4164 eorumdem
1735 4092 2176 4180 canonicatuS,
2223 4100 2287 4162 et
2332 4118 2495 4186 prae-

202 4201 456 4283 bendae,
493 4222 606 4268 seu
642 4202 970 4292 dignitatis
1000 4201 1082 4270 N.
1121 4203 1282 4270 dum
1319 4203 1476 4269 vixit
1515 4200 1894 4293 possessoris
1913 4207 2104 4293 ‘extra
2133 4201 2495 4270 Romanam

205 4306 473 4376 Curiam
504 4308 792 4377 defuncti
816 4311 1078 4398 vacarit,
1113 4315 1176 4377 et
1194 4311 1273 4379 de
1295 4310 1548 4391 eadem,
1578 4315 1690 4376 aut
1715 4308 1795 4376 de
1824 4307 2068 4377 eisdem
2096 4331 2211 4401 per
2230 4309 2311 4377 N.
2345 4308 2487 4376 N..

204 4413 532 4504 provideri
567 4415 871 4499 obtinuit,
910 4423 1106 4508 prout
1144 4416 1218 4485 in
1253 4417 1485 4502 litteris
1516 4415 1896 4508 provisionis
1937 4417 2183 4485 ibidem
2230 4416 2301 4482 in
2348 4437 2495 4484 me-
