2930 4982
423 354 494 407 51
514 353 547 407 ὓ
1391 355 1735 403 TRAGTATUS

431 508 465 546 c<
496 480 687 546 creati
721 479 981 546 fuerint.
1019 476 1220 545 Prout
1248 477 1728 544 licentiatorum
1761 478 2028 543 nomine
2063 478 2335 543 veniunt
2361 476 2582 543 solum
2609 475 2712 545 illi

429 612 461 649 «
491 586 602 675 qui
632 586 867 674 pariter
896 607 931 650 a
963 583 1228 674 publica
1259 583 1674 650 universitate
1700 583 1802 650 vel
1831 582 2102 671 collegio
2129 583 2332 673 (juxta
2359 583 2712 671 regionum

424 718 458 759 «
485 713 696 759 mores
759 713 834 758 ac
903 688 1121 779 stylos)
1196 689 1610 758 licentiatura
1677 697 1989 779 tanquam
2055 689 2262 776 gradu
2329 689 2707 758 solemniter

423 797 767 864 «decorati
798 797 974 876 sint3
1017 801 1089 861 ut
1129 796 1491 885 praesertim
1521 795 1842 883 contingit
1877 796 1945 860 in
1979 792 2317 882 Hispania,
2351 793 2468 861 ubi
2506 796 2707 863 licen-

420 927 456 967 «
487 904 722 969 tiatura
753 902 931 968 illam
963 900 1152 967 habet
1186 899 1544 988 imaginem
1573 898 1675 966 vel
1713 899 1997 988 speciem
2026 920 2224 986 quam
2255 899 2451 967 habet
2484 901 2707 968 docto-

377 994 392 1007 ’
423 1032 458 1071 α
485 1015 665 1074 ratus
693 1007 760 1073 in
797 1006 1052 1073 ltalia...
1089 1005 1361 1094 Ideoque
1385 1006 1537 1072 licet
1564 1005 1629 1071 in
1657 1004 1837 1071 Italia
1864 1005 1965 1071 illi
1989 1005 2103 1094 qui
2133 1005 2363 1071 studiis
2389 1006 2460 1071 in
2487 1006 2703 1094 aliqua

424 1139 458 1178 κ
486 1112 901 1180 universitate
936 1113 1377 1178 vacaverint...
1413 1111 1497 1178 ab
1523 1109 1744 1199 aliquo
1775 1111 2081 1199 magistro
2109 1110 2444 1177 licentiam
2475 1133 2697 1202 repor-

421 1243 457 1283 «
484 1222 705 1285 tentet
752 1217 953 1306 vulgo
987 1217 1295 1284 licentiati
1344 1215 2035 1305 nuncuparisoleant,
2083 1236 2228 1281 vere
2273 1220 2496 1282 tamen
2547 1216 2698 1284 tales

417 1348 452 1389 «
484 1346 616 1392 non
639 1329 818 1410 sunt,
846 1345 1056 1412 neque
1086 1322 1256 1389 istud
1294 1322 1632 1390 decretum
1660 1343 1765 1389 eos
1793 1320 2268 1412 complectitur.

509 1456 544 1495 ι(
568 1428 945 1497 Doctoratus
969 1435 1186 1497 autem
1206 1431 1274 1495 in
1303 1429 1446 1496 aliis
1470 1428 1778 1511 scientiis,
1808 1429 2003 1495 etiam
2033 1428 2103 1494 in
2127 1450 2307 1495 sacra
2346 1428 2689 1519 theologia,

415 1561 452 1603 «
481 1537 550 1604 in
565 1538 686 1604 hoc
708 1537 1031 1627 proposito
1056 1559 1189 1604 non
1218 1536 1493 1603 habetur
1510 1529 1583 1602 ih·
1604 1528 2137 1603 consideratione.
2163 1560 2195 1599 >³
2227 1534 2316 1601 lta
2339 1534 2698 1605 Cardinalis

404 1644 484 1712 de
506 1643 683 1711 Luca
718 1643 1229 1732 (Adnotatz'ones
1244 1642 1593 1732 practicae,
1625 1642 1925 1709 discursu
1954 1640 2065 1724 31,
2096 1640 2166 1706 in
2197 1641 2327 1708 fine
2351 1641 2495 1709 libri
2519 1641 2682 1734 xiv).

491 1749 577 1818 V.
606 1750 863 1817 Titulus
901 1750 1177 1817 doctoris
1203 1749 1303 1816 vel
1330 1750 1648 1816 licentiati
1678 1749 1750 1815 in
1778 1747 2223 1833 facultatibuS‚
2257 1748 2661 1836 qualesnunc

401 1860 617 1923 extant
661 1857 730 1923 in
771 1855 1004 1935 Gallia,
1045 1855 1374 1935 obtentuS,
1417 1855 1499 1923 ad
1541 1853 2069 1922 satisfaciendum
2120 1853 2252 1941 legi
2296 1854 2694 1924 Tridentinae

400 1962 950 2055 prorsusinutilis
988 1967 1101 2029 est.
1147 2000 1240 2012 —
1277 1961 1447 2029 Nam
1493 1961 1825 2029 facultates
1872 1961 2249 2050 hujusmodi
2288 1983 2425 2029 non
2473 1970 2692 2031 ereetae

400 2072 556 2134 sunt
586 2070 962 2136 auctoritate
1001 2068 1365 2154 Pontificia,
1403 2068 1513 2136 sed
1542 2073 1795 2136 tantum
1825 2067 2198 2134 auctoritate
2241 2069 2457 2152 civili;
2497 2071 2586 2137 ita
2625 2076 2690 2136 ut

397 2173 636 2262 gradus
667 2175 877 2262 quiin
902 2176 1056 2265 ipsis
1086 2176 1464 2243 obtinentur
1495 2174 1578 2242 ab
1607 2174 1830 2241 eadem
1852 2175 2227 2241 auctoritate
2241 2173 2421 2241 civili
2442 2198 2686 2261 proma·

396 2285 577 2348 nent.
608 2279 741 2348 Nec
776 2283 985 2349 existit
1010 2283 1078 2349 in
1111 2282 1320 2349 Gallia
1348 2282 1734 2349 universitas
1763 2279 2132 2348 studiorum
2163 2281 2508 2364 canonica,
2545 2304 2687 2350 cum

393 2386 540 2453 talis
573 2386 838 2453 existere
866 2393 1166 2475 nequeat,
1201 2387 1324 2454 nisi
1359 2388 1736 2455 auctoritate
1784 2385 2045 2454 Summi
2080 2384 2419 2453 Pontificis
2457 2389 2686 2455 consti-

392 2497 644 2571 tuatur;
678 2494 788 2561 sed
818 2496 1028 2561 existit
1051 2501 1306 2562 tantum
1345 2496 1563 2584 aliqua
1592 2494 1963 2562 studiorum
1989 2493 2256 2583 publica
2280 2494 2626 2572 ordinatiO,
2646 2514 2682 2560 a

389 2601 693 2687 potestate
733 2599 908 2664 civili
939 2599 1210 2682 decreta,
1254 2607 1314 2665 et
1348 2601 1789 2668 universitatis
1822 2599 2092 2667 nomine
2135 2600 2446 2667 decorata.
2495 2598 2679 2666 Unde

389 2701 698 2790 gradibus
719 2703 785 2769 in
810 2703 1134 2792 praedictis
1152 2703 1379 2771 Galliae
1397 2705 1815 2772 facultatibus
1835 2704 2146 2786 obtentiS‚
2178 2704 2433 2771 omnino
2468 2703 2678 2793 appli-

389 2810 674 2875 candum
724 2810 902 2877 venit
922 2809 1097 2897 quod
1123 2810 1200 2877 de
1226 2811 1553 2899 graduatis
1583 2833 1618 2878 a
1643 2809 1893 2879 Caesare
1911 2811 2110 2878 velex
2138 2810 2388 2877 indulto
2409 2809 2679 2877 Caesaris

389 2918 612 2980 tenent
639 2917 1076 2983 communiter
1095 2916 1481 3003 canonistae3
1514 2917 1683 2984 inter
1707 2938 1869 3005 quos
1894 2912 2263 2982 Leurenius
2298 2914 2418 3005 (De
2437 2917 2672 3006 capit„

391 3015 537 3084 sede
566 3040 739 3100 vae„
773 3042 830 3087 c.
866 3021 935 3107 4,
969 3028 1192 3109 quaest.
1227 3019 1410 3111 557),
1444 3026 1787 3111 postquam
1823 3018 2104 3087 ostendit
2134 3040 2269 3086 non
2298 3019 2512 3086 valere
2537 3042 2675 3108 gra-

392 3124 514 3192 dus
552 3147 625 3191 ex
674 3125 1017 3215 privilegio
1063 3126 1381 3213 obtentOS‚
1415 3127 1510 3194 sic
1551 3126 1730 3193 addit
1770 3149 1787 3193 τ
1839 3124 2083 3192 «Idem
2122 3127 2187 3189 et
2220 3123 2436 3193 multo
2473 3125 2673 3212 magis

402 3253 436 3293 «
465 3229 814 3298 dicendum
842 3233 918 3298 de
950 3231 1276 3319 graduatis
1304 3232 1386 3299 ab
1407 3232 1760 3300 indultario
1786 3231 2005 3319 aliquo
2031 3228 2237 3317 ipsius
2267 3229 2561 3318 Caesaris,
2579 3231 2675 3298 vel

401 3334 651 3399 «etiam
688 3335 769 3402 ab
799 3338 1074 3425 ipsomet
1099 3336 1364 3405 Caesare.
1410 3337 1558 3405 Non
1586 3337 1800 3404 solum
1827 3337 1981 3425 quia
2019 3342 2313 3424 respectu
2361 3338 2670 3404 facultatis

402 3462 436 3503 «
464 3438 836 3527 theologicae
892 3447 954 3507 et
992 3443 1162 3530 juris
1216 3443 1515 3509 canonici
1571 3441 1757 3532 (quos
1807 3442 2139 3510 dumtaxat
2194 3444 2555 3512 concilium
2616 3449 2670 3509 et

399 3571 434 3612 α
461 3545 744 3635 pontifex
812 3545 1193 3636 considerat)
1249 3546 1461 3614 deficit
1506 3546 1686 3614 illius
1732 3549 2100 3634 auctoritem,
2151 3549 2263 3617 sed
2314 3550 2473 3638 quia
2521 3568 2666 3636 quos

400 3652 630 3744 «Papa
682 3652 1050 3721 inhabilitat
1088 3654 1159 3720 in
1205 3654 1473 3721 materia
1520 3653 1643 3721 sibi
1690 3654 2004 3743 subjecta,
2052 3678 2185 3724 non
2227 3661 2435 3745 potest
2475 3655 2665 3723 Caesar

396 3785 431 3826 «
455 3762 823 3849 habilitare3
864 3762 1116 3828 etiamsi
1149 3761 1529 3829 admittatur
1571 3765 1788 3865 actum
1822 3761 2206 3828 doctorandi
2250 3784 2386 3828 esse
2432 3761 2666 3828 volun-

396 3893 431 3934 «
462 3871 634 3937 tariae
668 3869 1169 3959 Jurisdictionis3
1215 3874 1537 3957 quatenus
1582 3868 1761 3935 enim
1808 3874 2244 3935 removeretur
2291 3867 2658 3935 inhabilitas

393 3992 430 4034 a
461 3970 722 4040 inducta
759 3995 871 4063 per
900 3972 1167 4063 Papam,
1199 3982 1361 4037 esset
1387 3969 1801 4037 contentiosa.
1832 3993 1866 4032 »
1904 3968 2084 4037 Idem
2113 3969 2350 4037 docent
2377 3970 2664 4037 Lotterus

385 4081 446 4143 et
477 4075 743 4148 Felinus
788 4081 868 4148 ad
905 4104 1065 4171 quos
1095 4078 1361 4147 remittit
1401 4075 1630 4145 citatus
1659 4080 1904 4144 auctor.
1958 4075 2030 4143 Si
2076 4097 2231 4163 ergo
2269 4075 2420 4143 sede
2450 4076 2660 4164 aliqua

386 4188 647 4253 vacante
688 4186 756 4249 in
786 4186 1021 4276 Gallia,
1051 4189 1142 4255 ibi
1173 4191 1384 4254 extent
1413 4184 1552 4252 veri
1586 4184 1880 4251 doctores
1914 4183 2016 4251 vel
2056 4182 2368 4250 licentiati
2409 4183 2479 4248 in
2520 4184 2658 4270 jure

386 4289 718 4372 canonico,
740 4293 803 4355 et
828 4295 1219 4380 caeteroquin
1242 4293 1322 4360 ad
1348 4312 1593 4358 munus
1612 4289 1842 4357 vicarii
1862 4288 2244 4378 ‘capitularis
2268 4287 2514 4365 idonei,
2537 4306 2657 4353 non

384 4405 585 4484 potest
614 4394 905 4484 deputari
933 4396 1167 4483 aliquis
1198 4397 1551 4484 graduatus
1573 4400 1826 4463 tantum
1856 4396 1925 4463 in
1954 4392 2367 4463 facultatibus
2397 4392 2652 4460 hodier-
