2930 4982
311 325 335 377 1
353 324 388 378 2
397 323 432 377 8
1283 323 1623 373 TRAC'rnus

1388 587 1502 667 §1

311 786 733 841 PRAEMITTUNJUR
759 783 995 831 QUAEnAu
1021 781 1346 822 nocquNTA
1372 780 1442 820 Ex
1472 780 1665 826 QUIBUS
1692 780 2060 820 DETERMINARI
2093 778 2300 819 VALEAT
2327 778 2417 818 ms
2446 778 2600 819 CIRCA

1126 879 1221 919 rm]
1231 878 1427 919 usuom
1476 878 1775 920 CANONICOS

400 1074 451 1142 Ι.
482 1071 802 1140 Doctrina
838 1070 1166 1160 Faqnani.
1205 1107 1297 1121 —
1339 1093 1376 1134 «
1403 1068 1650 1137 Nota...
1697 1068 1957 1136 licitum
2006 1085 2141 1135 esse
2168 1066 2458 1155 recipere
2488 1067 2598 1133 ali-

324 1207 357 1245 «
394 1201 590 1269 quem
644 1178 712 1244 in
754 1178 1145 1246 canonicum
1193 1176 1332 1243 sine
1377 1176 1696 1243 beneficio
1720 1195 1833 1242 seu
1877 1173 2249 1264 praebenda.
2288 1171 2600 1253 Quamvis

325 1308 357 1348 «
387 1285 565 1352 enim
600 1283 950 1351 canonicus
990 1305 1123 1351 esse
1162 1302 1293 1350 non
1327 1282 1529 1372 possit
1557 1283 1696 1348 sine
1734 1302 1846 1370 spe
1890 1284 1953 1347 et
1998 1278 2466 1369 exspectatione
2490 1277 2601 1345 fu-

324 1416 358 1454 «
383 1399 546 1459 turae
569 1389 953 1481 praebendae,
976 1394 1192 1456 tamen
1213 1387 1483 1455 actualis
1506 1385 1851 1478 praebenda
1880 1408 2013 1454 non
2037 1391 2131 1454 est
2149 1386 2228 1453 de
2252 1385 2603 1453 substantia

326 1522 361 1561 «
389 1496 828 1564 canonicatus.
862 1492 1132 1562 Declara
1150 1494 1375 1585 primo
1403 1492 1779 1584 praedictam
1808 1491 2325 1578 conclusionem,
2350 1499 2424 1557 ut
2446 1512 2604 1580 pro-

328 1628 360 1666 «
390 1603 571 1671 cedat
598 1600 956 1669 dummodo
980 1601 1259 1690 receptio
1303 1599 1373 1666 in
1399 1599 1790 1667 canonicum
1815 1597 1955 1666 sine
1983 1597 2333 1689 praebenda
2371 1597 2495 1687 fiat
2518 1618 2601 1664 ex

329 1734 361 1772 «
403 1729 648 1788 causa;
678 1712 858 1797 puta,
896 1712 973 1774 ut
998 1712 1291 1797 receptus
1318 1706 1690 1773 instituatur
1718 1705 1789 1772 in
1819 1705 2115 1773 moribus
2144 1710 2206 1773 et
2232 1704 2463 1772 officiis
2505 1726 2604 1773 ec-

329 1840 363 1878 «
392 1812 785 1895 clesiasticis,
818 1818 879 1880 et
906 1812 1212 1880 inserviat
1247 1811 1578 1903 prioribus
1628 1818 1690 1880 et
1717 1811 2001 1902 antiquis
2030 1811 2364 1880 canonicis
2403 1815 2468 1877 et
2502 1832 2607 1880 ec-

328 1947 362 1985 «
395 1920 626 1987 clesiae.
681 1918 996 2008 Alioquin
1036 1918 1350 2009 Superior
1393 1940 1469 1986 ex
1522 1918 1737 1987 officio
1774 1918 2083 2002 cassabit3
2136 1917 2506 2010 praesertim
2552 1917 2606 1986 si

327 2051 361 2090 «
394 2026 589 2093 multi
613 2025 706 2092 sic
734 2024 974 2123 fuerint
1000 2025 1238 2115 recepti
1265 2023 1672 2114 (HostiensiS,
1708 2046 1776 2092 n.
1807 2023 1873 2110 6,
1905 2025 1976 2090 in
2000 2046 2057 2091 c.
2101 2024 2271 2091 Cum
2299 2024 2603 2107 dilectuS,

332 2159 365 2197 «
407 2132 501 2200 De
528 2130 918 2223 praebend),
968 2132 1085 2200 ubi
1136 2133 1224 2199 ait
1251 2153 1385 2199 non
1412 2130 1921 2219 multosgdebere
1950 2131 2041 2198 sic
2069 2130 2298 2220 recipi,
2352 2152 2435 2197 ne
2485 2131 2607 2197 hoc

331 2267 364 2304 «
401 2239 618 2307 tendat
645 2239 713 2306 in
747 2238 1025 2307 dedecus
1042 2237 1366 2308 Ecclesiae.
1398 2238 1569 2320 Quot
1591 2243 1809 2306 autem
1830 2237 2031 2329 recipi
2049 2237 2316 2328 possint,
2352 2243 2414 2305 et
2440 2258 2608 2326 qua-

332 2368 366 2406 «
393 2344 471 2411 lis
523 2345 849 2434 proportio
891 2345 960 2411 in
990 2344 1114 2412 hoc
1148 2345 1371 2412 haberi
1413 2345 1639 2412 debeat
1675 2347 1755 2413 ad
1802 2367 2155 2413 numerum
2190 2344 2608 2434 antiquorum

335 2476 366 2514 «
397 2449 888 2534 canonicorum,
928 2449 1073 2518 vide
1097 2449 1208 2518 hic
1235 2472 1351 2542 per
1372 2450 1694 2521 Joannem
1722 2451 2050 2520 Andream
2091 2472 2158 2517 n.
2200 2450 2302 2516 12.
2341 2449 2612 2518 Declara

333 2582 367 2619 «
403 2554 707 2640 secunde,
741 2555 1038 2622 eamdem
1080 2558 1592 2644 conclusionem,
1640 2565 1713 2626 ut
1738 2559 1960 2627 locum
1992 2578 2127 2624 non
2155 2556 2385 2622 habeat
2428 2554 2484 2622 si
2510 2577 2609 2623 re-

334 2689 368 2727 «
397 2660 604 2752 ceptio
634 2662 701 2727 in
728 2661 1121 2729 canonicum
1147 2662 1329 2730 fieret
1355 2685 1509 2732 cum
1535 2670 1722 2755 pacto
1741 2670 1817 2732 ut
1843 2667 2137 2753 receptus
2168 2681 2287 2727 nec
2314 2660 2393 2727 de
2418 2679 2609 2727 cano-

336 2796 369 2835 «
400 2770 530 2848 nia,
560 2789 679 2835 nec
702 2769 781 2836 de
805 2768 1194 2859 praebendis,
1223 2791 1344 2838 nec
1370 2771 1448 2839 de
1487 2774 1953 2841 communibus
1975 2771 2394 2863 proventibus
2416 2769 2610 2862 quid-

337 2899 369 2938 «
394 2896 595 2964 quam
623 2875 999 2964 perciperet.
1049 2874 1244 2942 Fallit
1270 2875 1396 2943 hoc
1427 2878 1482 2945 si
1538 2879 1712 2969 Papa
1752 2879 1941 2946 vellet
1985 2878 2189 2945 facere
2223 2878 2609 2944 canonicum

335 3005 369 3044 «
397 2980 848 3063 honorarium,
871 2987 944 3048 ut
969 2987 1144 3049 notat
1176 2981 1533 3052 Hostiensis
1560 2985 1656 3075 (in
1685 3006 1742 3052 c.
1776 2985 1839 3067 1,
1864 3007 1931 3051 n.
1964 2986 2027 3070 1,
2051 2981 2325 3050 infraDe
2349 2978 2608 3069 instit.),

337 3114 370 3151 «
398 3085 614 3152 dicens
641 3084 845 3157 videri
875 3088 1326 3177 corrigendam
1363 3090 1645 3159 formam
1671 3091 2031 3158 litterarum
2060 3088 2607 3179 Apostolicarum‚

337 3192 633 3282 «quibus
662 3192 1006 3260 mandatur
1023 3194 1311 3283 quotidie
1334 3202 1409 3263 ut
1434 3197 1670 3286 aliquis
1693 3197 2066 3286 recipiatur,
2091 3196 2242 3263 licet
2265 3194 2610 3285 praebenda

340 3322 373 3361 «
401 3317 532 3362 non
554 3301 766 3377 vacet3
813 3296 940 3364 nisi
964 3297 1135 3388 Papa
1164 3300 1311 3366 velit
1338 3300 1546 3368 facere
1570 3301 1913 3369 canonicos
1940 3300 2341 3368 honorarius.
2380 3297 2610 3367 Subdit

339 3427 374 3466 «
404 3408 670 3469 tamen:
726 3402 1065 3493 Quidquid
1102 3407 1489 3493 sentiamus,
1528 3430 1662 3475 non
1698 3429 2053 3500 possumus
2103 3406 2371 3497 (scilicet
2414 3406 2613 3474 corri-

340 3532 372 3570 «
401 3506 602 3597 gere),
635 3506 794 3597 quia
821 3530 954 3575 non
976 3507 1280 3578 debemus
1306 3534 1560 3603 ponere
1584 3534 1653 3580 os
1696 3513 1767 3579 in
1798 3512 2064 3579 coelum.
2108 3511 2212 3579 Ad
2254 3512 2429 3601 quod
2469 3510 2612 3579 vide

337 3637 370 3676 «
400 3613 573 3702 quod
599 3613 677 3681 de
705 3613 809 3681 his
837 3614 1320 3686 canonicatibus
1342 3624 1403 3684 et
1430 3618 1849 3707 dignitatibus
1868 3617 2231 3685 honorariis
2254 3624 2317 3684 et
2338 3615 2613 3683 ventosis

336 3743 370 3783 «
399 3719 627 3810 scripsi
660 3719 731 3789 in
755 3726 948 3811 caput
975 3719 1087 3788 Ad
1108 3722 1271 3804 luce,
1312 3721 1408 3790 De
1436 3724 1823 3814 praebendis,
1856 3747 1924 3794 n.
1963 3724 2072 3791 22.
2104 3751 2137 3791 »
2187 3723 2331 3811 (1n1
2364 3729 2612 3813 partem

331 3826 499 3891 tertii
521 3827 934 3895 decretalium
962 3850 1020 3896 c.
1050 3828 1369 3916 Dilectus,
1403 3828 1497 3897 De
1520 3832 1907 3922 praebendis,
1932 3853 1998 3898 n.
2038 3830 2105 3914 8,
2131 3831 2172 3899 9
2195 3835 2258 3897 et
2287 3815 2423 3918 10.)

421 3927 500 3995 ll.
556 3929 898 4019 Eoecerpta
939 3955 972 3998 e
1028 3931 1329 3999 thesauro
1389 3935 1870 4024 resolutionum
1928 3939 2003 4005 S.
2066 3935 2614 4030 Conqreqationis

332 4032 610 4101 concilii.
632 4034 860 4103 —Die
888 4037 929 4104 6
960 4038 1218 4127 augusti
1255 4038 1426 4107 1808
1462 4041 1535 4106 in
1568 4042 1763 4111 Sacra
1794 4044 2306 4134 Congregatione
2348 4042 2611 4111 concilii

330 4139 730 4207 examinatus
781 4146 845 4208 et
902 4142 1226 4213 discussus
1280 4146 1403 4214 fuit
1452 4168 1640 4216 casus
1692 4170 1962 4240 sequens
2009 4150 2185 4217 circa
2231 4150 2613 4218 honorarios

331 4265 675 4313 canonicos
703 4272 719 4314 :

426 4378 461 4417 «
483 4351 731 4478 Rogatu
743 4353 1006 4444 capituli
1022 4355 1370 4445 collegiatae
1385 4358 1601 4428 Sancti
1609 4361 1788 4430 ssimi
1807 4360 2152 4431 Salvatoris
2168 4362 2441 4432 civitatis
2460 4362 2613 4433 Ful-
