2930 4982
1179 350 1260 396 DE
1305 350 1633 398 csrt'ruus.
2421 344 2491 400 41
2512 345 2548 400 5

279 478 562 540 «rantur
589 477 664 539 ut
717 471 1025 558 singulae,
1060 492 1178 539 nec
1223 471 1294 538 in
1356 492 1568 537 unum
1616 492 1847 561 corpus
1875 472 2267 556 coalescunt,
2298 472 2445 540 licet
2477 495 2549 542 ex

274 603 305 642 ι(
333 578 547 666 aliqua
593 580 771 666 justa
802 598 994 645 causa
1047 578 1117 644 in
1169 599 1381 645 unum
1439 578 1783 646 convenire
1816 579 2059 669 possint
2085 584 2147 647 et
2190 580 2545 669 quamdam

277 684 818 751 «universitatem
846 688 1327 771 repraesentare.
1364 710 1398 747 »

1351 965 1456 1043 §3

261 1141 417 1179 CASUS
455 1139 872 1180 EXCEPTIONALIS
910 1139 1015 1185 QUO
1054 1139 1165 1177 ALII
1201 1139 1271 1177 DE
1308 1140 1477 1177 CLERO
1526 1139 1741 1177 PRAETER
1799 1140 2104 1180 carneum
2155 1139 2392 1178 rosscN'r
2428 1139 2550 1180 SESE

881 1235 1231 1273 CONGREGARE
1257 1235 1380 1273 SINE
1408 1235 1654 1273 LICENTIA
1686 1235 1916 1274 EPISCOI'I

295 1404 306 1412 ⁸
348 1438 380 1472 α
415 1412 757 1495 QuamviS‚
793 1417 871 1478 ut
899 1411 1343 1502 praediximus,
1374 1432 1631 1501 semper
1651 1411 1735 1479 sit
1778 1413 2179 1481 necessarius
2203 1417 2549 1505 superioris

265 1541 647 1601 «assensus,
670 1520 794 1586 hoc
818 1524 1034 1586 tamen
1053 1517 1212 1584 fallit
1240 1517 1782 1606 quotiescumque
1799 1524 2097 1606 ageretur
2124 1518 2202 1586 de
2232 1521 2552 1590 coaduna-

266 1624 496 1691 «tione
544 1623 839 1690 facienda
889 1644 1084 1713 super
1141 1623 1402 1711 negotio
1448 1628 1751 1711 tangente
1781 1622 2088 1691 interesse
2120 1625 2328 1714 ipsius
2358 1647 2549 1718 supe·

262 1755 294 1793 «
320 1728 544 1813 rioris,
576 1728 779 1794 veluti
808 1728 887 1795 de
920 1727 1357 1818 promovenda
1398 1727 1510 1795 lite
1554 1733 1779 1796 contra
1806 1727 2117 1795 eumdem
2148 1752 2165 1811 ;
2200 1731 2358 1818 quia
2392 1738 2547 1801 tunc

263 1860 294 1898 «
321 1833 588 1902 licentia
625 1833 844 1924 petita,
898 1834 1048 1902 licet
1090 1855 1224 1901 non
1284 1833 1567 1910 obtenta,
1621 1840 1882 1924 possent
1919 1834 2153 1902 haberi
2189 1856 2547 1924 congrega·

264 1944 532 2009 «tiones
557 1962 672 2031 per
699 1940 974 2023 clerum,
1003 1940 1155 2027 ,sive
1206 1940 1365 2006 alias
1411 1960 1714 2027 personas
1768 1960 1846 2005 ex
1898 1940 2122 2007 eodem
2174 1941 2346 2008 clero
2400 1964 2545 2029 quae

261 2072 295 2112 ε(
324 2048 715 2136 regulariter
743 2052 1058 2135 tanquam
1087 2043 1364 2133 singulae
1400 2042 1935 2131 considerantur;
1967 2045 2121 2133 quia
2146 2045 2216 2113 in
2242 2046 2368 2113 hoc
2396 2068 2551 2114 casu

264 2179 299 2216 (ι
327 2153 506 2219 idem
531 2158 691 2220 esset
713 2153 1030 2241 denegare
1054 2150 1423 2218 facultatem
1447 2171 1583 2219 sese
1608 2149 2051 2237 congregandi
2074 2172 2147 2217 ac
2177 2152 2551 2238 extinguere

266 2284 303 2323 «
330 2257 561 2346 litem(
587 2258 905 2345 AlciatuS,
953 2278 1134 2324 cons.
1194 2256 1345 2340 103,
1405 2278 1477 2322 n.
1518 2256 1585 2338 2,
1622 2255 1669 2321 l.
1706 2254 1796 2337 V,
1839 2290 1927 2305 --
1956 2276 2111 2322 cum
2156 2255 2326 2341 aliis,
2379 2257 2553 2348 apud

262 2363 585 2448 «Rotam,
639 2364 839 2432 deciS.
886 2363 1139 2450 148,n.
1178 2361 1245 2445 2,
1294 2367 1477 2451 parte
1506 2383 1621 2441 vu,
1657 2359 1956 2450 recent.),
2000 2366 2062 2428 et
2118 2362 2210 2429 sic
2246 2362 2553 2433 indirecte

261 2497 298 2537 «
327 2456 615 2540 adimere
642 2471 816 2541 clero
840 2469 1110 2538 modum
1132 2466 1501 2560 appellandi
1531 2490 1606 2537 ac
1645 2467 2022 2536 recurrendi
2069 2467 2149 2536 ad
2192 2470 2551 2559 superiores

264 2578 529 2667 «ipsius
572 2577 905 2669 Episcopi,
965 2597 1081 2665 pro
1144 2573 1522 2664 reparandis
1591 2573 2109 2661 gravaminibuS‚
2154 2573 2281 2641 sibi
2331 2574 2547 2643 forsan

266 2706 301 2746 «
328 2703 481 2748 cum
509 2681 1074 2750 constitutionibus
1095 2679 1227 2746 sive
1243 2678 1468 2746 edictis
1489 2678 1776 2746 nimium
1804 2677 2109 2768 rigorosis
2133 2677 2237 2747 vel
2262 2679 2548 2768 injustiS,

271 2810 308 2847 ι(
333 2786 569 2868 iiiatis3
603 2789 775 2875 quod
799 2809 949 2854 sane
986 2785 1168 2853 nulla
1193 2785 1460 2873 aequitas
1500 2786 1762 2874 patitur.
1805 2783 1995 2852 Unde
2036 2805 2192 2850 cum
2223 2784 2552 2873 potissima

271 2915 307 2953 «
340 2911 532 2957 causa
560 2912 635 2957 ex
666 2914 795 2979 qua
819 2891 1205 2980 hujusmodi
1232 2891 1605 2959 adunantiae
1626 2891 2063 2980 prohibentur
2083 2888 2329 2977 absque
2356 2912 2549 2981 supe-

268 3021 304 3061 «
333 2997 528 3064 rioris
545 2997 993 3087 permissione,
1027 2996 1107 3064 sit
1130 2996 1262 3063 sola
1290 2995 1573 3085 suspicio
1602 2997 2126 3086 conspirationis,
2152 3019 2266 3065 seu
2296 2999 2548 3067 machi·

271 3104 637 3185 «nationis,
672 3124 746 3171 ea
777 3123 931 3170 vero
950 3100 1208 3192 penitus
1228 3101 1640 3191 propulsetur
1661 3103 1918 3190 quando
1943 3104 2116 3171 adest
2134 3106 2313 3193 justa
2331 3126 2544 3189 causa,

270 3236 304 3275 «
330 3215 405 3277 ut
454 3214 548 3278 est
595 3209 731 3277 litis
779 3207 1155 3299 pendentia,
1204 3229 1323 3299 pro
1371 3209 1564 3297 cujus
1612 3209 2052 3296 prosecutione
2082 3232 2157 3278 ac
2203 3210 2549 3281 directione

269 3341 304 3378 «
331 3321 482 3383 sunt
520 3313 865 3383 necessarii
912 3318 1221 3381 tractatus
1261 3311 1571 3380 interesse
1618 3303 2027 3397 habentium,
2072 3337 2188 3404 pro
2220 3317 2549 3407 capiendis

270 3446 303 3486 ε(
328 3421 714 3512 opportunis
744 3419 1032 3488 consiliis
1053 3424 1116 3487 et
1135 3419 1666 3502 resolutionibus,
1702 3425 1860 3488 tunc
1893 3426 2096 3511 potest
2122 3420 2386 3491 indubie
2408 3421 2551 3491 fieri

271 3528 500 3597 «dicta
527 3526 906 3595 convocatio
938 3551 956 3611 ;
1000 3547 1155 3594 cum
1199 3527 1587 3614 regulariter
1642 3549 1760 3615 pro
1799 3528 2198 3596 excludenda
2239 3550 2554 3618 praesum-

270 3661 303 3700 «
328 3637 557 3727 ptione
598 3634 933 3726 praedicta,
965 3638 1228 3724 propter
1256 3655 1456 3721 quam
1504 3634 1887 3703 adunantiae
1917 3640 2256 3721 vetantur,
2287 3636 2436 3702 satis
2478 3632 2562 3699 sit

271 3767 303 3807 «
329 3744 502 3833 quod
537 3745 789 3809 constet
810 3740 889 3806 de
917 3741 1221 3808 interesse
1244 3743 1807 3826 congregatorum.

357 3850 605 3932 «Quin
666 3848 886 3931 etiam,
939 3847 1009 3914 in
1076 3847 1354 3935 figurato
1407 3866 1561 3912 casu
1606 3845 1738 3914 litis
1799 3845 2259 3937 promovendae
2330 3848 2553 3913 contra

276 3957 763 4047 «superiorem,
806 3959 1014 4046 potest
1062 3953 1239 4020 licite
1267 3952 1482 4021 clerus
1509 3953 1760 4042 exigere
1801 3954 2100 4021 collectas
2136 3973 2174 4018 a
2202 3950 2553 4040 singulari-

277 4087 308 4125 «
331 4063 451 4132 bus
476 4063 774 4154 personis
794 4061 1089 4152 ejusdem
1126 4059 1278 4129 cleri
1324 4083 1440 4151 per
1488 4061 1761 4127 modum
1814 4056 2335 4137 contributioniS,
2358 4060 2551 4127 etiam

279 4170 542 4239 «inscio
577 4175 642 4238 et
667 4169 869 4237 invito
904 4167 1271 4260 superiore;
1306 4188 1439 4234 non
1473 4172 1689 4233 tamen
1742 4162 1825 4229 ah
1845 4162 2087 4250 invitis,
2121 4162 2232 4233 sed
2278 4164 2494 4232 solum
2515 4185 2553 4229 a

280 4302 311 4342 «
338 4284 560 4368 sponte
605 4275 1016 4345 contribuere
1044 4274 1445 4357 volentibus3
1482 4292 1637 4338 cum
1671 4290 1802 4336 non
1827 4270 2024 4359 possit
2065 4271 2301 4339 habere
2342 4267 2553 4332 clerus

281 4408 312 4446 (ι
339 4387 475 4454 vim
518 4385 898 4471 coactivam,
955 4376 1108 4472 quae
1155 4382 1225 4450 in
1273 4379 1406 4448 sola
1444 4376 1796 4468 episcopali
1842 4400 1956 4447 seu
1985 4376 2171 4467 quasi
2208 4363 2552 4460 episcopali
