<?xml version="1.0" encoding="UTF-8"?>
<!DOCTYPE html PUBLIC "-//W3C//DTD XHTML 1.0 Transitional//EN"
    "http://www.w3.org/TR/xhtml1/DTD/xhtml1-transitional.dtd">
<html xmlns="http://www.w3.org/1999/xhtml" xml:lang="en" lang="en">
 <head>
  <title>
</title>
<meta http-equiv="Content-Type" content="text/html;charset=utf-8" />
  <meta name='ocr-system' content='tesseract 3.04.00' />
  <meta name='ocr-capabilities' content='ocr_page ocr_carea ocr_par ocr_line ocrx_word'/>
</head>
<body>
  <div class='ocr_page' id='page_1' title='image "./tractatusdecapi00bouigoog_0610.png"; bbox 0 0 2930 4982; ppageno 0'>
   <div class='ocr_carea' id='block_1_1' title="bbox 386 344 1701 401">
    <p class='ocr_par' dir='ltr' id='par_1_1' title="bbox 386 344 1701 401">
     <span class='ocr_line' id='line_1_1' title="bbox 386 344 1701 401; baseline -0.005 0"><span class='ocrx_word' id='word_1_1' title='bbox 386 346 420 401; x_wconf 77' lang='grc'><strong>5</strong></span> <span class='ocrx_word' id='word_1_2' title='bbox 429 346 466 401; x_wconf 81' lang='grc'><strong>6</strong></span> <span class='ocrx_word' id='word_1_3' title='bbox 475 344 510 399; x_wconf 73' lang='lat'><strong>2</strong></span> <span class='ocrx_word' id='word_1_4' title='bbox 1352 348 1701 397; x_wconf 62' lang='lat' dir='ltr'><strong>&#39;numurus</strong></span> 
     </span>
    </p>
   </div>
   <div class='ocr_carea' id='block_1_2' title="bbox 380 720 2678 875">
    <p class='ocr_par' dir='ltr' id='par_1_2' title="bbox 380 720 2678 875">
     <span class='ocr_line' id='line_1_2' title="bbox 380 720 2678 782; baseline -0.003 -12"><span class='ocrx_word' id='word_1_5' title='bbox 380 730 474 782; x_wconf 72' lang='grc' dir='ltr'><strong>ΑΝ,</strong></span> <span class='ocrx_word' id='word_1_6' title='bbox 513 729 642 769; x_wconf 67' lang='lat' dir='ltr'><strong>stne</strong></span> <span class='ocrx_word' id='word_1_7' title='bbox 680 726 946 778; x_wconf 61' lang='lat' dir='ltr'><strong>vamme,</strong></span> <span class='ocrx_word' id='word_1_8' title='bbox 989 723 1291 764; x_wconf 72' lang='lat' dir='ltr'><strong>cAmruwu</strong></span> <span class='ocrx_word' id='word_1_9' title='bbox 1331 723 1437 763; x_wconf 66' lang='lat' dir='ltr'><strong>Aur</strong></span> <span class='ocrx_word' id='word_1_10' title='bbox 1475 722 1724 761; x_wconf 60' lang='lat' dir='ltr'><strong>neamus</strong></span> <span class='ocrx_word' id='word_1_11' title='bbox 1771 720 2123 760; x_wconf 74' lang='lat' dir='ltr'><strong>cAPnnLAms</strong></span> <span class='ocrx_word' id='word_1_12' title='bbox 2170 721 2384 761; x_wconf 74' lang='lat' dir='ltr'><strong>possmr</strong></span> <span class='ocrx_word' id='word_1_13' title='bbox 2430 722 2678 763; x_wconf 72' lang='lat' dir='ltr'><strong>conum</strong></span> 
     </span>
     <span class='ocr_line' id='line_1_3' title="bbox 783 806 2272 875; baseline -0.003 -11"><span class='ocrx_word' id='word_1_14' title='bbox 783 823 1038 875; x_wconf 68' lang='lat' dir='ltr'><strong>sumu,</strong></span> <span class='ocrx_word' id='word_1_15' title='bbox 1078 821 1175 866; x_wconf 64' lang='lat' dir='ltr'><strong>suu</strong></span> <span class='ocrx_word' id='word_1_16' title='bbox 1216 819 1668 861; x_wconf 71' lang='lat' dir='ltr'><strong>CONSTITUTIONES</strong></span> <span class='ocrx_word' id='word_1_17' title='bbox 1707 818 1806 858; x_wconf 67' lang='lat' dir='ltr'><strong>eno</strong></span> <span class='ocrx_word' id='word_1_18' title='bbox 1840 818 1977 857; x_wconf 72' lang='lat' dir='ltr'><strong>&#39;ron</strong></span> <span class='ocrx_word' id='word_1_19' title='bbox 2009 806 2272 859; x_wconf 65' lang='lat' dir='ltr'><strong>mercam?</strong></span> 
     </span>
    </p>
   </div>
   <div class='ocr_carea' id='block_1_3' title="bbox 384 989 2684 2461">
    <p class='ocr_par' dir='ltr' id='par_1_3' title="bbox 384 989 2684 2253">
     <span class='ocr_line' id='line_1_4' title="bbox 477 989 2675 1084; baseline -0 -22"><span class='ocrx_word' id='word_1_20' title='bbox 477 1022 513 1062; x_wconf 85' lang='lat'>«</span> <span class='ocrx_word' id='word_1_21' title='bbox 541 995 759 1064; x_wconf 86' lang='lat' dir='ltr'><strong>Potest</strong></span> <span class='ocrx_word' id='word_1_22' title='bbox 793 993 1186 1084; x_wconf 88' lang='lat' dir='ltr'><strong>capitulum,</strong></span> <span class='ocrx_word' id='word_1_23' title='bbox 1242 990 1391 1058; x_wconf 87' lang='lat' dir='ltr'><strong>sede</strong></span> <span class='ocrx_word' id='word_1_24' title='bbox 1435 994 1733 1070; x_wconf 81' lang='lat' dir='ltr'><strong>vacante,</strong></span> <span class='ocrx_word' id='word_1_25' title='bbox 1785 989 1992 1056; x_wconf 79' lang='lat' dir='ltr'><strong>facere</strong></span> <span class='ocrx_word' id='word_1_26' title='bbox 2037 995 2267 1058; x_wconf 83' lang='lat' dir='ltr'><strong>statuta</strong></span> <span class='ocrx_word' id='word_1_27' title='bbox 2317 991 2675 1081; x_wconf 82' lang='lat' dir='ltr'><strong>obligantia</strong></span> 
     </span>
     <span class='ocr_line' id='line_1_5' title="bbox 390 1094 2663 1185; baseline -0.002 -14"><span class='ocrx_word' id='word_1_28' title='bbox 390 1130 425 1170; x_wconf 92' lang='lat'>«</span> <span class='ocrx_word' id='word_1_29' title='bbox 461 1110 661 1171; x_wconf 86' lang='lat' dir='ltr'><strong>totam</strong></span> <span class='ocrx_word' id='word_1_30' title='bbox 684 1101 1036 1182; x_wconf 91' lang='lat' dir='ltr'><strong>dioecesim‚</strong></span> <span class='ocrx_word' id='word_1_31' title='bbox 1064 1096 1322 1166; x_wconf 88' lang='lat' dir='ltr'><strong>etiamsi</strong></span> <span class='ocrx_word' id='word_1_32' title='bbox 1360 1118 1434 1164; x_wconf 90' lang='lat' dir='ltr'><strong>ea</strong></span> <span class='ocrx_word' id='word_1_33' title='bbox 1454 1094 1777 1164; x_wconf 88' lang='lat' dir='ltr'><strong>contraria</strong></span> <span class='ocrx_word' id='word_1_34' title='bbox 1812 1094 1940 1161; x_wconf 92' lang='lat' dir='ltr'><strong>sint</strong></span> <span class='ocrx_word' id='word_1_35' title='bbox 1972 1095 2221 1164; x_wconf 89' lang='lat' dir='ltr'><strong>statutis</strong></span> <span class='ocrx_word' id='word_1_36' title='bbox 2251 1095 2663 1185; x_wconf 86' lang='lat' dir='ltr'><strong>dioecesanis;</strong></span> 
     </span>
     <span class='ocr_line' id='line_1_6' title="bbox 389 1199 2674 1298; baseline -0.003 -23"><span class='ocrx_word' id='word_1_37' title='bbox 389 1210 534 1276; x_wconf 84' lang='lat' dir='ltr'><strong>«ita</strong></span> <span class='ocrx_word' id='word_1_38' title='bbox 561 1214 635 1274; x_wconf 87' lang='lat' dir='ltr'><strong>ut</strong></span> <span class='ocrx_word' id='word_1_39' title='bbox 671 1212 980 1298; x_wconf 87' lang='lat' dir='ltr'><strong>perpetua</strong></span> <span class='ocrx_word' id='word_1_40' title='bbox 1010 1206 1142 1272; x_wconf 88' lang='lat' dir='ltr'><strong>sint</strong></span> <span class='ocrx_word' id='word_1_41' title='bbox 1182 1209 1243 1270; x_wconf 87' lang='lat' dir='ltr'><strong>et</strong></span> <span class='ocrx_word' id='word_1_42' title='bbox 1266 1203 1508 1270; x_wconf 87' lang='lat' dir='ltr'><strong>durent</strong></span> <span class='ocrx_word' id='word_1_43' title='bbox 1542 1201 1736 1268; x_wconf 87' lang='lat' dir='ltr'><strong>etiarn</strong></span> <span class='ocrx_word' id='word_1_44' title='bbox 1764 1205 1907 1290; x_wconf 91' lang='lat' dir='ltr'><strong>post</strong></span> <span class='ocrx_word' id='word_1_45' title='bbox 1932 1200 2311 1277; x_wconf 79' lang='lat' dir='ltr'><strong>electionem</strong></span> <span class='ocrx_word' id='word_1_46' title='bbox 2342 1199 2499 1269; x_wconf 83' lang='lat' dir='ltr'><strong>novi</strong></span> <span class='ocrx_word' id='word_1_47' title='bbox 2522 1202 2674 1293; x_wconf 89' lang='lat' dir='ltr'><strong>Epi-</strong></span> 
     </span>
     <span class='ocr_line' id='line_1_7' title="bbox 386 1307 2666 1405; baseline -0.002 -24"><span class='ocrx_word' id='word_1_48' title='bbox 386 1342 423 1382; x_wconf 99' lang='lat'>«</span> <span class='ocrx_word' id='word_1_49' title='bbox 453 1315 627 1405; x_wconf 91' lang='lat' dir='ltr'><strong>scopi</strong></span> <span class='ocrx_word' id='word_1_50' title='bbox 655 1337 671 1396; x_wconf 91' lang='lat'>;</span> <span class='ocrx_word' id='word_1_51' title='bbox 705 1313 819 1402; x_wconf 90' lang='lat' dir='ltr'><strong>qui</strong></span> <span class='ocrx_word' id='word_1_52' title='bbox 838 1318 1050 1380; x_wconf 86' lang='lat' dir='ltr'><strong>tamen</strong></span> <span class='ocrx_word' id='word_1_53' title='bbox 1080 1332 1198 1401; x_wconf 89' lang='lat' dir='ltr'><strong>pro</strong></span> <span class='ocrx_word' id='word_1_54' title='bbox 1216 1309 1412 1376; x_wconf 90' lang='lat' dir='ltr'><strong>libitu</strong></span> <span class='ocrx_word' id='word_1_55' title='bbox 1429 1330 1504 1375; x_wconf 90' lang='lat' dir='ltr'><strong>ea</strong></span> <span class='ocrx_word' id='word_1_56' title='bbox 1525 1328 1819 1375; x_wconf 83' lang='lat' dir='ltr'><strong>revocare</strong></span> <span class='ocrx_word' id='word_1_57' title='bbox 1843 1307 2102 1396; x_wconf 89' lang='lat' dir='ltr'><strong>poterit,</strong></span> <span class='ocrx_word' id='word_1_58' title='bbox 2127 1330 2282 1375; x_wconf 90' lang='lat' dir='ltr'><strong>cum</strong></span> <span class='ocrx_word' id='word_1_59' title='bbox 2304 1310 2473 1398; x_wconf 87' lang='lat' dir='ltr'><strong>pari,</strong></span> <span class='ocrx_word' id='word_1_60' title='bbox 2493 1309 2666 1377; x_wconf 84' lang='lat' dir='ltr'><strong>vide-</strong></span> 
     </span>
     <span class='ocr_line' id='line_1_8' title="bbox 388 1412 2664 1510; baseline -0.002 -23"><span class='ocrx_word' id='word_1_61' title='bbox 388 1447 422 1487; x_wconf 91' lang='lat'>«</span> <span class='ocrx_word' id='word_1_62' title='bbox 449 1422 603 1489; x_wconf 82' lang='lat' dir='ltr'><strong>lice&#39;t</strong></span> <span class='ocrx_word' id='word_1_63' title='bbox 628 1418 1002 1510; x_wconf 88' lang='lat' dir='ltr'><strong>episcopali,</strong></span> <span class='ocrx_word' id='word_1_64' title='bbox 1023 1414 1481 1507; x_wconf 87' lang='lat' dir='ltr'><strong>jurisdictione</strong></span> <span class='ocrx_word' id='word_1_65' title='bbox 1514 1414 1598 1481; x_wconf 92' lang='lat' dir='ltr'><strong>sit</strong></span> <span class='ocrx_word' id='word_1_66' title='bbox 1632 1414 1972 1503; x_wconf 73' lang='lat' dir='ltr'><strong>praeditus,</strong></span> <span class='ocrx_word' id='word_1_67' title='bbox 2014 1412 2140 1481; x_wconf 90' lang='lat' dir='ltr'><strong>nisi</strong></span> <span class='ocrx_word' id='word_1_68' title='bbox 2171 1415 2241 1481; x_wconf 89' lang='lat' dir='ltr'><strong>in</strong></span> <span class='ocrx_word' id='word_1_69' title='bbox 2266 1414 2379 1481; x_wconf 92' lang='lat' dir='ltr'><strong>illa</strong></span> <span class='ocrx_word' id='word_1_70' title='bbox 2402 1416 2664 1504; x_wconf 88' lang='lat' dir='ltr'><strong>jurarit.</strong></span> 
     </span>
     <span class='ocr_line' id='line_1_9' title="bbox 388 1518 2674 1611; baseline -0.002 -18"><span class='ocrx_word' id='word_1_71' title='bbox 388 1553 423 1594; x_wconf 93' lang='lat'>«</span> <span class='ocrx_word' id='word_1_72' title='bbox 452 1525 639 1608; x_wconf 86' lang='lat' dir='ltr'><strong>Quod</strong></span> <span class='ocrx_word' id='word_1_73' title='bbox 666 1531 886 1592; x_wconf 85' lang='lat' dir='ltr'><strong>tamen</strong></span> <span class='ocrx_word' id='word_1_74' title='bbox 927 1519 1428 1611; x_wconf 89' lang='lat' dir='ltr'><strong>intelligendum</strong></span> <span class='ocrx_word' id='word_1_75' title='bbox 1461 1524 1579 1602; x_wconf 86' lang='lat' dir='ltr'><strong>est,</strong></span> <span class='ocrx_word' id='word_1_76' title='bbox 1627 1518 1986 1585; x_wconf 89' lang='lat' dir='ltr'><strong>dummodo</strong></span> <span class='ocrx_word' id='word_1_77' title='bbox 2022 1541 2098 1585; x_wconf 86' lang='lat' dir='ltr'><strong>ea</strong></span> <span class='ocrx_word' id='word_1_78' title='bbox 2125 1524 2358 1587; x_wconf 83' lang='lat' dir='ltr'><strong>statuta</strong></span> <span class='ocrx_word' id='word_1_79' title='bbox 2397 1521 2674 1590; x_wconf 84' lang='lat' dir='ltr'><strong>honesta</strong></span> 
     </span>
     <span class='ocr_line' id='line_1_10' title="bbox 387 1625 2676 1721; baseline -0.002 -20"><span class='ocrx_word' id='word_1_80' title='bbox 387 1661 422 1701; x_wconf 93' lang='lat'>«</span> <span class='ocrx_word' id='word_1_81' title='bbox 450 1640 511 1700; x_wconf 87' lang='lat' dir='ltr'><strong>et</strong></span> <span class='ocrx_word' id='word_1_82' title='bbox 529 1635 705 1721; x_wconf 88' lang='lat' dir='ltr'><strong>justa</strong></span> <span class='ocrx_word' id='word_1_83' title='bbox 740 1632 893 1712; x_wconf 87' lang='lat' dir='ltr'><strong>sint,</strong></span> <span class='ocrx_word' id='word_1_84' title='bbox 940 1650 1153 1717; x_wconf 89' lang='lat' dir='ltr'><strong>neque</strong></span> <span class='ocrx_word' id='word_1_85' title='bbox 1198 1626 1486 1695; x_wconf 84' lang='lat' dir='ltr'><strong>ecclesiae</strong></span> <span class='ocrx_word' id='word_1_86' title='bbox 1537 1631 1650 1692; x_wconf 93' lang='lat' dir='ltr'><strong>aut</strong></span> <span class='ocrx_word' id='word_1_87' title='bbox 1681 1625 1951 1713; x_wconf 88' lang='lat' dir='ltr'><strong>juribus</strong></span> <span class='ocrx_word' id='word_1_88' title='bbox 1990 1627 2463 1717; x_wconf 88' lang='lat' dir='ltr'><strong>episcopalibus</strong></span> <span class='ocrx_word' id='word_1_89' title='bbox 2493 1630 2676 1718; x_wconf 81' lang='lat' dir='ltr'><strong>juste</strong></span> 
     </span>
     <span class='ocr_line' id='line_1_11' title="bbox 390 1731 2675 1827; baseline -0.001 -23"><span class='ocrx_word' id='word_1_90' title='bbox 390 1766 424 1805; x_wconf 95' lang='lat'>«</span> <span class='ocrx_word' id='word_1_91' title='bbox 459 1736 783 1827; x_wconf 81' lang='lat' dir='ltr'><strong>acquisitis</strong></span> <span class='ocrx_word' id='word_1_92' title='bbox 817 1734 1245 1824; x_wconf 83' lang='lat' dir='ltr'><strong>praejudicent</strong></span> <span class='ocrx_word' id='word_1_93' title='bbox 1279 1757 1295 1800; x_wconf 75' lang='grc' dir='ltr'><strong><em>ε</em></strong></span> <span class='ocrx_word' id='word_1_94' title='bbox 1331 1732 1623 1820; x_wconf 91' lang='lat' dir='ltr'><strong>alioquin</strong></span> <span class='ocrx_word' id='word_1_95' title='bbox 1653 1731 1832 1797; x_wconf 90' lang='lat' dir='ltr'><strong>enim</strong></span> <span class='ocrx_word' id='word_1_96' title='bbox 1863 1751 1985 1798; x_wconf 90' lang='lat' dir='ltr'><strong>nec</strong></span> <span class='ocrx_word' id='word_1_97' title='bbox 2003 1733 2225 1821; x_wconf 85' lang='lat' dir='ltr'><strong>jurata</strong></span> <span class='ocrx_word' id='word_1_98' title='bbox 2251 1735 2538 1801; x_wconf 86' lang='lat' dir='ltr'><strong>valerent</strong></span> <span class='ocrx_word' id='word_1_99' title='bbox 2564 1742 2675 1802; x_wconf 89' lang='lat' dir='ltr'><strong>aut</strong></span> 
     </span>
     <span class='ocr_line' id='line_1_12' title="bbox 391 1833 2684 1931; baseline -0.001 -19"><span class='ocrx_word' id='word_1_100' title='bbox 391 1871 426 1911; x_wconf 92' lang='lat'>«</span> <span class='ocrx_word' id='word_1_101' title='bbox 448 1844 833 1931; x_wconf 79' lang='lat' dir='ltr'><strong>obligarent,</strong></span> <span class='ocrx_word' id='word_1_102' title='bbox 863 1859 1018 1907; x_wconf 90' lang='lat' dir='ltr'><strong>cum</strong></span> <span class='ocrx_word' id='word_1_103' title='bbox 1039 1837 1426 1928; x_wconf 88' lang='lat' dir='ltr'><strong>capitulum,</strong></span> <span class='ocrx_word' id='word_1_104' title='bbox 1458 1843 1728 1905; x_wconf 77' lang='lat' dir='ltr'><strong>vacante</strong></span> <span class='ocrx_word' id='word_1_105' title='bbox 1758 1836 1930 1921; x_wconf 87' lang='lat' dir='ltr'><strong>sede,</strong></span> <span class='ocrx_word' id='word_1_106' title='bbox 1968 1833 2141 1906; x_wconf 84' lang='lat' dir='ltr'><strong>nihil</strong></span> <span class='ocrx_word' id='word_1_107' title='bbox 2181 1840 2383 1930; x_wconf 84' lang='lat' dir='ltr'><strong>possit</strong></span> <span class='ocrx_word' id='word_1_108' title='bbox 2404 1844 2684 1909; x_wconf 81' lang='lat' dir='ltr'><strong>statuere</strong></span> 
     </span>
     <span class='ocr_line' id='line_1_13' title="bbox 389 1943 2674 2037; baseline -0 -19"><span class='ocrx_word' id='word_1_109' title='bbox 389 1979 424 2018; x_wconf 92' lang='lat'>«</span> <span class='ocrx_word' id='word_1_110' title='bbox 450 1953 530 2019; x_wconf 90' lang='lat' dir='ltr'><strong>de</strong></span> <span class='ocrx_word' id='word_1_111' title='bbox 565 1948 762 2017; x_wconf 88' lang='lat' dir='ltr'><strong>rebus</strong></span> <span class='ocrx_word' id='word_1_112' title='bbox 788 1945 1191 2036; x_wconf 82' lang='lat' dir='ltr'><strong>episcopatus</strong></span> <span class='ocrx_word' id='word_1_113' title='bbox 1224 1943 1296 2010; x_wconf 90' lang='lat' dir='ltr'><strong>in</strong></span> <span class='ocrx_word' id='word_1_114' title='bbox 1334 1946 1480 2035; x_wconf 91' lang='lat' dir='ltr'><strong>ejus</strong></span> <span class='ocrx_word' id='word_1_115' title='bbox 1505 1943 1987 2035; x_wconf 76' lang='lat' dir='ltr'><strong>praeJudicium.</strong></span> <span class='ocrx_word' id='word_1_116' title='bbox 2010 1970 2046 2009; x_wconf 67' lang='lat'><strong>&gt;³</strong></span> <span class='ocrx_word' id='word_1_117' title='bbox 2087 1945 2415 2037; x_wconf 87' lang='lat' dir='ltr'><strong>(Pirhing‚</strong></span> <span class='ocrx_word' id='word_1_118' title='bbox 2458 1949 2530 2015; x_wconf 89' lang='lat' dir='ltr'><strong>in</strong></span> <span class='ocrx_word' id='word_1_119' title='bbox 2579 1950 2674 2017; x_wconf 85' lang='lat' dir='ltr'><strong>tit.</strong></span> 
     </span>
     <span class='ocr_line' id='line_1_14' title="bbox 385 2049 2680 2147; baseline -0.001 -20"><span class='ocrx_word' id='word_1_120' title='bbox 385 2065 482 2127; x_wconf 83' lang='lat' dir='ltr'><strong>De</strong></span> <span class='ocrx_word' id='word_1_121' title='bbox 512 2053 812 2145; x_wconf 66' lang='lat' dir='ltr'><strong>major-it.</strong></span> <span class='ocrx_word' id='word_1_122' title='bbox 841 2063 906 2119; x_wconf 86' lang='lat' dir='ltr'><strong>et</strong></span> <span class='ocrx_word' id='word_1_123' title='bbox 932 2050 1150 2137; x_wconf 63' lang='lat' dir='ltr'><strong>obed„</strong></span> <span class='ocrx_word' id='word_1_124' title='bbox 1179 2073 1250 2119; x_wconf 89' lang='lat' dir='ltr'><strong>n.</strong></span> <span class='ocrx_word' id='word_1_125' title='bbox 1288 2050 1430 2141; x_wconf 80' lang='lat'>47.)</span> <span class='ocrx_word' id='word_1_126' title='bbox 1457 2049 1770 2119; x_wconf 89' lang='lat' dir='ltr'><strong>Eamdem</strong></span> <span class='ocrx_word' id='word_1_127' title='bbox 1802 2052 2167 2120; x_wconf 81' lang='lat' dir='ltr'><strong>doctrinam</strong></span> <span class='ocrx_word' id='word_1_128' title='bbox 2200 2055 2398 2123; x_wconf 86' lang='lat' dir='ltr'><strong>variis</strong></span> <span class='ocrx_word' id='word_1_129' title='bbox 2422 2057 2680 2147; x_wconf 86' lang='lat' dir='ltr'><strong>punctis</strong></span> 
     </span>
     <span class='ocr_line' id='line_1_15' title="bbox 384 2157 2418 2253; baseline -0.003 -18"><span class='ocrx_word' id='word_1_130' title='bbox 384 2165 758 2236; x_wconf 87' lang='lat' dir='ltr'><strong>distinctam</strong></span> <span class='ocrx_word' id='word_1_131' title='bbox 799 2158 891 2227; x_wconf 92' lang='lat' dir='ltr'><strong>sic</strong></span> <span class='ocrx_word' id='word_1_132' title='bbox 923 2157 1115 2225; x_wconf 84' lang='lat' dir='ltr'><strong>tradit</strong></span> <span class='ocrx_word' id='word_1_133' title='bbox 1138 2158 1525 2226; x_wconf 87' lang='lat' dir='ltr'><strong>Leurenius.</strong></span> <span class='ocrx_word' id='word_1_134' title='bbox 1557 2158 1752 2246; x_wconf 92' lang='lat' dir='ltr'><strong>(Loco</strong></span> <span class='ocrx_word' id='word_1_135' title='bbox 1797 2159 1939 2252; x_wconf 65' lang='lat' dir='ltr'><strong>cit„</strong></span> <span class='ocrx_word' id='word_1_136' title='bbox 1965 2166 2193 2248; x_wconf 74' lang='lat' dir='ltr'><strong>quaest.</strong></span> <span class='ocrx_word' id='word_1_137' title='bbox 2224 2160 2418 2253; x_wconf 72' lang='lat'><strong>470.)</strong></span> 
     </span>
    </p>

    <p class='ocr_par' dir='ltr' id='par_1_4' title="bbox 394 2265 2683 2461">
     <span class='ocr_line' id='line_1_16' title="bbox 482 2265 2682 2360; baseline 0 -24"><span class='ocrx_word' id='word_1_138' title='bbox 482 2297 518 2337; x_wconf 93' lang='lat'>«</span> <span class='ocrx_word' id='word_1_139' title='bbox 555 2272 615 2338; x_wconf 84' lang='lat'><strong>1.</strong></span> <span class='ocrx_word' id='word_1_140' title='bbox 647 2265 1025 2358; x_wconf 89' lang='lat' dir='ltr'><strong>Respondeo</strong></span> <span class='ocrx_word' id='word_1_141' title='bbox 1047 2265 1263 2355; x_wconf 91' lang='lat' dir='ltr'><strong>primo</strong></span> <span class='ocrx_word' id='word_1_142' title='bbox 1286 2266 1357 2331; x_wconf 90' lang='lat' dir='ltr'><strong>in</strong></span> <span class='ocrx_word' id='word_1_143' title='bbox 1401 2285 1635 2353; x_wconf 83' lang='lat' dir='ltr'><strong>genere</strong></span> <span class='ocrx_word' id='word_1_144' title='bbox 1666 2288 1682 2332; x_wconf 72' lang='grc' dir='ltr'>ε</span> <span class='ocrx_word' id='word_1_145' title='bbox 1712 2265 2075 2360; x_wconf 82' lang='lat' dir='ltr'><strong>capitulum</strong></span> <span class='ocrx_word' id='word_1_146' title='bbox 2113 2273 2345 2357; x_wconf 87' lang='lat' dir='ltr'><strong>potest,</strong></span> <span class='ocrx_word' id='word_1_147' title='bbox 2398 2270 2552 2338; x_wconf 90' lang='lat' dir='ltr'><strong>sede</strong></span> <span class='ocrx_word' id='word_1_148' title='bbox 2579 2293 2682 2337; x_wconf 86' lang='lat' dir='ltr'><strong>va·</strong></span> 
     </span>
     <span class='ocr_line' id='line_1_17' title="bbox 394 2369 2683 2461; baseline 0 -17"><span class='ocrx_word' id='word_1_149' title='bbox 394 2405 429 2444; x_wconf 93' lang='lat'>«</span> <span class='ocrx_word' id='word_1_150' title='bbox 453 2383 663 2455; x_wconf 87' lang='lat' dir='ltr'><strong>cante,</strong></span> <span class='ocrx_word' id='word_1_151' title='bbox 694 2375 901 2441; x_wconf 87' lang='lat' dir='ltr'><strong>facere</strong></span> <span class='ocrx_word' id='word_1_152' title='bbox 924 2377 1178 2439; x_wconf 84' lang='lat' dir='ltr'><strong>statuta.</strong></span> <span class='ocrx_word' id='word_1_153' title='bbox 1203 2370 1621 2460; x_wconf 82' lang='lat' dir='ltr'><strong>Magistratus</strong></span> <span class='ocrx_word' id='word_1_154' title='bbox 1638 2369 1816 2437; x_wconf 90' lang='lat' dir='ltr'><strong>enim</strong></span> <span class='ocrx_word' id='word_1_155' title='bbox 1840 2371 2037 2461; x_wconf 75' lang='lat' dir='ltr'><strong>pos&#39;su</strong></span> <span class='ocrx_word' id='word_1_156' title='bbox 2053 2377 2126 2439; x_wconf 91' lang='lat' dir='ltr'><strong>nt</strong></span> <span class='ocrx_word' id='word_1_157' title='bbox 2147 2374 2426 2442; x_wconf 90' lang='lat' dir='ltr'><strong>condere</strong></span> <span class='ocrx_word' id='word_1_158' title='bbox 2453 2382 2683 2444; x_wconf 87' lang='lat' dir='ltr'><strong>statuta</strong></span> 
     </span>
    </p>
   </div>
   <div class='ocr_carea' id='block_1_4' title="bbox 393 2476 2686 2672">
    <p class='ocr_par' dir='ltr' id='par_1_5' title="bbox 393 2476 2686 2672">
     <span class='ocr_line' id='line_1_18' title="bbox 396 2476 2686 2573; baseline 0.001 -25"><span class='ocrx_word' id='word_1_159' title='bbox 396 2504 649 2572; x_wconf 90' lang='lat' dir='ltr'><strong>«super</strong></span> <span class='ocrx_word' id='word_1_160' title='bbox 668 2479 774 2546; x_wconf 92' lang='lat' dir='ltr'><strong>his</strong></span> <span class='ocrx_word' id='word_1_161' title='bbox 791 2499 940 2567; x_wconf 82' lang='lat' dir='ltr'><strong>quae</strong></span> <span class='ocrx_word' id='word_1_162' title='bbox 961 2477 1284 2567; x_wconf 87' lang='lat' dir='ltr'><strong>pertinent</strong></span> <span class='ocrx_word' id='word_1_163' title='bbox 1311 2476 1391 2543; x_wconf 90' lang='lat' dir='ltr'><strong>ad</strong></span> <span class='ocrx_word' id='word_1_164' title='bbox 1423 2476 1755 2566; x_wconf 88' lang='lat' dir='ltr'><strong>propriam</strong></span> <span class='ocrx_word' id='word_1_165' title='bbox 1785 2477 2316 2566; x_wconf 89' lang='lat' dir='ltr'><strong>jurisdictionem</strong></span> <span class='ocrx_word' id='word_1_166' title='bbox 2353 2480 2686 2573; x_wconf 84' lang='lat' dir='ltr'><strong>(Sbrozius</strong></span> 
     </span>
     <span class='ocr_line' id='line_1_19' title="bbox 393 2580 1592 2672; baseline -0.003 -20"><span class='ocrx_word' id='word_1_167' title='bbox 393 2613 429 2653; x_wconf 92' lang='lat'>«</span> <span class='ocrx_word' id='word_1_168' title='bbox 460 2591 552 2654; x_wconf 84' lang='lat' dir='ltr'><strong>De</strong></span> <span class='ocrx_word' id='word_1_169' title='bbox 574 2585 812 2669; x_wconf 63' lang='lat' dir='ltr'><strong>vicar„</strong></span> <span class='ocrx_word' id='word_1_170' title='bbox 838 2584 883 2649; x_wconf 91' lang='lat' dir='ltr'><strong>l.</strong></span> <span class='ocrx_word' id='word_1_171' title='bbox 913 2604 981 2665; x_wconf 84' lang='lat' dir='ltr'><strong>n,</strong></span> <span class='ocrx_word' id='word_1_172' title='bbox 1011 2606 1077 2670; x_wconf 89' lang='lat' dir='ltr'><strong>q.</strong></span> <span class='ocrx_word' id='word_1_173' title='bbox 1108 2580 1262 2669; x_wconf 85' lang='lat'><strong>188,</strong></span> <span class='ocrx_word' id='word_1_174' title='bbox 1295 2603 1363 2648; x_wconf 89' lang='lat' dir='ltr'><strong>n.</strong></span> <span class='ocrx_word' id='word_1_175' title='bbox 1397 2581 1465 2664; x_wconf 84' lang='lat'><strong>3,</strong></span> <span class='ocrx_word' id='word_1_176' title='bbox 1495 2581 1592 2672; x_wconf 84' lang='lat'><strong>4).</strong></span> 
     </span>
    </p>
   </div>
   <div class='ocr_carea' id='block_1_5' title="bbox 382 2687 2692 4477">
    <p class='ocr_par' dir='ltr' id='par_1_6' title="bbox 402 2687 2683 3182">
     <span class='ocr_line' id='line_1_20' title="bbox 488 2687 2666 2783; baseline 0.003 -28"><span class='ocrx_word' id='word_1_177' title='bbox 488 2716 523 2755; x_wconf 90' lang='lat'>«</span> <span class='ocrx_word' id='word_1_178' title='bbox 549 2690 616 2757; x_wconf 76' lang='lat'><strong>2.</strong></span> <span class='ocrx_word' id='word_1_179' title='bbox 648 2687 857 2755; x_wconf 88' lang='lat' dir='ltr'><strong>Potest</strong></span> <span class='ocrx_word' id='word_1_180' title='bbox 883 2687 1089 2753; x_wconf 84' lang='lat' dir='ltr'><strong>facere</strong></span> <span class='ocrx_word' id='word_1_181' title='bbox 1116 2693 1349 2753; x_wconf 86' lang='lat' dir='ltr'><strong>statuta</strong></span> <span class='ocrx_word' id='word_1_182' title='bbox 1391 2709 1589 2777; x_wconf 87' lang='lat' dir='ltr'><strong>super</strong></span> <span class='ocrx_word' id='word_1_183' title='bbox 1613 2688 1808 2756; x_wconf 89' lang='lat' dir='ltr'><strong>rebus</strong></span> <span class='ocrx_word' id='word_1_184' title='bbox 1835 2691 2300 2780; x_wconf 87' lang='lat' dir='ltr'><strong>pertinentibus</strong></span> <span class='ocrx_word' id='word_1_185' title='bbox 2333 2694 2409 2760; x_wconf 89' lang='lat' dir='ltr'><strong>ad</strong></span> <span class='ocrx_word' id='word_1_186' title='bbox 2438 2695 2666 2783; x_wconf 88' lang='lat' dir='ltr'><strong>ipsum</strong></span> 
     </span>
     <span class='ocr_line' id='line_1_21' title="bbox 402 2792 2683 2889; baseline 0.003 -26"><span class='ocrx_word' id='word_1_187' title='bbox 402 2796 847 2889; x_wconf 83' lang='lat' dir='ltr'><strong>«capitulum,</strong></span> <span class='ocrx_word' id='word_1_188' title='bbox 876 2793 1060 2860; x_wconf 82' lang='lat' dir='ltr'><strong>verbi</strong></span> <span class='ocrx_word' id='word_1_189' title='bbox 1107 2792 1310 2881; x_wconf 89' lang='lat' dir='ltr'><strong>gratia</strong></span> <span class='ocrx_word' id='word_1_190' title='bbox 1334 2793 1616 2881; x_wconf 85' lang='lat' dir='ltr'><strong>qualiter</strong></span> <span class='ocrx_word' id='word_1_191' title='bbox 1643 2794 1870 2862; x_wconf 87' lang='lat' dir='ltr'><strong>debeat</strong></span> <span class='ocrx_word' id='word_1_192' title='bbox 1914 2801 2296 2888; x_wconf 88' lang='lat' dir='ltr'><strong>congregari</strong></span> <span class='ocrx_word' id='word_1_193' title='bbox 2321 2800 2425 2867; x_wconf 74' lang='lat' dir='ltr'><strong>vel</strong></span> <span class='ocrx_word' id='word_1_194' title='bbox 2458 2801 2683 2869; x_wconf 88' lang='lat' dir='ltr'><strong>distri-</strong></span> 
     </span>
     <span class='ocr_line' id='line_1_22' title="bbox 404 2897 2679 2995; baseline 0.003 -27"><span class='ocrx_word' id='word_1_195' title='bbox 404 2929 439 2968; x_wconf 87' lang='lat'>«</span> <span class='ocrx_word' id='word_1_196' title='bbox 463 2904 760 2970; x_wconf 89' lang='lat' dir='ltr'><strong>butiones</strong></span> <span class='ocrx_word' id='word_1_197' title='bbox 790 2900 1020 2967; x_wconf 84' lang='lat' dir='ltr'><strong>dividi.</strong></span> <span class='ocrx_word' id='word_1_198' title='bbox 1045 2897 1114 2966; x_wconf 89' lang='lat' dir='ltr'><strong>Si</strong></span> <span class='ocrx_word' id='word_1_199' title='bbox 1135 2899 1313 2965; x_wconf 88' lang='lat' dir='ltr'><strong>enim</strong></span> <span class='ocrx_word' id='word_1_200' title='bbox 1339 2897 1404 2964; x_wconf 95' lang='lat' dir='ltr'><strong>id</strong></span> <span class='ocrx_word' id='word_1_201' title='bbox 1444 2899 1642 2987; x_wconf 88' lang='lat' dir='ltr'><strong>possit</strong></span> <span class='ocrx_word' id='word_1_202' title='bbox 1665 2921 1859 2989; x_wconf 90' lang='lat' dir='ltr'><strong>super</strong></span> <span class='ocrx_word' id='word_1_203' title='bbox 1885 2901 2016 2982; x_wconf 88' lang='lat' dir='ltr'><strong>his,</strong></span> <span class='ocrx_word' id='word_1_204' title='bbox 2050 2905 2198 2971; x_wconf 86' lang='lat' dir='ltr'><strong>sede</strong></span> <span class='ocrx_word' id='word_1_205' title='bbox 2229 2905 2446 2995; x_wconf 89' lang='lat' dir='ltr'><strong>plena,</strong></span> <span class='ocrx_word' id='word_1_206' title='bbox 2490 2909 2679 2974; x_wconf 89' lang='lat' dir='ltr'><strong>etiam</strong></span> 
     </span>
     <span class='ocr_line' id='line_1_23' title="bbox 403 3003 2681 3101; baseline 0.003 -26"><span class='ocrx_word' id='word_1_207' title='bbox 403 3036 438 3076; x_wconf 89' lang='lat'>«</span> <span class='ocrx_word' id='word_1_208' title='bbox 456 3009 701 3097; x_wconf 87' lang='lat' dir='ltr'><strong>absque</strong></span> <span class='ocrx_word' id='word_1_209' title='bbox 751 3027 1070 3075; x_wconf 90' lang='lat' dir='ltr'><strong>consensu</strong></span> <span class='ocrx_word' id='word_1_210' title='bbox 1112 3003 1530 3094; x_wconf 85' lang='lat' dir='ltr'><strong>Episcopi...,</strong></span> <span class='ocrx_word' id='word_1_211' title='bbox 1592 3007 1800 3073; x_wconf 91' lang='lat' dir='ltr'><strong>multo</strong></span> <span class='ocrx_word' id='word_1_212' title='bbox 1856 3008 2064 3096; x_wconf 86' lang='lat' dir='ltr'><strong>magis</strong></span> <span class='ocrx_word' id='word_1_213' title='bbox 2110 3011 2178 3077; x_wconf 93' lang='lat' dir='ltr'><strong>id</strong></span> <span class='ocrx_word' id='word_1_214' title='bbox 2226 3013 2487 3101; x_wconf 80' lang='lat' dir='ltr'><strong>poterit,</strong></span> <span class='ocrx_word' id='word_1_215' title='bbox 2542 3014 2681 3080; x_wconf 87' lang='lat' dir='ltr'><strong>sede</strong></span> 
     </span>
     <span class='ocr_line' id='line_1_24' title="bbox 405 3118 755 3182; baseline -0.009 0"><span class='ocrx_word' id='word_1_216' title='bbox 405 3142 441 3182; x_wconf 92' lang='lat'>«</span> <span class='ocrx_word' id='word_1_217' title='bbox 467 3118 755 3182; x_wconf 85' lang='lat' dir='ltr'><strong>vacante.</strong></span> 
     </span>
    </p>

    <p class='ocr_par' dir='ltr' id='par_1_7' title="bbox 407 3217 2686 3712">
     <span class='ocr_line' id='line_1_25' title="bbox 499 3217 2683 3310; baseline 0.004 -25"><span class='ocrx_word' id='word_1_218' title='bbox 499 3247 533 3286; x_wconf 91' lang='lat'>«</span> <span class='ocrx_word' id='word_1_219' title='bbox 560 3219 626 3286; x_wconf 87' lang='lat'><strong>3.</strong></span> <span class='ocrx_word' id='word_1_220' title='bbox 660 3219 873 3286; x_wconf 90' lang='lat' dir='ltr'><strong>Potest</strong></span> <span class='ocrx_word' id='word_1_221' title='bbox 898 3218 1086 3284; x_wconf 88' lang='lat' dir='ltr'><strong>etiam</strong></span> <span class='ocrx_word' id='word_1_222' title='bbox 1110 3222 1425 3304; x_wconf 83' lang='lat' dir='ltr'><strong>tanquam</strong></span> <span class='ocrx_word' id='word_1_223' title='bbox 1460 3237 1792 3284; x_wconf 87' lang='lat' dir='ltr'><strong>successor</strong></span> <span class='ocrx_word' id='word_1_224' title='bbox 1819 3217 2123 3310; x_wconf 88' lang='lat' dir='ltr'><strong>Episcopi</strong></span> <span class='ocrx_word' id='word_1_225' title='bbox 2144 3226 2428 3292; x_wconf 85' lang='lat' dir='ltr'><strong>statuere</strong></span> <span class='ocrx_word' id='word_1_226' title='bbox 2457 3226 2526 3293; x_wconf 92' lang='lat' dir='ltr'><strong>in</strong></span> <span class='ocrx_word' id='word_1_227' title='bbox 2558 3225 2683 3293; x_wconf 89' lang='lat' dir='ltr'><strong>illis</strong></span> 
     </span>
     <span class='ocr_line' id='line_1_26' title="bbox 407 3321 2681 3412; baseline 0.005 -23"><span class='ocrx_word' id='word_1_228' title='bbox 407 3353 441 3390; x_wconf 91' lang='lat'>«</span> <span class='ocrx_word' id='word_1_229' title='bbox 476 3347 620 3412; x_wconf 83' lang='lat' dir='ltr'><strong>quae</strong></span> <span class='ocrx_word' id='word_1_230' title='bbox 648 3328 1027 3410; x_wconf 87' lang='lat' dir='ltr'><strong>competunt</strong></span> <span class='ocrx_word' id='word_1_231' title='bbox 1073 3321 1391 3410; x_wconf 88' lang='lat' dir='ltr'><strong>Episcopo</strong></span> <span class='ocrx_word' id='word_1_232' title='bbox 1435 3321 1684 3388; x_wconf 84' lang='lat' dir='ltr'><strong>ratione</strong></span> <span class='ocrx_word' id='word_1_233' title='bbox 1706 3324 2207 3411; x_wconf 77' lang='lat' dir='ltr'><strong>jurisdictioniS,</strong></span> <span class='ocrx_word' id='word_1_234' title='bbox 2260 3330 2381 3397; x_wconf 87' lang='lat' dir='ltr'><strong>etsi</strong></span> <span class='ocrx_word' id='word_1_235' title='bbox 2409 3337 2681 3400; x_wconf 86' lang='lat' dir='ltr'><strong>statuere</strong></span> 
     </span>
     <span class='ocr_line' id='line_1_27' title="bbox 407 3425 2686 3526; baseline 0.005 -33"><span class='ocrx_word' id='word_1_236' title='bbox 407 3454 439 3493; x_wconf 75' lang='grc' dir='ltr'>α</span> <span class='ocrx_word' id='word_1_237' title='bbox 464 3433 743 3514; x_wconf 88' lang='lat' dir='ltr'><strong>nequeat</strong></span> <span class='ocrx_word' id='word_1_238' title='bbox 769 3446 965 3512; x_wconf 88' lang='lat' dir='ltr'><strong>super</strong></span> <span class='ocrx_word' id='word_1_239' title='bbox 1008 3426 1111 3491; x_wconf 91' lang='lat' dir='ltr'><strong>his</strong></span> <span class='ocrx_word' id='word_1_240' title='bbox 1133 3447 1278 3513; x_wconf 84' lang='lat' dir='ltr'><strong>quae</strong></span> <span class='ocrx_word' id='word_1_241' title='bbox 1316 3425 1636 3515; x_wconf 90' lang='lat' dir='ltr'><strong>Episcopo</strong></span> <span class='ocrx_word' id='word_1_242' title='bbox 1673 3435 2064 3521; x_wconf 78' lang='lat' dir='ltr'><strong>‚competunt</strong></span> <span class='ocrx_word' id='word_1_243' title='bbox 2096 3434 2249 3522; x_wconf 86' lang='lat' dir='ltr'><strong>jure</strong></span> <span class='ocrx_word' id='word_1_244' title='bbox 2294 3432 2586 3526; x_wconf 81' lang='lat' dir='ltr'><strong>speciali.</strong></span> <span class='ocrx_word' id='word_1_245' title='bbox 2616 3438 2686 3505; x_wconf 86' lang='lat' dir='ltr'><strong>Et</strong></span> 
     </span>
     <span class='ocr_line' id='line_1_28' title="bbox 407 3530 2685 3629; baseline 0.006 -27"><span class='ocrx_word' id='word_1_246' title='bbox 407 3564 442 3602; x_wconf 94' lang='lat'>«</span> <span class='ocrx_word' id='word_1_247' title='bbox 471 3535 540 3603; x_wconf 89' lang='lat' dir='ltr'><strong>in</strong></span> <span class='ocrx_word' id='word_1_248' title='bbox 567 3533 778 3624; x_wconf 88' lang='lat' dir='ltr'><strong>specie</strong></span> <span class='ocrx_word' id='word_1_249' title='bbox 801 3536 1035 3601; x_wconf 87' lang='lat' dir='ltr'><strong>statuta</strong></span> <span class='ocrx_word' id='word_1_250' title='bbox 1066 3530 1273 3621; x_wconf 82' lang='lat' dir='ltr'><strong>facere</strong></span> <span class='ocrx_word' id='word_1_251' title='bbox 1299 3535 1504 3621; x_wconf 87' lang='lat' dir='ltr'><strong>potest</strong></span> <span class='ocrx_word' id='word_1_252' title='bbox 1527 3538 1983 3605; x_wconf 83' lang='lat' dir='ltr'><strong>concernentia</strong></span> <span class='ocrx_word' id='word_1_253' title='bbox 2010 3550 2446 3629; x_wconf 89' lang='lat' dir='ltr'><strong>augmentum</strong></span> <span class='ocrx_word' id='word_1_254' title='bbox 2478 3547 2685 3614; x_wconf 91' lang='lat' dir='ltr'><strong>cultus</strong></span> 
     </span>
     <span class='ocr_line' id='line_1_29' title="bbox 408 3643 701 3712; baseline 0.003 -4"><span class='ocrx_word' id='word_1_255' title='bbox 408 3670 442 3709; x_wconf 92' lang='lat'>«</span> <span class='ocrx_word' id='word_1_256' title='bbox 473 3643 701 3712; x_wconf 69' lang='lat' dir='ltr'><strong>divini.</strong></span> 
     </span>
    </p>

    <p class='ocr_par' dir='ltr' id='par_1_8' title="bbox 403 3740 2692 4158">
     <span class='ocr_line' id='line_1_30' title="bbox 495 3740 2685 3846; baseline 0.005 -32"><span class='ocrx_word' id='word_1_257' title='bbox 495 3775 531 3815; x_wconf 92' lang='lat'>«</span> <span class='ocrx_word' id='word_1_258' title='bbox 561 3748 627 3813; x_wconf 77' lang='lat'><strong>4.</strong></span> <span class='ocrx_word' id='word_1_259' title='bbox 656 3746 866 3814; x_wconf 89' lang='lat' dir='ltr'><strong>Potest</strong></span> <span class='ocrx_word' id='word_1_260' title='bbox 892 3740 1100 3813; x_wconf 86' lang='lat' dir='ltr'><strong>facere</strong></span> <span class='ocrx_word' id='word_1_261' title='bbox 1125 3748 1359 3821; x_wconf 87' lang='lat' dir='ltr'><strong>statuta</strong></span> <span class='ocrx_word' id='word_1_262' title='bbox 1376 3744 1735 3835; x_wconf 87' lang='lat' dir='ltr'><strong>obligantia</strong></span> <span class='ocrx_word' id='word_1_263' title='bbox 1758 3754 1957 3816; x_wconf 86' lang='lat' dir='ltr'><strong>totam</strong></span> <span class='ocrx_word' id='word_1_264' title='bbox 1992 3753 2323 3821; x_wconf 86' lang='lat' dir='ltr'><strong>dioecesim</strong></span> <span class='ocrx_word' id='word_1_265' title='bbox 2352 3741 2685 3846; x_wconf 75' lang='lat' dir='ltr'><strong>(Bm-bosa,</strong></span> 
     </span>
     <span class='ocr_line' id='line_1_31' title="bbox 408 3847 2689 3946; baseline 0.004 -26"><span class='ocrx_word' id='word_1_266' title='bbox 408 3881 442 3920; x_wconf 91' lang='lat'>«</span> <span class='ocrx_word' id='word_1_267' title='bbox 469 3858 587 3937; x_wconf 70' lang='lat' dir='ltr'><strong>Jus</strong></span> <span class='ocrx_word' id='word_1_268' title='bbox 615 3854 773 3937; x_wconf 82' lang='lat' dir='ltr'><strong>eccl.</strong></span> <span class='ocrx_word' id='word_1_269' title='bbox 784 3904 803 3940; x_wconf 83' lang='lat'>,</span> <span class='ocrx_word' id='word_1_270' title='bbox 834 3853 890 3922; x_wconf 81' lang='lat'><strong>1.-</strong></span> <span class='ocrx_word' id='word_1_271' title='bbox 910 3876 955 3936; x_wconf 91' lang='lat'><strong>1,</strong></span> <span class='ocrx_word' id='word_1_272' title='bbox 986 3873 1046 3919; x_wconf 90' lang='lat' dir='ltr'><strong>c.</strong></span> <span class='ocrx_word' id='word_1_273' title='bbox 1069 3849 1183 3937; x_wconf 69' lang='lat'><strong>323</strong></span> <span class='ocrx_word' id='word_1_274' title='bbox 1211 3866 1281 3926; x_wconf 67' lang='lat' dir='ltr'><strong>nl.</strong></span> <span class='ocrx_word' id='word_1_275' title='bbox 1310 3847 1375 3940; x_wconf 91' lang='lat'><strong>7)</strong></span> <span class='ocrx_word' id='word_1_276' title='bbox 1398 3878 1413 3930; x_wconf 92' lang='lat'><strong>;</strong></span> <span class='ocrx_word' id='word_1_277' title='bbox 1449 3859 1513 3918; x_wconf 89' lang='lat' dir='ltr'><strong>et</strong></span> <span class='ocrx_word' id='word_1_278' title='bbox 1534 3873 1649 3940; x_wconf 87' lang='lat' dir='ltr'><strong>per</strong></span> <span class='ocrx_word' id='word_1_279' title='bbox 1668 3875 1815 3941; x_wconf 82' lang='lat' dir='ltr'><strong>quae</strong></span> <span class='ocrx_word' id='word_1_280' title='bbox 1838 3855 2239 3946; x_wconf 86' lang='lat' dir='ltr'><strong>abrogentur</strong></span> <span class='ocrx_word' id='word_1_281' title='bbox 2257 3860 2500 3928; x_wconf 80' lang='lat' dir='ltr'><strong>statuta</strong></span> <span class='ocrx_word' id='word_1_282' title='bbox 2520 3866 2689 3929; x_wconf 82' lang='lat' dir='ltr'><strong>ante-</strong></span> 
     </span>
     <span class='ocr_line' id='line_1_32' title="bbox 403 3958 2688 4058; baseline 0.004 -32"><span class='ocrx_word' id='word_1_283' title='bbox 403 3987 437 4026; x_wconf 88' lang='lat'>«</span> <span class='ocrx_word' id='word_1_284' title='bbox 477 3961 767 4031; x_wconf 87' lang='lat' dir='ltr'><strong>cedentia</strong></span> <span class='ocrx_word' id='word_1_285' title='bbox 803 3958 1302 4050; x_wconf 87' lang='lat' dir='ltr'><strong>Episcoporum,</strong></span> <span class='ocrx_word' id='word_1_286' title='bbox 1339 3958 1495 4046; x_wconf 87' lang='lat' dir='ltr'><strong>quia</strong></span> <span class='ocrx_word' id='word_1_287' title='bbox 1528 3962 1590 4025; x_wconf 90' lang='lat' dir='ltr'><strong>et</strong></span> <span class='ocrx_word' id='word_1_288' title='bbox 1609 3959 1731 4027; x_wconf 91' lang='lat' dir='ltr'><strong>hoc</strong></span> <span class='ocrx_word' id='word_1_289' title='bbox 1757 3967 1850 4028; x_wconf 89' lang='lat' dir='ltr'><strong>est</strong></span> <span class='ocrx_word' id='word_1_290' title='bbox 1868 3963 2383 4052; x_wconf 83' lang='lat' dir='ltr'><strong>jurisdictionis3</strong></span> <span class='ocrx_word' id='word_1_291' title='bbox 2411 3989 2688 4058; x_wconf 84' lang='lat' dir='ltr'><strong>quaeque</strong></span> 
     </span>
     <span class='ocr_line' id='line_1_33' title="bbox 408 4066 2692 4158; baseline 0.004 -25"><span class='ocrx_word' id='word_1_292' title='bbox 408 4095 440 4133; x_wconf 90' lang='lat'>«</span> <span class='ocrx_word' id='word_1_293' title='bbox 465 4068 595 4134; x_wconf 89' lang='lat' dir='ltr'><strong>sint</strong></span> <span class='ocrx_word' id='word_1_294' title='bbox 636 4075 942 4158; x_wconf 87' lang='lat' dir='ltr'><strong>perpetua</strong></span> <span class='ocrx_word' id='word_1_295' title='bbox 968 4073 1030 4134; x_wconf 94' lang='lat' dir='ltr'><strong>et</strong></span> <span class='ocrx_word' id='word_1_296' title='bbox 1055 4066 1295 4133; x_wconf 89' lang='lat' dir='ltr'><strong>durent·</strong></span> <span class='ocrx_word' id='word_1_297' title='bbox 1319 4072 1463 4156; x_wconf 87' lang='lat' dir='ltr'><strong>post</strong></span> <span class='ocrx_word' id='word_1_298' title='bbox 1485 4067 1868 4136; x_wconf 87' lang='lat' dir='ltr'><strong>electionem</strong></span> <span class='ocrx_word' id='word_1_299' title='bbox 1892 4077 1953 4138; x_wconf 93' lang='lat' dir='ltr'><strong>et</strong></span> <span class='ocrx_word' id='word_1_300' title='bbox 1975 4075 2511 4142; x_wconf 87' lang='lat' dir='ltr'><strong>constitutionem</strong></span> <span class='ocrx_word' id='word_1_301' title='bbox 2544 4073 2692 4143; x_wconf 84' lang='lat' dir='ltr'><strong>novi</strong></span> 
     </span>
    </p>

    <p class='ocr_par' dir='ltr' id='par_1_9' title="bbox 382 4173 2692 4477">
     <span class='ocr_line' id='line_1_34' title="bbox 382 4173 2686 4270; baseline 0.003 -31"><span class='ocrx_word' id='word_1_302' title='bbox 382 4173 802 4265; x_wconf 82' lang='lat' dir='ltr'><strong>«Episcopi,</strong></span> <span class='ocrx_word' id='word_1_303' title='bbox 832 4197 943 4241; x_wconf 88' lang='lat' dir='ltr'><strong>seu</strong></span> <span class='ocrx_word' id='word_1_304' title='bbox 986 4181 1275 4264; x_wconf 83' lang='lat' dir='ltr'><strong>tempore</strong></span> <span class='ocrx_word' id='word_1_305' title='bbox 1311 4173 1796 4243; x_wconf 84' lang='lat' dir='ltr'><strong>succedentium</strong></span> <span class='ocrx_word' id='word_1_306' title='bbox 1837 4177 2442 4270; x_wconf 86' lang='lat' dir='ltr'><strong>Episcoporum...;</strong></span> <span class='ocrx_word' id='word_1_307' title='bbox 2492 4181 2686 4249; x_wconf 88' lang='lat' dir='ltr'><strong>modo</strong></span> 
     </span>
     <span class='ocr_line' id='line_1_35' title="bbox 406 4277 2683 4378; baseline 0.002 -32"><span class='ocrx_word' id='word_1_308' title='bbox 406 4310 438 4348; x_wconf 92' lang='lat'>«</span> <span class='ocrx_word' id='word_1_309' title='bbox 467 4290 687 4350; x_wconf 89' lang='lat' dir='ltr'><strong>tamen</strong></span> <span class='ocrx_word' id='word_1_310' title='bbox 708 4277 839 4345; x_wconf 84' lang='lat' dir='ltr'><strong>sint</strong></span> <span class='ocrx_word' id='word_1_311' title='bbox 864 4278 1134 4347; x_wconf 88' lang='lat' dir='ltr'><strong>honesta</strong></span> <span class='ocrx_word' id='word_1_312' title='bbox 1161 4286 1223 4347; x_wconf 88' lang='lat' dir='ltr'><strong>et</strong></span> <span class='ocrx_word' id='word_1_313' title='bbox 1243 4281 1448 4368; x_wconf 80' lang='lat' dir='ltr'><strong>justa,</strong></span> <span class='ocrx_word' id='word_1_314' title='bbox 1479 4281 1763 4349; x_wconf 73' lang='lat' dir='ltr'><strong>ecclesiae</strong></span> <span class='ocrx_word' id='word_1_315' title='bbox 1787 4290 1912 4351; x_wconf 71' lang='lat' dir='ltr'><strong>aut·</strong></span> <span class='ocrx_word' id='word_1_316' title='bbox 1918 4286 2185 4373; x_wconf 81' lang='lat' dir='ltr'><strong>juribus</strong></span> <span class='ocrx_word' id='word_1_317' title='bbox 2214 4287 2683 4378; x_wconf 90' lang='lat' dir='ltr'><strong>episcopalibus</strong></span> 
     </span>
     <span class='ocr_line' id='line_1_36' title="bbox 405 4383 2692 4477; baseline 0.003 -23"><span class='ocrx_word' id='word_1_318' title='bbox 405 4391 631 4476; x_wconf 84' lang='lat' dir='ltr'><strong>«juste</strong></span> <span class='ocrx_word' id='word_1_319' title='bbox 669 4383 1003 4475; x_wconf 84' lang='lat' dir='ltr'><strong>acquisitis</strong></span> <span class='ocrx_word' id='word_1_320' title='bbox 1048 4407 1182 4453; x_wconf 90' lang='lat' dir='ltr'><strong>non</strong></span> <span class='ocrx_word' id='word_1_321' title='bbox 1220 4387 1741 4477; x_wconf 79' lang='lat' dir='ltr'><strong>praejudicantia.</strong></span> <span class='ocrx_word' id='word_1_322' title='bbox 1774 4389 1885 4461; x_wconf 90' lang='lat' dir='ltr'><strong>Sic</strong></span> <span class='ocrx_word' id='word_1_323' title='bbox 1916 4395 2192 4465; x_wconf 89' lang='lat' dir='ltr'><strong>condere</strong></span> <span class='ocrx_word' id='word_1_324' title='bbox 2219 4399 2537 4468; x_wconf 85' lang='lat' dir='ltr'><strong>statutum</strong></span> <span class='ocrx_word' id='word_1_325' title='bbox 2579 4415 2692 4461; x_wconf 90' lang='lat' dir='ltr'><strong>ne·</strong></span> 
     </span>
    </p>
   </div>
  </div>
 </body>
</html>
