2930 4982
453 375 580 433 ³56
1424 376 1767 424 ‘rnAcurns

456 505 625 573 bona
664 498 997 592 proedicta
1042 495 1382 586 receperit,
1435 494 1830 562 sententiam
1886 495 2575 564 excommunicationis
2623 500 2713 567 in-

445 620 693 679 currat.
725 604 1075 674 Alienanti
1104 624 1257 670 vero
1287 600 1458 668 bona
1480 601 1930 680 ecclesiarum,
1959 602 2537 689 monasteriorum,
2569 605 2713 672 loco-

442 737 723 805 rumque
753 714 1023 804 piorum
1069 708 1520 800 quorumlibet
1552 708 1925 776 inconsulto
1960 712 2260 777 Romano
2298 712 2636 802 Pontifice‚
2667 717 2714 781 si

431 819 821 914 pontificali
842 829 964 886 aut
987 815 1323 884 abbatiali
1333 815 1761 906 proefulqeat
1800 814 2155 904 diqnitate‚
2184 816 2513 905 inqressus
2540 819 2712 887 eccle·

440 929 560 995 sioe
601 927 689 993 sit
725 924 998 1016 penitus
1039 919 1453 1000 interdictus,
1501 926 1623 987 etc.
1671 919 2025 988 Decretalis
2057 927 2272 988 autem
2307 921 2421 989 illa
2447 923 2590 991 facit
2614 926 2710 1013 jus

444 1036 821 1101 communess
851 1028 1021 1097 Sunt
1043 1031 1105 1095 et
1129 1026 1270 1094 aliae
1299 1027 1682 1116 posteriores
1715 1027 1793 1093 de
1821 1025 2148 1115 prohibita
2185 1026 2510 1095 bonorum
2536 1030 2708 1096 eccle-

441 1139 846 1208 siasticorum
901 1134 1288 1202 alienatione
1348 1133 1716 1217 decretales»,
1779 1155 1941 1222 quas
1983 1142 2323 1200 enumerat
2377 1134 2705 1202 Cardinalis

441 1245 622 1313 Petra
679 1244 746 1309 in
800 1239 1281 1309 Commentario
1347 1239 1828 1306 constitutionis
1897 1239 2124 1330 primae
2194 1241 2400 1308 sancti
2470 1241 2699 1310 Leonis,

461 1350 629 1420 Sect.
671 1350 735 1436 1,
768 1370 836 1414 n.
873 1347 984 1429 52,
1024 1351 1069 1412 t.
1104 1343 1183 1435 l.)

439 1356 457 1440 (
531 1458 636 1524 11.
684 1452 950 1543 «Igitur
981 1456 1121 1540 post
1149 1453 1671 1541 extravagantem
1719 1449 1978 1517 citatam
2013 1448 2202 1516 Pauli
2230 1449 2286 1515 11
2315 1472 2461 1539 quae
2489 1473 2702 1520 novum

446 1591 479 1630 «
518 1566 630 1653 jus
678 1562 750 1627 in
791 1559 912 1625 hac
952 1556 1225 1624 materia
1269 1554 1548 1642 induxit,
1593 1556 1723 1622 duo
1771 1562 2027 1622 tantum
2084 1557 2469 1644 regulariter
2513 1559 2707 1647 requi-

445 1693 478 1731 «
517 1670 758 1731 runtur
798 1663 879 1729 ad
915 1661 1199 1729 validam
1240 1660 1700 1727 alienationem
1747 1660 2071 1727 honorum
2123 1659 2449 1740 Ecclesiae,
2481 1662 2706 1729 scilicet

438 1798 471 1835 «
516 1791 808 1847 causam,
858 1788 1112 1834 necnon
1161 1764 1646 1856 beneplacitum
1708 1767 2182 1856 apostolicum;
2230 1788 2352 1834 nec
2406 1788 2532 1835 una
2577 1767 2704 1834 sine

440 1905 474 1943 «
519 1878 714 1945 altero
739 1878 959 1941 actum
982 1872 1278 1939 validum
1310 1871 1517 1939 facere
1547 1877 1835 1962 potest...
1867 1871 1957 1939 Ita
1983 1878 2059 1940 ut
2082 1893 2197 1961 per
2232 1872 2474 1940 dictam
2526 1879 2703 1940 extra-

436 1993 470 2047 «
509 1985 856 2071 vagantem
880 1978 1077 2046 fuerit
1103 1983 1363 2046 avocata
1410 1973 1685 2069 potestas
1717 1976 2050 2069 Episcopis
2093 1978 2489 2047 concedendi
2519 1980 2704 2068 placi-

437 2116 472 2155 «
520 2096 661 2157 tum
694 2086 1106 2177 hujusmodi,
1146 2086 1479 2153 reservatis
1526 2084 1783 2152 casibus
1832 2085 2075 2151 ibidem
2129 2106 2261 2153 non
2313 2087 2697 2154 contentis»

433 2196 645 2289 (Card.
673 2196 859 2263 Petra
889 2196 960 2262 in
987 2198 1193 2261 const.
1234 2193 1261 2258 1
1299 2191 1504 2260 sancti
1528 2191 1767 2261 Leonis
1795 2191 2044 2280 Magni,
2079 2195 2229 2260 sect.
2267 2191 2337 2280 3,
2361 2215 2431 2261 n.
2457 2193 2590 2284 60.)

524 2304 634 2373 12.
666 2303 768 2371 An
812 2300 1288 2391 beneplacitum
1326 2299 1518 2389 Papae
1560 2299 1857 2390 suppleat
1894 2299 2333 2368 solemnitates
2379 2306 2525 2369 ante
2556 2298 2698 2367 Pau-

429 2412 571 2477 lum
620 2407 674 2476 ll
722 2408 1089 2497 requisitaS,
1138 2427 1215 2472 ac
1263 2403 1539 2495 proinde
1585 2405 1781 2472 etiam
1827 2425 2215 2472 consensum
2269 2406 2583 2497 capituli?
2625 2440 2699 2455 -—

441 2541 474 2579 «
518 2515 783 2581 Dictum
821 2512 1300 2602 beneplacitum
1334 2511 1834 2601 Apostolicum
1816 2534 1886 2579 m
1917 2512 2088 2580 dicta
2130 2514 2564 2601 extravaganti
2608 2532 2700 2578 re-

438 2647 473 2686 «
518 2620 832 2709 quisitum
865 2618 1122 2707 supplet
1167 2639 1395 2684 omnes
1424 2624 1488 2685 et
1523 2641 1973 2708 quascumque
2007 2620 2179 2709 Juris
2215 2620 2459 2708 antiqui
2485 2617 2701 2685 solem·

439 2755 474 2795 «
514 2726 741 2795 nitates
779 2745 976 2814 supra
1009 2721 1465 2789 enunciatas...
1514 2723 1595 2789 Et
1636 2745 1710 2792 eo
1741 2725 1950 2813 magis
2004 2726 2279 2817 supplet,
2326 2726 2382 2791 si
2430 2723 2594 2792 adsit
2634 2720 2699 2788 in

441 2863 475 2900 «
519 2830 926 2922 beneplacito
957 2828 1248 2897 clausula
1274 2828 1680 2919 supplentes,

518 2967 551 3007 «
594 2939 717 3007 Hic
755 2942 972 3006 autem
1011 2935 1237 3025 agitari
1273 2935 1454 3019 solet,
1495 2957 1579 3002 an
1608 2937 1862 3005 dictum
1901 2938 2388 3029 beneplacitum
2426 2934 2697 3028 suppleat

436 3072 472 3112 «
520 3067 778 3135 quoque
834 3065 1226 3113 consensum
1284 3043 1580 3133 capituli,
1631 3045 1902 3133 antiquo
1945 3047 2121 3134 jure,
2166 3049 2253 3138 ‘ut
2284 3044 2448 3131 dixi,
2502 3040 2697 3130 requi·

444 3166 492 3221 «‘
523 3153 769 3221 situm?
805 3150 885 3218 Et
907 3152 1088 3238 juxta
1113 3148 1521 3239 opinionem·
1555 3149 1878 3218 veriorem
1925 3148 2127 3234 Rotae,
2162 3149 2423 3240 supplet
2465 3165 2694 3238 quoque

441 3285 475 3325 «
514 3260 762 3327 dictum
801 3278 1275 3327 consensum...
1328 3255 1502 3344 quod
1544 3261 1764 3325 tamen
1806 3257 2311 3347 intelligendum
2354 3261 2450 3325 est
2474 3257 2528 3324 si
2566 3272 2693 3322 con·

445 3390 479 3431 «
524 3385 748 3432 sensus
808 3364 1074 3455 capituli
1122 3361 1495 3451 requiratur
1545 3385 1667 3453 pro
1710 3365 2152 3451 solemnitate3
2199 3385 2361 3448 nam
2391 3362 2446 3430 si
2487 3361 2564 3429 sit
2596 3376 2692 3448 pro

446 3498 481 3538 «
525 3472 852 3559 interesse,
886 3471 1009 3538 erit
1034 3468 1463 3557 requirendus
1485 3474 1547 3535 et
1568 3469 1982 3539 obtinendus.
2017 3496 2054 3536 >³
2093 3468 2482 3561 (Cardinalis
2507 3466 2686 3539 Petra,

437 3575 804 3647 Comment.
848 3578 920 3644 in
951 3579 1153 3643 const.
1189 3574 1221 3641 1
1258 3573 1463 3641 sancti
1503 3564 1765 3662 LeoniS,
1810 3582 1962 3645 sect.
2005 3576 2074 3665 3,
2120 3599 2207 3644 n.-
2243 3574 2284 3644 3
2330 3581 2394 3643 et
2443 3595 2594 3663 seq„
2630 3569 2688 3635 in

437 3692 612 3755 tomo
637 3683 715 3776 1.)
755 3708 790 3748 «
809 3680 1300 3773 Beneplacitum
1327 3686 1546 3748 tamen
1575 3682 1805 3771 nequit
1826 3683 2128 3774 supplere
2164 3703 2514 3750 causam...
2548 3675 2687 3746 Nam

381 3849 392 3863 .
446 3818 481 3857 «
527 3813 741 3869 causa,
791 3796 852 3856 et
902 3788 1073 3856 nihil
1123 3787 1326 3870 aliud,
1376 3793 1590 3855 movet
1645 3787 2034 3857 Pontificem
2092 3787 2173 3856 ad
2225 3783 2687 3855 concedendum

446 3926 480 3963 «
512 3896 1067 3988 beneplacitum...
1107 3892 1248 3961 Nisi
1276 3902 1490 3961 tamen
1519 3894 1693 3986 Papa
1726 3901 1941 3984 ageret
1967 3896 2047 3963 de
2075 3893 2486 3986 plenitudine
2504 3893 2689 3981 potes·

442 4029 477 4069 «
523 4005 692 4090 tatis,
723 4025 878 4071 nam
906 4023 981 4070 eo
1022 4021 1175 4068 casu
1213 4004 1376 4066 esset
1414 3998 1667 4068 validus
1695 4007 1877 4070 actus
1905 4000 2315 4070 alienationis
2352 4000 2552 4066 factus
2571 3993 2688 4061 sine

442 4132 476 4172 «
512 4129 745 4176 causa:
795 4132 947 4178 nam
996 4107 1326 4199 Papa-non
1367 4111 1462 4175 est
1502 4107 1777 4197 simplex
1821 4108 2305 4176 administrator
2339 4125 2557 4174 rerum
2589 4101 2689 4172 Ec-

441 4241 475 4281 «
521 4214 754 4292 clesiae,
795 4214 902 4281 sed
931 4216 1124 4282 habet
1161 4215 1229 4282 in
1265 4213 1396 4281 illis
1419 4213 2048 4284 administrationem
2082 4211 2539 4283 dominicalem
2564 4225 2687 4299 pro·

435 4351 470 4391 «
517 4323 828 4392 fluentem
876 4341 952 4387 ex
990 4322 1144 4408 jure
1200 4321 1706 4390 monarchico...
1758 4320 1928 4390 Hinc
1976 4323 2030 4390 si
2083 4321 2251 4413 Papa
2298 4319 2527 4386 alienet
2568 4313 2686 4382 sine

435 4456 469 4493 α
500 4431 675 4518 justa
704 4446 919 4507 causa,
962 4424 1078 4490 etsi
1113 4433 1328 4511 peccet
1373 4431 1595 4495 contra
1635 4426 2049 4516 religionem,
2086 4427 2168 4497 de
2219 4446 2351 4516 quo
2384 4418 2689 4492 videbitur
