2930 4982
464 368 588 427 388
1434 368 1781 416 ‘rnAcrAws

2103 447 2121 475 δ

458 495 561 564 lzis
582 494 784 562 teneti
786 493 982 585 psius
1011 488 1300 582 capituli
1319 487 1729 570 constitutio,
1754 487 1897 555 sine
1919 474 2277 579 Episcopo.
2313 454 2472 554 Item
2503 492 2711 553 certam

457 600 706 669 faciunt
749 598 1255 691 propositionem
1297 595 1496 661 variae
1523 593 1880 662 decisiones
1905 592 2081 661 Rotae
2119 616 2279 682 quas
2302 592 2493 659 modo
2524 588 2714 657 retuli-

455 729 633 794 muS‚
666 713 728 774 et
755 727 903 794 quae
922 704 1095 771 idem
1124 700 1395 769 omnino
1418 699 1812 789 exprimunt.
1852 697 2145 767 Tandem
2174 705 2347 767 certa
2371 698 2564 765 etiam
2590 716 2714 785 pro-

454 816 647 885 batur
673 811 1018 904 propositio
1045 832 1120 878 ex
1149 807 1488 877 communi
1535 807 1876 874 doctorum
1922 808 2279 886 sententia;
2315 805 2493 895 quod
2527 806 2711 870 autem

455 920 830 991 communis
852 940 1072 986 revera
1090 915 1172 984 sit
1199 916 1368 983 inter
1385 914 1752 981 canonistas
1781 914 1893 980 illa
1912 913 2231 996 doctrina,
2258 917 2529 980 testatur
2555 908 2707 988 Rota,

453 1033 768 1097 testantur
826 1024 1049 1114 magni
1096 1022 1384 1091 nominis
1434 1021 1749 1103 doctoreS,
1800 1027 1871 1087 ut
1917 1021 2134 1088 videre
2185 1025 2279 1086 est
2324 1020 2395 1085 in
2457 1017 2709 1086 collectis

452 1156 647 1224 supra
673 1129 1161 1199 auctoritatibus
1186 1155 1203 1215 ;
1230 1133 1294 1195 et
1321 1132 1628 1217 praeterea
1664 1126 1863 1193 lector
1905 1112 1979 1192 ex
2008 1125 2291 1193 collectis
2318 1124 2564 1192 eisdem
2588 1144 2710 1189 auc-

454 1238 817 1307 toritatibus
845 1235 1016 1304 idem
1047 1234 1434 1303 concludere
1462 1237 1688 1323 potest.

539 1342 839 1412 Omsscrio
888 1366 904 1409 z
950 1377 1041 1392 —
1067 1337 1441 1407 Andreucci
1487 1344 1551 1405 et
1591 1336 1702 1405 alii
1738 1339 2007 1427 quidam
2044 1343 2333 1406 auctores
2374 1335 2709 1404 concedunt

450 1456 707 1518 tantum
740 1447 1038 1538 capitulis
1082 1450 1457 1536 potestatem
1502 1446 1826 1513 statuendi
1868 1445 1939 1512 in
1972 1444 2340 1511 minoribus
2372 1466 2397 1509 .·
2442 1443 2549 1510 sed
2576 1443 2622 1509 si
2641 1442 2708 1507 ita

452 1556 558 1641 sit,
608 1577 740 1621 non
799 1554 1261 1622 affirmandum
1293 1557 1387 1620 est
1422 1553 1777 1639 generatim
1809 1552 1935 1641 ipsi
1964 1557 2327 1642 competere
2373 1549 2708 1617 facultatem

449 1658 621 1726 circa
656 1681 754 1742 ea,
802 1681 948 1748 quae
993 1680 1112 1725 nec
1146 1665 1382 1724 statum
1421 1656 1793 1745 generalem
1839 1657 2146 1742 ecclesiae,
2195 1679 2314 1724 nec
2345 1656 2708 1746 Episcopum

446 1771 867 1833 concernunt.
902 1799 993 1814 —·
1020 1762 1434 1852 Respondeo:
1490 1762 1553 1827 1⁰
1578 1760 1736 1829 Rota
1764 1784 1908 1851 quae
1933 1762 2138 1829 multo
2168 1762 2526 1831 accuratius
2550 1757 2705 1847 loqui

451 1870 610 1938 solet
637 1890 836 1957 quam
867 1867 1163 1956 plerique
1193 1867 1426 1957 privati
1451 1869 1826 1951 canonistae,
1858 1869 1926 1934 in
1959 1874 2101 1935 octo
2139 1867 2356 1935 relatis
2384 1862 2707 1934 decisioni-

450 1977 569 2044 bus
598 1996 731 2042 non
761 1974 966 2040 utitur
1003 1974 1414 2040 distinctione
1443 1975 1616 2040 inter
1660 1974 1912 2041 leviora
1959 1984 2022 2040 et
2064 1972 2281 2040 ardua
2314 1974 2583 2062 negotia,
2613 1967 2704 2036 sed

443 2083 711 2150 interea
728 2102 873 2171 quae
895 2085 1320 2162 concernunt,
1347 2079 1450 2145 vel
1475 2101 1633 2164 non,
1659 2084 1896 2146 statum
1923 2080 2208 2147 ecclesiae
2231 2086 2293 2146 et
2314 2079 2700 2169 Episcopum.

447 2187 516 2254 2⁰
564 2186 792 2254 Glossa
840 2186 1049 2272 citata,
1101 2206 1247 2273 quoe
1293 2206 1410 2275 pro
1444 2185 1672 2274 regula
1713 2187 1886 2275 juris
1937 2186 2234 2253 habenda
2271 2192 2392 2272 est,
2444 2180 2703 2252 concedit

446 2295 686 2386 pariter
714 2299 1089 2384 potestatem
1123 2292 1443 2359 statuendi
1475 2293 1547 2358 in
1581 2292 1661 2360 iis
1689 2316 1835 2383 quae
1854 2316 1987 2360 non
2018 2304 2311 2384 tanqunt
2329 2293 2702 2382 Episcopum

442 2401 552 2466 vel
579 2410 837 2466 statum
880 2398 1187 2465 ecclesiae.
1234 2396 1302 2465 3⁰
1347 2397 1663 2467 Auctores
1714 2401 1830 2489 qui
1876 2399 2100 2468 dicunt
2137 2399 2498 2490 capitulum
2548 2415 2704 2488 posse

439 2510 697 2571 tantum
728 2510 1002 2571 statuere
1033 2506 1101 2570 in
1130 2505 1522 2587 minoribus,
1558 2528 1689 2573 non
1722 2512 1961 2596 negant
1986 2508 2205 2597 ipsum
2247 2528 2426 2597 posse
2457 2511 2707 2572 statuere

442 2610 615 2679 circa
661 2629 735 2692 ea
787 2630 933 2696 quae
981 2630 1114 2674 non
1159 2619 1565 2677 concernunt
1604 2612 2001 2704 Episcopum
2044 2619 2155 2680 aut
2207 2618 2427 2680 statum
2451 2629 2704 2697 genera·

439 2716 572 2785 lem
610 2715 914 2793 ecclesiae,
960 2715 1069 2781 sed
1103 2714 1226 2780 hoc
1266 2715 1511 2804 ipsum,
1562 2728 1855 2786 statuere
1894 2719 2076 2786 iniis
2102 2742 2242 2809 quoe
2268 2738 2395 2784 non
2428 2724 2708 2804 tanqunt

440 2835 697 2892 statum
738 2820 1024 2890 ecclesiae
1073 2832 1137 2887 et
1163 2819 1332 2910 jura
1371 2821 1726 2914 Episcopi,
1767 2831 1998 2892 vocant
2038 2836 2328 2893 statuere
2352 2823 2424 2891 in
2445 2819 2704 2889 minori-

446 2929 561 2997 bus
583 2951 612 3013 ,·
642 2932 796 3019 quia
820 2950 1038 2995 revera
1077 2950 1222 3017 quae
1254 2949 1382 2995 non
1428 2936 1730 3019 tangunt,
1774 2954 1892 2999 nec
1912 2938 2150 2999 statum
2175 2930 2573 3013 cathedraliS‚
2604 2946 2701 2992 nec

442 3034 859 3126 Episcopum,
904 3036 1013 3102 sed
1055 3040 1308 3101 tantum
1357 3036 1579 3126 ipsum
1629 3038 2012 3128 capitulum,
2046 3039 2218 3105 inter
2242 3038 2497 3103 minora
2523 3052 2698 3123 repu-

442 3142 637 3209 tanda
664 3147 837 3214 sunt.
886 3138 1073 3207 Unde
1116 3140 1260 3208 duae
1303 3142 1433 3208 illae
1463 3142 1765 3212 formulae
1794 3145 1862 3211 in
1894 3167 1964 3211 re
2000 3165 2388 3233 synonymae
2432 3153 2605 3223 sunt3
2631 3156 2697 3203 ac

443 3247 717 3335 proinde
755 3268 887 3313 non
928 3251 1024 3313 est
1055 3247 1365 3335 oppositio
1412 3247 1585 3315 inter
1618 3270 1725 3317 eos
1748 3250 1864 3340 qui
1897 3273 2026 3318 una
2060 3257 2368 3333 utuntur,
2398 3254 2460 3315 et
2486 3269 2580 3314 eos
2599 3241 2695 3332 qui

442 3351 659 3420 altera.
692 3351 920 3441 Aptior
946 3358 1162 3418 tamen
1215 3351 1326 3418 illa
1353 3375 1554 3441 quam
1585 3355 1655 3421 in
1699 3356 2130 3446 propositione
2162 3356 2540 3446 'posuimuS,
2567 3347 2693 3439 quia

443 3457 664 3525 minus
706 3478 890 3546 vaga,
923 3462 984 3523 et
1024 3461 1393 3547 potestatem
1436 3459 1864 3547 legislativam
1895 3462 2161 3553 capituli
2196 3461 2405 3551 magis
2434 3454 2691 3527 determi-

442 3570 587 3633 nate
607 3563 945 3631 definiens,

534 3668 909 3737 Pnorosmo
956 3670 1047 3737 4¹².
1076 3709 1167 3720 —
1194 3673 1420 3738 Potest
1462 3671 1844 3760 capitulum
1886 3673 2089 3740 etiam
2115 3672 2433 3764 poenalia
2471 3675 2692 3738 statuta

446 3775 741 3859 condere,
794 3774 989 3843 modo
1033 3798 1251 3865 poenoe
1297 3799 1389 3843 eoe
1435 3775 1577 3843 sint
1627 3799 1777 3867 quoe
1815 3801 1951 3845 non
1988 3779 2371 3847 excederent
2407 3771 2694 3868 jurisdic-

450 3880 702 3948 tionem
729 3904 904 3949 mere
944 3882 1417 3948 oeconomicam
1444 3883 1961 3974 seu‘improprie
2002 3885 2273 3953 dictam.
2320 3924 2408 3937 —-
2441 3887 2503 3953 1⁰
2538 3872 2696 3960 QUOd

359 3985 364 3991 '
446 3986 643 4072 possit
668 3993 901 4055 statuta
920 3988 1518 4078 poenaliacondere,
1548 3994 1643 4056 est
1666 3998 1964 4059 constans
1986 3992 2275 4059 doctrina
2300 3990 2501 4070 Rotae,
2527 4000 2698 4076 quam

445 4085 647 4155 veluti
691 4099 930 4160 certam
972 4094 1167 4161 tradit
1212 4091 1572 4181 SuaresiuS,
1620 4102 1694 4163 ut
1734 4099 1948 4166 videre
1984 4105 2077 4165 est
2107 4100 2180 4166 in
2218 4098 2566 4188 praemissa,
2596 4087 2699 4157 sub

446 4197 854 4286 paragrapho
898 4202 1315 4289 praecedenti,
1358 4202 1737 4270 collectione
1780 4209 2114 4284 textuum3
2153 4209 2216 4272 et
2268 4202 2494 4271 haberi
2539 4196 2698 4266 debet

443 4308 783 4391 tamquam
806 4308 1174 4373 communis
1201 4307 1540 4375 doctorum
1573 4310 1910 4378 sententia.
1932 4309 2218 4399 siquem
2239 4308 2416 4378 enim
2445 4302 2694 4397 reperire

441 4413 536 4474 est
576 4401 690 4496 q'ui
715 4413 904 4495 neget
931 4428 1112 4495 posse
1147 4432 1367 4498 poenas
1403 4437 1440 4480 a
1483 4415 1764 4504 capitulo
1796 4406 2034 4505 infligi,
2068 4414 2579 4506 interpretandus
2615 4408 2692 4474 est
