2930 4982
1132 383 1211 429 ns
1255 381 1585 430 cunnus.
1614 350 1622 361 ’
2374 378 2497 435 483

230 528 264 567 «
313 505 719 591 reputentur.
745 498 945 568 Porro
976 501 1089 589 jus
1118 500 1284 568 illud
1307 499 1880 570 administrationis
1910 503 1970 570 ei
2013 503 2252 573 auferri
2280 508 2507 596 nequit

223 633 260 672 «
305 629 424 698 per
482 605 1051 696 metropolitanum
1111 605 1352 693 absque
1401 627 1596 673 causa
1646 609 2060 688 necessitatis;
2105 632 2235 699 qua
2289 616 2507 681 tamen

225 741 262 780 «
310 712 683 781 necessitate
727 712 792 779 id
835 704 1222 802 postulante,
1250 713 1406 802 jura
1459 713 1619 780 dant
1644 712 2144 806 Archiepiscopo
2192 718 2363 787 hanc
2389 742 2503 809 po·

225 846 259 885 «
306 823 616 887 testatem.
641 817 811 907 Papa
836 840 1010 898 vero,
1033 819 1117 885 ob
1153 819 1632 908 plenitudinem
1664 824 1988 908 potestatis
2012 825 2491 907 suae‚adminis-

225 952 260 990 α
308 930 611 992 tratorem
644 925 954 1015 deputare
1013 929 1257 1014 potest3
1291 924 1400 992 sed
1439 945 1571 991 non
1604 922 1788 1006 solet,
1823 924 1879 991 si
1929 927 2285 1016 capitulum
2336 927 2504 996 nihil

224 1057 260 1097 «
308 1030 734 1119 deliquerit...
790 1031 1286 1100 Administratio
1329 1037 1390 1097 et
1421 1029 1792 1120 jurisdictio
1831 1030 2231 1123 Episcopalis
2282 1035 2545 1111 transit,

226 1167 261 1205 «
306 1160 567 1229 quoque
603 1139 684 1206 ad
731 1139 1095 1228 capitulum
1149 1139 1311 1207 dum
1344 1137 1616 1206 ecclesia
1659 1137 1854 1227 quasi
1891 1150 2090 1207 vacat
2099 1160 2130 1224 ,·
2187 1141 2506 1210 nimirum

228 1272 263 1309 «
308 1245 465 1314 dum
523 1245 879 1335 Episcopus
910 1247 991 1313 ab
1042 1245 1334 1313 hostibus
1381 1252 1492 1312 aut
1544 1246 1813 1334 paganis
1846 1252 2067 1336 captus
2107 1253 2282 1315 est...
2340 1249 2500 1317 Item

227 1379 264 1418 «
309 1351 571 1442 quando
595 1352 950 1442 Episcopus
976 1353 1149 1441 degit
1173 1352 1244 1419 in
1285 1352 1577 1436 remotis,
1610 1359 1673 1419 et
1694 1352 1973 1422 vicarius
2019 1354 2200 1422 illius
2232 1354 2500 1424 relictus

227 1484 262 1519 a
309 1457 380 1525 in
431 1458 687 1526 dioecesi
741 1458 1020 1526 moritur
1064 1458 1305 1547 absque
1355 1458 1481 1525 alia
1527 1457 1833 1548 Episcopi
1888 1458 2273 1547 provisione.
2336 1458 2513 1528 Dici-

229 1592 266 1630 «
310 1571 418 1634 tur
454 1571 668 1634 autem
701 1566 1059 1657 Episcopus
1098 1588 1232 1633 esse
1266 1565 1335 1633 in
1379 1567 1672 1649 remotis,
1724 1566 1987 1655 quando
2006 1567 2147 1655 ejus
2177 1566 2512 1655 praesentia

227 1698 265 1736 «
310 1672 492 1740 brevi
533 1673 756 1741 haberi
785 1672 1030 1761 nequit.
1083 1697 1117 1736 »
1172 1670 1261 1740 lta
1302 1672 1666 1739 Leurenius
1711 1673 1806 1761 (in
1855 1693 2022 1762 saepe
2065 1672 2324 1740 citando
2373 1677 2506 1749 tra,-

216 1783 422 1865 ctatu‚
449 1779 883 1870 Decapz'tulo‚
929 1779 1075 1846 sede
1106 1783 1394 1864 vacante,
1429 1800 1488 1845 c.
1525 1778 1587 1862 1,
1620 1784 1846 1867 quaest.
1894 1778 2077 1866 447),
2099 1780 2211 1869 qui
2255 1777 2510 1868 singula

216 1885 356 1953 fere
386 1886 525 1955 haec
561 1893 795 1955 asserta
838 1885 1326 1954 auctoritatibus
1373 1885 1614 1952 firmat.

1164 2157 1449 2251 CAPUT
1503 2156 1592 2216 lv

215 2322 260 2367 A
307 2318 426 2372 QUO
466 2318 737 2365 TEMPORE
777 2319 1137 2364 JURISDIGTIO
1179 2317 1549 2364 EPISCOPALIS
1591 2318 1908 2364 TRANSEAT
1951 2319 2016 2364 IN
2056 2318 2426 2376 GAPITULUM3
2478 2319 2514 2362 A

219 2437 223 2442 ·
308 2424 427 2478 QUO
456 2424 728 2470 TEMPORE
757 2424 1041 2471 CAPITULO
1067 2426 1283 2470 LIGEAT-
1312 2426 1493 2469 ILLAM
1534 2426 1844 2469 Exn-Remus
1865 2455 1881 2483 ‚
1915 2426 1990 2470 ΕΤ
2019 2427 2057 2470 Α
2102 2426 2213 2478 QUO
2243 2424 2514 2471 TEMPORE

305 2530 579 2577 GURRERE'
598 2531 903 2576 INCIPIANT
922 2530 1067 2577 OCTO
1086 2531 1216 2576 DIES
1239 2532 1318 2576 AD
1349 2531 1748 2577 DEPUTANDUM
1783 2533 2066 2578 vaRIUM
2102 2531 2517 2578 GAPITULAREM

319 2716 410 2784 Ex
446 2714 768 2807 proposito
819 2715 959 2782 haec
995 2715 1117 2782 tria
1172 2715 1670 2805 distinguimus,
1724 2723 1798 2784 ut
1825 2716 1937 2784 illa
1964 2739 2100 2785 non
2146 2719 2325 2808 parvi
2379 2740 2515 2786 mo-

239 2821 440 2888 menti
499 2820 766 2911 quaestio
829 2820 1019 2912 plene
1088 2821 1510 2911 dignoscatur
1578 2828 1642 2891 et
1713 2824 1784 2891 in
1857 2822 2039 2914 praxi
2095 2844 2342 2891 errores
2414 2825 2514 2891 vi-

239 2932 478 2993 tentur.

325 3030 378 3099 I.
403 3031 505 3099 Ad
538 3031 1105 3101 determinandum
1154 3037 1568 3099 momentum
1594 3031 1726 3121 quo
1750 3032 2121 3121 jurisdictio
2161 3032 2387 3100 transit
2430 3031 2511 3101 ad

231 3138 617 3229 capitulum,
663 3145 726 3207 et
763 3143 1177 3206 momentum
1214 3160 1343 3226 quo
1374 3139 1636 3207 licitum
1666 3138 1748 3206 sit
1781 3138 2079 3229 capitulo,
2103 3138 2287 3211 illam
2335 3159 2514 3206 exer-

229 3265 399 3328 cere,
430 3246 849 3334 percurrendi
870 3250 1022 3312 sunt
1046 3246 1210 3313 varii
1238 3268 1445 3314 casus.

316 3350 395 3419 ln
438 3374 591 3420 casu
630 3352 879 3440 mortis,
903 3353 1120 3421 statim
1175 3374 1250 3421 ac
1290 3352 1563 3420 decessit
1594 3351 1978 3444 EpiscopuS‚
2013 3351 2384 3443 jurisdictio
2420 3358 2514 3420 est

226 3479 426 3549 penes
457 3460 843 3549 capitulum,
874 3460 1125 3530 etiamsi
1170 3460 1556 3551 capitulares
1586 3461 1818 3529 adhuc
1869 3461 2170 3551 ignorent
2222 3466 2333 3529 aut
2382 3480 2515 3528 non

227 3568 405 3633 certo
453 3571 842 3655 cognoscant
895 3566 994 3632 sui
1027 3564 1325 3633 Praesulis
1378 3565 1742 3635 decessum.
1797 3566 1832 3634 J
1838 3565 2169 3635 urisdictio
2218 3565 2395 3633 enim
2440 3565 2514 3635 in

225 3667 494 3738 dioecesi
518 3693 651 3739 non
676 3677 875 3739 cessat
896 3671 1093 3738 etiam
1120 3671 1402 3737 minimo
1439 3677 1769 3739 momento
1827 3673 2128 3757 existere3
2182 3672 2337 3759 quia
2364 3691 2517 3737 cum

219 3775 362 3866 jam
384 3775 456 3844 in
488 3777 717 3846 babitu
748 3771 913 3846 extet
938 3777 1009 3844 in
1050 3775 1358 3867 capitulo,
1388 3777 1534 3844 sede
1560 3776 1775 3865 plena,
1828 3798 1902 3843 ex
1928 3775 2262 3846 'habituali
2291 3778 2519 3845 transit

225 3882 298 3956 in
328 3885 652 3953 actualem
675 3885 798 3953 hoc
824 3885 964 3974 ipso
989 3888 1320 3951 momento
1353 3903 1483 3972 quo
1522 3882 1605 3950 ab
1630 3881 1947 3972 Episcopo
1974 3902 2009 3947 e
2036 3880 2159 3948 vita
2192 3881 2514 3970 migrante

228 3991 496 4059 recedit.
522 3990 677 4058 Inde
704 3979 916 4058 autem
943 4010 1075 4056 non
1104 3988 1396 4078 sequitur
1423 4009 1603 4078 posse
1627 3987 1988 4079 capitulum
2017 3986 2199 4054 illam
2228 4009 2518 4061 exercere

231 4102 381 4165 ante
414 4102 659 4164 certam
680 4098 758 4163 de
805 4095 986 4164 obitu
1024 4092 1329 4184 Episcopi
1377 4092 1708 4177 notitiam3
1741 4093 1866 4168 sed,
1908 4097 2163 4161 tenetur
2211 4085 2509 4164 notitiam

233 4201 414 4271 illam
444 4207 688 4271 certam
716 4208 1062 4293 expectare.
1099 4199 1166 4268 Si
1214 4206 1428 4266 tamen
1452 4221 1529 4266 ex
1556 4199 1974 4288 probabiliter
1985 4207 2240 4270 tantum
2261 4202 2518 4290 cognita

236 4316 443 4378 morte
469 4298 771 4401 Episcopi
795 4306 1317 4398 jurisdictionem
1352 4311 1670 4374 exerceret
1704 4306 2088 4398 capitulum,
2113 4304 2518 4394 culpabiliter

238 4417 508 4505 quidem
522 4421 761 4505 ageret,
787 4415 894 4483 sed
919 4415 1156 4484 valeret
1184 4418 1363 4481 actus
1398 4411 1453 4479 si
1480 4434 1700 4482 revera
1730 4434 1805 4483 eo
1841 4420 2172 4483 momento
2198 4431 2327 4497 quo
2346 4425 2518 4476 exer-
