2930 4982
1142 342 1221 389 nn
1263 341 1587 390 caranus.
2380 337 2506 398 46⁹

314 455 643 526 Canonico
670 457 1020 527 celebranti
1040 481 1154 528 seu
1179 460 1474 529 officium
1498 460 1753 530 facienti
1783 462 2054 531 debetur
2078 466 2509 554 praecedentia

229 557 423 627 etiam
452 582 646 651 supra
666 559 1048 652 Dignitates,
1079 566 1149 632 in
1171 565 1470 651 sessione,
1508 563 1931 655 intonatione,
1959 572 2080 638 etc.
2116 568 2312 640 Sacra
2334 570 2512 641 Con-

225 665 397 757 gatio
427 665 704 748 rituum,
731 669 904 759 apud
925 668 1313 755 Gardellini,
1354 692 1424 739 n.
1464 670 1639 738 1547
1663 675 1725 738 et
1756 670 1912 738 408.

310 779 675 850 Canonicus
698 781 1247 854 hebdomadarius
1268 784 1403 854 sola
1427 806 1632 877 cappa
1665 784 2024 854 canonicali
2050 788 2321 858 indutus
2347 814 2516 883 prae-

225 884 584 953 cedentiam
629 886 824 955 habet
872 888 942 956 in
981 910 1054 957 ea
1081 894 1260 980 parte
1304 890 1489 958 chori
1534 912 1571 959 a
1617 912 1746 981 qua
1794 889 2143 959 inchoatur
2192 894 2516 979 officium,

222 991 414 1060 etiam
442 1014 639 1085 supra
686 993 1067 1084 Di'gnitates.
1105 995 1301 1067 Sacra
1342 996 1773 1087 Congregatio
1810 997 2091 1082 rituum,
2144 1000 2319 1089 apud
2356 1001 2523 1073 Gar-

221 1097 474 1186 dellini,
503 1120 570 1167 n.
599 1097 809 1170 2374.

303 1223 624 1317 Canonici
646 1231 812 1294 stare
841 1248 974 1296 non
998 1226 1236 1297 debent
1263 1226 1346 1297 ad
1380 1249 1626 1297 nonam
1664 1227 2011 1297 lectionem
2063 1250 2101 1296 a
2145 1228 2511 1303 celebrante

217 1330 722 1401 hebdomadario
751 1334 998 1402 cantari
1046 1334 1332 1423 solitam,
1363 1334 1556 1404 etiam
1588 1333 1643 1403 si
1680 1334 1736 1402 is
1772 1334 1855 1403 sit
1899 1333 2170 1426 pluviali
2216 1335 2487 1407 indutus
2499 1388 2520 1428 ,

217 1457 376 1505 cum
402 1437 780 1529 hujusmodi
819 1439 1207 1530 obsequium
1257 1441 1700 1531 praestandum
1753 1440 2166 1509 solummodo
2218 1441 2305 1509 sit
2355 1442 2515 1519 dum

215 1547 516 1715 pantatur
542 1544 623 1612 ab
653 1543 994 1637 Episcopo.
1053 1546 1246 1616 Sacra
1281 1546 1710 1636 Congregatio
1739 1546 2017 1629 rituum,
2052 1548 2225 1638 apud
2256 1546 2522 1616 Gardel-

244 1648 364 1732 ini,
396 1671 466 1719 n.
502 1650 698 1720 1819.

301 1771 390 1844 Χ.
442 1774 773 1844 Canonico
816 1775 1149 1844 intonante
1200 1776 1656 1867 antiphonam,
1707 1775 1819 1844 alii
1876 1774 2126 1845 debent
2181 1796 2517 1868 assurgere

217 1880 460 2056 detecgto
517 1882 746 1973 capite.
796 1879 990 1951 Sacra
1051 1882 1483 1973 Congregatio
1548 1883 1824 1969 rituum,
1886 1882 2060 1976 apud
2109 1881 2496 1971 Gardellini,

216 2008 285 2055 n.
321 1987 363 2054 2
416 1988 524 2056 72.

303 2110 618 2181 Canonici
647 2134 791 2181 eam
810 2118 1058 2204 partem
1081 2118 1368 2183 tenentes
1394 2113 1514 2181 ubi
1541 2112 1876 2181 intonatur
1926 2111 2307 2204 antiphona,
2349 2134 2495 2183 om-

212 2238 618 2391 nes3s4ugggeoe
640 2219 895 2288 debent.
922 2219 1119 2293 Sacra
1146 2220 1577 2311 Congregatio
1596 2222 1874 2306 rituum,
1910 2220 2083 2310 apud
2109 2218 2494 2306 Gardellini,

207 2342 279 2390 n.
505 2373 522 2391 .

295 2442 416 2516 XI.
443 2446 755 2517 Canonici
782 2453 843 2518 et
869 2446 1229 2538 Dignitates
1262 2449 1423 2519 dum
1457 2453 1715 2518 cantare
1741 2447 1978 2517 debent
2015 2447 2349 2530 lectioneS‚
2373 2467 2492 2518 ae-

207 2552 433 2725 pedere
452 2553 689 2729 dgbegizt
708 2555 792 2624 ad
810 2555 1021 2647 legile.
1049 2554 1241 2626 Sacra
1256 2556 1684 2648 Congregatio
1722 2557 1999 2638 rituum,
2041 2558 2213 2648 apud
2232 2555 2494 2626 Gardel-

235 2659 355 2742 ini,
387 2679 460 2727 n.
553 2661 595 2727 4
697 2712 713 2728 .

293 2777 441 2850 ΧΙΙ.
471 2780 784 2850 Canonici
806 2786 1112 2851 tenentur
1147 2782 1457 2853 inservire
1489 2783 1561 2851 in
1603 2782 1818 2855 officio
1841 2783 2097 2852 diaconi
2122 2788 2185 2851 et
2226 2781 2497 2853 subdia-⁸

207 2885 356 2954 coni
384 2892 516 2952 tam
546 2885 863 2974 Dignitati
887 2910 1086 2977 quam
1121 2890 1432 2957 canonico
1457 2887 1809 2956 celebranti
1855 2886 2075 2979 (Sacra
2118 2886 2489 2976 Congrega-

204 2991 292 3059 tio
324 2991 604 3079 rituum,
644 2993 820 3082 apud
871 2991 1254 3081 Gardellini,
1295 2994 1587 3062 numeris
1629 2992 2488 3063 663-754-947-966-1062-

212 3097 2481 3168 1069-1124-1300-1312-1354-1391-1552-1554-1614-1725-

212 3203 1064 3275 1809-1878-1977-2133
1081 3204 2483 3276 -2674-3099-3132-3190-3239-3267-

208 3309 441 3403 3560);
478 3332 608 3379 non
626 3316 843 3379 tamen
857 3317 1035 3386 *extra
1053 3313 1387 3404 propriam
1408 3312 1741 3381 ecclesiam
1767 3312 1895 3381 nisi
1932 3312 2257 3381 interesset
2304 3311 2482 3403 capi-

205 3418 416 3486 tulum
460 3416 675 3508 (ibid.,
708 3441 778 3486 n.
815 3418 946 3488 992
994 3429 1058 3489 et
1113 3419 1309 3511 1009)
1341 3444 1358 3488 :
1396 3442 1608 3510 neque
1654 3421 1724 3487 in
1753 3420 2059 3512 vesperis,
2111 3420 2183 3487 in
2235 3420 2480 3508 quibus

206 3524 513 3616 pluvialia
539 3546 795 3593 sumere
817 3524 1055 3595 debent
1079 3527 1435 3619 presbyteri
1456 3526 1537 3595 de
1556 3527 1812 3617 gremio
1844 3526 2123 3596 ecclesiae
2151 3527 2260 3594 sed
2289 3547 2481 3594 cano·

207 3631 363 3700 nicis
416 3631 758 3701 inferiores
801 3632 1093 3725 (ibidem,
1159 3656 1230 3702 n.
1301 3633 1340 3698 7
1348 3634 1434 3702 54
1487 3639 1550 3702 et
1596 3633 1635 3700 7
1641 3634 1776 3710 60).
1831 3632 2079 3723 Regula
2104 3638 2320 3701 autem
2365 3631 2482 3699 illa

207 3739 548 3805 canonicos
597 3738 1005 3828 adstringens
1040 3740 1122 3807 ad
1145 3737 1634 3807 inserviendum
1660 3736 1979 3828 Dignitati
2026 3737 2128 3805 vel
2171 3733 2484 3805 canonico

207 3842 578 3931 celebranti,
602 3844 891 3934 procedit
942 3850 1192 3915 tantum
1236 3845 1448 3937 quoad
1475 3867 1702 3915 omnes
1742 3846 1974 3914 missas
2019 3842 2336 3913 solemnes
2398 3840 2470 3911 in

207 3948 434 4123 ‹ilpgbgus
448 3950 822 4146 gggpiritur
852 3950 1164 4021 diaconus
1193 3958 1257 4021 et
1292 3952 1729 4023 subdiaconus
1755 3950 1966 4045 (ibid.,
2001 3971 2072 4020 n.
2106 3946 2479 4020 760-1743-

374 4058 436 4124 -1
616 4108 632 4123 .

290 4167 445 4249 Quae
465 4170 692 4259 regula
710 4173 1021 4243 servanda
1053 4179 1147 4242 est
1170 4172 1421 4243 etiamsi
1450 4173 1815 4264 praebendae
1840 4193 1974 4241 non
2001 4172 2131 4240 sint
2154 4171 2472 4241 distinctae

211 4265 417 4358 (ibid.,
447 4295 520 4343 n.
555 4274 787 4367 1799);
811 4300 941 4369 quo
960 4301 1111 4349 casu
1131 4300 1358 4349 omnes
1380 4278 1615 4348 debent
1653 4276 1778 4345 sibi
1802 4276 2084 4349 invicem
2108 4275 2475 4348 ministrare

210 4376 382 4447 nulla
407 4380 629 4451 habita
649 4382 896 4455 ratione
923 4386 1324 4458 ancianitatis
1348 4384 1533 4478 (ibid.
1547 4435 1567 4466 ,
1594 4406 1666 4455 n.
1693 4382 1920 4475 3307).
