2930 4982
1131 326 1207 371 DE
1251 327 1579 376 cunnus.
2384 326 2403 380 1
2423 326 2453 381 9
2468 327 2501 380 3

239 427 507 501 Patribus
556 438 847 526 ejusdem
892 440 1449 532 Congregationis‚
1499 455 1562 516 et
1606 453 1898 541 expensis
1950 453 2373 541 qualitatibus
2428 456 2500 521 in

238 540 527 608 erectione
550 548 1113 628 concurrentibuS‚
1158 553 1392 620 annuit
1417 554 1521 620 vel
1554 554 1802 622 abnuit.
1844 555 2250 645 Regulariter
2279 564 2498 626 tamen

237 641 544 715 intalibus
589 650 984 721 considerari
1030 655 1191 723 solet
1226 658 1506 745 qualitas
1552 665 1615 725 et
1657 660 2017 749 amplitudo
2064 662 2187 731 loci
2241 664 2310 730 in
2367 685 2502 753 quo

240 747 507 820 facienda
552 760 646 822 est
688 756 945 837 erectio,
997 760 1289 829 docilitas
1338 769 1401 829 et
1442 765 1879 833 numerositas
1934 768 2158 857 populi
2213 777 2278 836 et
2309 770 2494 854 cleri,

240 859 540 925 structura
572 865 635 926 et
678 864 993 951 capacitas
1024 865 1310 933 ecclesiae
1351 873 1580 936 erectae
1606 875 1720 935 aut
1764 871 2115 958 erigendae,
2164 893 2497 942 sacrarum

240 965 711 1053 supellectilium
743 972 1100 1059 pretiositas
1127 979 1190 1041 et
1211 975 1570 1061 diversita8‚
1602 975 1718 1044 dos
1742 998 2035 1067 congrua
2067 1001 2184 1069 pro
2208 981 2503 1069 praeben-

241 1068 310 1136 dis
336 1072 807 1142 canonicorum
832 1082 893 1143 et
916 1076 1484 1148 distributionibus
1508 1109 1523 1161 ;
1561 1081 1858 1167 ulterius,
1890 1086 2062 1172 quod
2105 1086 2508 1155 conditiones

240 1174 290 1240 in
307 1176 688 1248 fundatione
714 1185 1116 1274 apponendae
1146 1207 1282 1253 non
1311 1187 1441 1253 sint
1468 1208 1506 1253 a
1526 1188 1678 1276 jure
1704 1188 2213 1258 exorbitantes...
2256 1190 2513 1260 Potiora

242 1285 434 1351 tamen
474 1308 618 1375 quae
659 1297 922 1358 movent
968 1297 1122 1359 sunt
1164 1313 1454 1380 congrua
1482 1293 1596 1360 dos
1638 1298 1700 1359 et
1727 1295 1955 1384 populi
1989 1296 2352 1384 frequentia
2395 1317 2509 1366 seu

242 1390 492 1475 qualitas
527 1393 680 1464 loci.
728 1420 762 1460 >³
818 1395 1206 1486 (Cardinalis
1252 1398 1461 1481 Petra,
1519 1401 2065 1468 commentarium
2101 1402 2171 1467 in
2203 1407 2408 1469 const.
2474 1404 2509 1469 7

242 1491 580 1566 innocentii
612 1499 726 1582 lv,
760 1507 911 1569 sect.
943 1502 1008 1584 2,
1044 1524 1112 1568 n.
1146 1502 1258 1585 37,
1289 1504 1359 1569 in
1387 1509 1546 1570 tom.
1578 1502 1716 1592 111.)

1156 1777 1445 1838 CAPUT
1496 1779 1591 1837 III

315 1943 392 1988 AN
430 1946 760 2004 EPOECOPUS,
810 1947 1000 1993 SEMEL
1039 1948 1267 1993 ERECTO
1311 1948 1615 2004 CAPITULO,
1664 1947 1848 1993 Novus
1891 1948 2304 1995 CANONICATUS
2350 1950 2424 1993 m·

811 2055 999 2100 NOVAS
1039 2054 1395 2100 DIGNITATES
1437 2053 1669 2097 GREARE
1710 2042 1948 2098 POSSIT‘?

316 2235 703 2302 Pnorosmo
737 2238 823 2302 1³.
855 2237 1114 2325 Absque
1139 2259 1451 2302 consensu
1469 2234 1755 2322 capituli
1775 2256 1909 2299 non
1922 2245 2146 2322 potest
2162 2238 2533 2326 Episcopus

230 2361 445 2405 novos
466 2340 897 2406 canonicatus
916 2362 1121 2430 neque
1143 2362 1353 2406 novas
1372 2338 1735 2428 diqnitates
1748 2359 2130 2405 creare.—«
2146 2338 2533 2431 Quanquam

244 2444 630 2513 «Corradus
658 2446 1250 2536 (Praoez'sbenefi,l.
1291 2446 1395 2528 11,
1430 2466 1488 2513 c.
1512 2443 1578 2527 3,
1613 2465 1682 2510 n.
1714 2443 1790 2510 61
1823 2449 2067 2533 etseq,
2093 2446 2212 2513 etl.
2248 2468 2340 2527 iv,
2366 2469 2423 2516 c.
2459 2450 2524 2537 7,

244 2577 276 2616 «
307 2574 378 2619 n.
432 2551 546 2640 24)
596 2552 894 2620 videatur
943 2554 1176 2620 sentire
1223 2553 1395 2641 quod
1442 2551 1799 2642 Episcopus
1845 2552 2105 2641 propria
2149 2555 2530 2624 anctoritate

252 2683 282 2723 ι(
305 2660 553 2748 erigere
583 2660 803 2749 possit,
852 2666 981 2726 tam
1018 2660 1086 2726 in
1136 2657 1492 2726 cathedrali
1520 2679 1722 2747 quam
1770 2657 1841 2724 in
1864 2657 2199 2746 collegiata
2249 2661 2530 2727 ecclesia

253 2787 283 2823 α
312 2765 727 2831 canonicatus
750 2788 767 2848 3
801 2763 1233 2832 nihilominus
1256 2764 1396 2831 haec
1423 2764 1718 2830 doctrina
1745 2763 1816 2827 in
1843 2761 2027 2850 praxi
2076 2763 2372 2829 tenenda
2399 2784 2535 2830 non

253 2892 286 2929 ι(
310 2873 407 2935 est
431 2889 645 2955 neque
687 2869 1035 2954 sequenda.
1070 2867 1239 2946 Quia
1271 2869 1326 2933 si
1358 2868 1500 2934 sine
1529 2886 1850 2933 consensu
1880 2862 2150 2952 capituli
2179 2863 2537 2953 Episcopus

257 2996 286 3035 ι(
312 2972 782 3040 canonicatum
834 2993 950 3038 seu
995 2973 1384 3059 dignitatem
1440 2970 1665 3060 (quam
1715 2990 1872 3035 cum
1927 2966 2153 3033 eodem
2216 2989 2535 3039 consensu

261 3104 291 3143 «
318 3100 535 3146 creare
569 3075 797 3167 potest)
825 3078 1122 3164 erigeret,
1148 3074 1414 3142 nulliter
1440 3079 1678 3162 ageret,
1703 3079 1777 3139 ut
1797 3094 1915 3164 per
1936 3071 2299 3141 doctrinam
2321 3074 2375 3142 F
2377 3076 2535 3146 elini

263 3210 292 3247 «
319 3184 413 3274 (in
442 3207 498 3253 c.
554 3186 721 3251 Cum
752 3181 1191 3262 accessissent,
1221 3204 1289 3249 n.
1326 3181 1431 3265 15,
1463 3180 1559 3248 De
1600 3178 1913 3271 constit.),
1948 3201 2202 3247 necnon
2238 3180 2531 3270 Fagnani

265 3313 295 3351 α
324 3288 418 3378 (in
441 3311 500 3357 c.
534 3290 820 3376 Dilecto,
848 3310 917 3360 n.
957 3288 1067 3368 18,
1097 3286 1194 3354 De
1221 3284 1637 3377 praebendis),
1663 3285 1951 3353 decisum
1976 3285 2249 3375 reperies
2272 3308 2310 3355 a
2339 3286 2531 3357 Sacra

265 3396 821 3486 «Congregatione
870 3396 1128 3465 concilii
1168 3397 1262 3487 (in
1295 3395 1642 3477 Clodiensi,
1694 3394 1734 3461 5
1779 3394 1931 3484 julii
1981 3395 2184 3482 16083
2231 3397 2533 3486 Aquina-

269 3525 299 3564 (ι
326 3504 510 3589 tensi,
533 3502 622 3570 20
644 3503 950 3569 februarii
980 3502 1150 3569 1677
1180 3502 1602 3586 3Mazariensi,
1630 3501 1717 3567 20
1742 3501 2125 3589 septembris
2150 3501 2321 3568 1692
2341 3525 2357 3582 ;
2374 3510 2438 3569 et
2461 3505 2529 3570 in

272 3629 301 3666 «
334 3605 695 3688 Sabinensi,
735 3607 818 3672 14
844 3606 1067 3694 aprilis
1098 3605 1319 3693 1696).

354 3734 389 3772 «
415 3708 663 3778 Verum
695 3716 915 3799 ‚tamen
946 3714 1064 3792 est,
1100 3707 1275 3795 quod
1304 3708 1361 3773 si
1394 3707 1759 3794 capitulum
1804 3708 2332 3774 irrationabiliter
2357 3731 2537 3781 erec-

261 3827 305 3877 ·«
331 3816 488 3884 tioni
511 3840 578 3885 se
598 3821 982 3908 opponeret,
1008 3819 1071 3881 et
1090 3830 1483 3880 consensum
1504 3814 1806 3899 praestare
1825 3810 2050 3894 nollet,
2076 3811 2266 3878 illum
2286 3818 2541 3908 supplet

281 3947 312 3983 «
345 3921 533 3991 Sacra
550 3924 993 4011 Congregatio
1023 3918 1315 4001 concilii,
1343 3923 1416 3984 ut
1453 3916 1878 4007 practicatum
1898 3917 2034 3985 vidi
2062 3918 2132 3985 in
2154 3919 2324 3990 dicta
2359 3921 2539 3994 Sabi-

282 4051 311 4087 «
338 4030 545 4115 nensi,
599 4029 641 4094 2
679 4028 832 4118 julii
889 4025 1083 4095 1696.
1146 4024 1227 4093 Et
1273 4026 1516 4091 iterum
1563 4023 1851 4113 suppleri
1908 4024 2244 4113 petebatur
2290 4027 2359 4095 in
2415 4032 2539 4099 alia

279 4153 311 4190 α
338 4129 668 4215 Amerina,
701 4132 786 4199 25
806 4132 983 4221 junii
1016 4130 1189 4199 1695
1215 4154 1232 4215 ;
1273 4131 1343 4197 in
1374 4151 1504 4218 qua
1540 4128 1898 4219 Episcopus
1926 4117 2194 4224 cupiens
2215 4134 2283 4201 in
2312 4158 2537 4204 execu-

281 4237 573 4306 «tionem
619 4240 811 4328 legati
850 4238 1161 4305 testatoris
1215 4237 1376 4303 duos
1426 4235 1847 4303 canonicatus
1906 4238 2150 4329 erigere
2202 4239 2282 4307 de
2341 4257 2537 4314 novo,

281 4367 310 4404 «
342 4346 693 4431 capitulum
717 4367 1049 4413 assensum
1074 4343 1359 4434 praebere
1379 4342 1596 4408 renuit
1615 4342 1697 4408 ob
1720 4342 2155 4411 deficientiam
2182 4342 2539 4407 redituum,

2152 4461 2177 4502 4
2197 4461 2220 4500 3
