2930 4982
329 363 354 417 1
372 362 408 417 6
1298 367 1645 416 TnAcrATus

318 513 459 560 ron.
496 491 567 558 in
593 490 995 559 Bibliotheca
1019 489 1311 571 Patruin,
1340 496 1496 558 tom.
1522 487 1640 574 lv,
1672 489 1796 556 col.
1839 488 2065 577 1201.)
2095 488 2496 557 Honorifica
2525 512 2639 557 au·

317 603 450 665 tem
490 595 804 687 Capitulis
849 595 1211 686 antiquitus
1240 594 1552 663 attributa
1593 594 1863 662 nomina
1891 594 2031 662 fuse
2063 602 2368 664 recenset
2389 594 2595 665 Nardi
2614 649 2630 679 ,

319 726 356 769 a
385 717 516 792 quo
540 703 676 770 haec
701 722 904 792 pauca
928 702 1333 792 excerpimus
1364 725 1379 768 ε

416 835 449 873 «
479 808 623 876 Jam
694 806 1108 876 consiliarios
1168 807 1494 898 Episcopi
1530 819 1593 876 et
1637 807 1952 877 Ecclesioe
2018 830 2348 877 coronam
2399 816 2639 878 vocant

324 942 358 982 «
396 913 915 983 Constitutiones
944 913 1327 1005 apostolicae
1356 912 1445 1005 (1)
1483 913 1623 1003 (lib.
1658 913 1741 993 ll,
1775 935 1834 982 c.
1863 914 2085 1005 xxviii)
2107 914 2538 1005 presbyteros
2575 922 2638 983 et

324 1049 359 1087 «
388 1022 692 1089 diaconos
726 1019 1105 1111 episcopalis
1134 1019 1542 1111 presbyterii.
1588 1019 1964 1088 Consilium
1995 1032 2059 1087 et
2086 1032 2372 1089 senatus
2402 1022 2637 1090 Eccle-

327 1156 359 1191 «
388 1125 505 1193 sice
545 1125 745 1194 iidem
785 1126 1097 1192 dicuntur
1139 1126 1204 1192 in
1238 1126 1574 1214 trigesimo
1602 1127 1880 1217 septimo
1906 1125 2256 1194 Canonum
2281 1127 2633 1218 Apostolo-

325 1261 359 1299 «
386 1256 560 1301 rum.
606 1230 732 1299 Eos
778 1252 1094 1298 coronam
1135 1237 1321 1298 vocat
1361 1238 1622 1299 sanctus
1661 1230 1947 1319 Ignatius
1976 1237 2234 1321 martyr
2257 1232 2332 1299 in
2358 1233 2634 1322 epistola

327 1340 464 1406 «ad
504 1336 949 1426 Magnesianos
989 1335 1071 1427 (c.
1113 1336 1291 1427 xiii),
1334 1358 1702 1405 consessum
1743 1337 2069 1428 Episcopi
2110 1338 2182 1404 in
2223 1338 2511 1428 epistola
2551 1339 2631 1407 ad

326 1473 357 1508 «
388 1442 977 1532 philadelphienses
994 1441 1060 1533 (n
1071 1494 1085 1509 .
1105 1443 1197 1533 8),
1224 1442 1329 1510 col
1333 1441 1362 1508 l
1363 1442 1590 1533 eqium
1605 1442 1678 1510 in
1692 1441 1959 1533 epistola
1975 1443 2056 1509 ad
2073 1441 2553 1532 SmyrnenseS,
2572 1451 2636 1513 et

325 1579 357 1614 «
388 1548 739 1616 consilium
767 1549 836 1615 in
863 1548 1131 1638 epistola
1158 1549 1237 1615 ad
1262 1546 1658 1636 Trallianos;
1687 1549 1757 1615 in
1786 1570 1915 1638 qua
1933 1548 2170 1616 ultima
2195 1550 2635 1625 commendat

325 1682 359 1721 «
387 1654 811 1724 reverentiam
838 1653 1257 1744 presbyterio
1299 1654 1585 1722 debitam
1624 1675 1757 1721 non
1789 1653 2003 1721 solum
2028 1653 2112 1721 ob
2141 1654 2626 1743 characterem,

325 1788 358 1827 «
389 1760 499 1829 sed
533 1759 798 1849 insuper
826 1760 982 1849 quia
1019 1768 1111 1828 est
1135 1760 1489 1829 consilium
1519 1758 1664 1828 Dei.
1694 1757 1944 1849 Saepius
1969 1764 2188 1827 tamen
2214 1783 2329 1830 eos
2355 1764 2630 1832 nomine

324 1894 356 1929 «
385 1865 766 1955 presbyterii
808 1871 1146 1933 memorat.
1199 1865 1355 1934 lstos
1397 1870 1618 1933 autem
1649 1864 1870 1932 titulos
1896 1866 2264 1956 reperimus
2292 1868 2377 1935 ad
2406 1875 2628 1958 poste-

326 1998 358 2033 «
387 1972 558 2038 riora
583 1970 816 2039 saecula
835 1972 1159 2039 transisse.
1196 1971 1477 2062 Colleqii
1493 1971 1936 2039 denominatio
1958 1973 2279 2061 reperitur
2303 1979 2626 2064 usurpata

326 2103 357 2138 «
388 2077 458 2143 in
475 2077 796 2159 conciliiS,
820 2077 889 2144 in
910 2079 1060 2168 jure
1082 2078 1421 2160 canonice,
1448 2077 1516 2143 in
1542 2076 1771 2144 litteris
1789 2075 2208 2144 Pontificum.
2227 2077 2403 2159 Una,
2433 2079 2624 2147 verbi

327 2208 357 2245 «
389 2184 618 2271 gratia,
651 2204 726 2249 ex
754 2183 889 2251 istis
911 2183 1172 2267 litteris,
1199 2183 1357 2250 anni
1385 2181 1585 2266 1072,
1611 2186 1930 2248 memorat
1952 2180 2384 2249 reverendum
2414 2182 2625 2250 colle-

327 2315 360 2353 «
386 2290 575 2379 qiam
601 2289 839 2357 matris
866 2289 1142 2357 ecclesioe
1166 2288 1619 2357 Cabilonensis
1641 2286 1901 2378 (Gallia
1927 2287 2317 2371 christiana,
2341 2288 2618 2378 Appen-

326 2421 361 2459 «
389 2397 521 2477 dix,
574 2418 643 2461 n.
695 2395 841 2482 11);
888 2397 1059 2461 idem
1092 2396 1446 2461 dicendum
1479 2395 1558 2460 de
1579 2395 1724 2460 aliis
1744 2394 1973 2476 titulis,
2007 2394 2332 2488 praecipue
2355 2416 2516 2462 vero
2540 2394 2620 2462 de

322 2501 658 2586 «flnomine
704 2500 966 2568 consilii
1008 2512 1071 2567 et
1120 2512 1409 2566 senatus
1472 2499 1897 2565 Consiliarios
1944 2500 2180 2587 passim
2226 2499 2619 2569 Tridentina

322 2634 356 2670 «
386 2606 671 2694 synodus
695 2604 1053 2673 Canonicos
1079 2609 1287 2687 vocat,
1311 2609 1373 2670 et
1397 2612 1708 2670 senatum
1733 2601 2074 2682 Ecclesiae,
2096 2603 2168 2670 in
2189 2607 2475 2674 sessione
2494 2607 2611 2691 24,

325 2739 357 2778 «
388 2736 446 2780 c.
502 2713 605 2780 12.
652 2708 963 2780 Senatum
994 2711 1230 2800 pariter
1265 2731 1371 2777 eos
1398 2709 1641 2777 dixerat
1668 2707 1733 2776 S.
1764 2707 2116 2797 Gregorius
2135 2708 2611 2801 NazianzenuS,

326 2849 358 2884 «
387 2820 550 2886 dum
590 2818 838 2887 scilicet
888 2817 981 2908 (in
1013 2818 1302 2884 carmine
1330 2815 1610 2883 iambico
1634 2814 1745 2906 23)
1778 2816 2106 2905 querelam
2140 2824 2362 2886 contra
2387 2842 2501 2888 eos
2517 2822 2612 2889 sic

324 2950 358 2988 «
387 2925 692 3015 expressit
721 2948 737 2991 ε
768 2922 1101 2992 Secundos
1141 2922 1258 3013 qui
1293 2932 1517 3012 tenent
1547 2921 1785 3012 templi
1804 2923 1978 2989 sacri
2002 2922 2270 3012 thronos
2288 2979 2305 3010 ,
2338 2940 2614 2994 senatus

324 3056 356 3093 «
386 3030 501 3098 ille
518 3030 908 3119 splendidus
924 3029 1231 3121 plebique
1241 3026 1637 3121 proesidens,
1665 3027 1740 3095 in
1767 3049 1871 3096 me
1889 3028 2169 3118 fuerunt
2196 3028 2383 3097 lzaud
2399 3029 2560 3095 boni
2581 3054 2607 3094 .-

326 3164 358 3199 «
386 3136 533 3225 quis
562 3133 932 3204 credidisset
952 3136 1124 3203 lzoc?
1146 3134 1343 3203 Anno
1368 3135 1527 3222 900,
1563 3134 1859 3203 eamdem
1891 3156 2115 3202 vocem
2143 3132 2505 3221 reperimus
2535 3152 2607 3197 1n

325 3241 538 3311 «Vita
578 3242 779 3310 sancti
825 3240 1175 3323 BrunoniS,
1231 3240 1629 3308 Coloniensis
1678 3239 1961 3307 ecclesiae
2001 3236 2283 3327 capitulo
2313 3235 2608 3326 applica-

326 3374 359 3412 «
386 3354 517 3416 tam
554 3371 570 3414 ε
603 3347 924 3438 Episcopi
946 3357 1171 3414 autem
1201 3346 1318 3436 qui
1334 3347 1708 3436 frequentes
1737 3343 2045 3426 aderant,
2071 3354 2137 3409 et
2165 3341 2363 3431 liujus
2390 3343 2613 3410 sancti

326 3481 359 3519 «
388 3454 600 3523 clerus
641 3462 908 3521 senatus
955 3473 1152 3542 super
1195 3449 1644 3518 cathedralem
1681 3446 2155 3539 pontificalem
2190 3444 2405 3514 sedere
2429 3448 2604 3537 fece-

323 3589 357 3626 «
388 3572 569 3629 runt.
616 3559 696 3627 Et
737 3579 910 3627 anno
958 3556 1159 3643 1085,
1210 3555 1672 3624 Ambianensis
1716 3554 2077 3645 Episcopus
2124 3554 2338 3621 adhuc
2376 3554 2600 3621 eodem

325 3695 360 3733 «
390 3668 699 3738 vocabulo
723 3664 1085 3757 capitulum
1111 3661 1476 3730 cathedrale
1491 3660 1793 3750 *designat
1816 3682 1831 3726 ε
1861 3659 2088 3727 Totius
2107 3670 2372 3728 senatus
2394 3658 2606 3727 nostri

325 3799 361 3837 «
389 3797 676 3844 assensu.
701 3800 735 3839 »
767 3771 1020 3866 (Conc.,
1045 3774 1202 3838 tom.
1229 3765 1379 3856 XX,
1404 3766 1528 3836 col.
1562 3765 1749 3857 611.)
1775 3765 1864 3834 lta
1878 3764 2103 3834 Nardi.
2134 3765 2282 3855 (Dei
2294 3762 2601 3848 parochi,

317 3883 473 3945 tom.
509 3878 594 3966 ΙΙ,
637 3902 783 3968 pag.
820 3877 951 3946 382
979 3882 1041 3943 et
1068 3872 1229 3965 seq.)

390 4116 452 4178 (ι)
487 4113 724 4176 Quamvis
746 4112 944 4159 constet
961 4121 1099 4157 nunc
1116 4107 1299 4156 librum
1323 4101 1756 4152 constitutionum
1780 4113 1894 4163 quoe
1923 4100 2162 4150 dicuntur
2187 4098 2481 4163 apostolica»
2498 4112 2598 4152 non
2694 4149 2700 4153 ,

314 4198 468 4250 fuisse
489 4193 553 4245 ab
576 4193 697 4254 ipsis
720 4188 967 4251 Apostolis
993 4199 1086 4235 nec
1111 4198 1141 4235 a
1160 4187 1334 4235 sancto
1361 4182 1623 4233 Clemente
1644 4183 2003 4244 conscriptum,
2024 4192 2115 4242 pro
2137 4178 2394 4240 explorato
2412 4177 2603 4226 habent

317 4276 520 4336 eruditi,
546 4284 665 4323 eum
693 4281 802 4319 esse
825 4267 1237 4328 antiquissimum
1267 4267 1318 4311 et
1341 4265 1511 4323 quarti
1539 4260 1603 4310 ad
1633 4261 1803 4309 minus
1826 4258 2012 4309 saeculi.
2038 4257 2178 4307 Idem
2204 4256 2310 4307 fere
2332 4255 2599 4306 dicendum

318 4353 383 4403 de
421 4351 710 4403 collectione
742 4359 855 4409 quoe
882 4342 1169 4393 inscribitur
1201 4340 1421 4388 Canones
1456 4336 1832 4404 Apostolorum.
1878 4334 2000 4384 Vide
2031 4337 2085 4383 in
2112 4337 2334 4383 tractatu
2377 4346 2491 4383 meo
2531 4334 2601 4383 De

321 4432 594 4495 principiis
606 4429 754 4495 Juris
775 4424 1006 4476 canonici
1029 4433 1135 4472 rem
1159 4419 1456 4469 discussam.
