2930 4982
1159 371 1240 416 nn
1284 369 1614 416 cunnus.
2402 361 2523 417 553

233 492 427 562 ciales
457 490 701 579 quibus
728 495 1026 557 teneatur
1058 489 1151 555 uti
1193 488 1475 555 vicarius
1504 488 1877 578 capitularis
1900 493 1965 555 et
1998 510 2164 577 quos
2188 510 2521 558 removere

230 604 528 687 nequeat.
560 634 653 648 —
675 594 797 663 Hic
819 596 1013 663 etiam
1049 594 1405 662 contrarios
1433 596 1838 684 reperiemus
1860 601 2154 662 auctores
2175 601 2238 663 et
2275 599 2524 685 praxim

231 705 525 795 priorum
564 724 601 769 a
630 700 873 790 synodo
900 698 1282 767 Tridentina
1310 704 1717 789 temporum.
1751 697 1891 765 lmo
1922 699 2206 790 capitula
2250 723 2380 768 non
2412 703 2523 770 eli-

233 809 471 896 gebant
504 807 823 875 vicarium
854 805 1280 896 capitularem
1320 805 1448 872 nisi
1483 804 1607 872 sub
1643 804 1767 871 hac
1801 802 2172 871 conditione
2202 804 2267 872 in
2298 806 2529 875 litteris

235 901 601 1006 patentibus
628 933 946 1003 expressa,
981 917 1054 979 ut
1081 915 1329 979 constat
1370 932 1448 978 ex
1476 910 1662 978 solita
1697 908 1980 976 formula
2010 908 2393 999 hujusmodi
2420 913 2530 980 lit-

235 1025 522 1089 terarum
566 1019 949 1109 patentium.
985 1017 1099 1086 Illa
1127 1023 1345 1085 tamen
1375 1018 1666 1085 conditio
1705 1037 1827 1106 pro
1854 1014 2040 1082 nulla
2058 1016 2201 1104 Jam
2237 1016 2531 1086 habenda

237 1132 332 1195 est
355 1154 373 1214 ;
405 1132 500 1192 est
537 1126 715 1193 enim
742 1124 961 1213 aliqua
980 1122 1450 1214 Jurisdictionis
1475 1121 1818 1210 restrictio,
1844 1127 2183 1189 etcertum
2213 1130 2308 1189 est
2334 1128 2531 1191 totam

239 1233 378 1301 sine
396 1232 794 1301 restrictione
806 1231 1328 1321 jurisdictionem
1347 1231 1428 1298 ad
1444 1231 1772 1299 vicarium.
1787 1228 2209 1319 capitularem
2230 1231 2529 1297 transire.

238 1337 423 1406 Sicut
463 1359 617 1426 ergo
664 1337 876 1427 potuit
912 1337 1271 1428 capitulum
1312 1335 1697 1425 huJusmodi
1728 1335 1928 1401 curiae
1956 1333 2353 1425 Episcopalis
2393 1334 2532 1402 orfi-

240 1445 432 1513 ciales
462 1466 500 1511 a
526 1444 830 1512 defuncto
860 1442 1140 1511 Praesule
1168 1444 1545 1510 constitutos
1576 1463 1901 1524 amovere,
1936 1441 2026 1507 ita
2053 1442 2432 1508 constitutos
2463 1447 2526 1508 et

238 1549 606 1620 nominatos
627 1571 665 1616 a
687 1547 972 1640 capitulo
993 1569 1294 1616 amovere
1318 1548 1551 1638 poterit
1568 1547 1850 1615 vicarius
1872 1545 2268 1637 capitularis.
2293 1545 2532 1614 Utrum

238 1662 454 1722 autem
480 1653 765 1722 amoveri
793 1655 1040 1745 possint
1068 1653 1209 1720 sine
1238 1674 1432 1720 causa
1465 1652 1601 1719 sive
1629 1651 1711 1740 ab
1747 1650 2094 1741 Episcopo,
2127 1651 2260 1718 sive
2297 1672 2333 1717 a
2359 1651 2533 1742 capi-

238 1762 376 1830 tulo
400 1769 510 1830 aut
545 1760 888 1851 capitulari
920 1760 1163 1828 vicario
1208 1759 1586 1850 hujusmodi
1620 1757 1954 1839 officiam,
2000 1763 2092 1825 est
2117 1758 2387 1846 quaestio
2429 1757 2532 1825 di-

240 1890 422 1935 versa
446 1867 598 1935 alibi
626 1867 977 1935 tractanda.

329 1973 476 2041 Alia
504 1972 744 2041 similia
771 1972 1164 2041 consectaria
1193 1972 1426 2061 poterit
1454 1972 1654 2038 lector
1685 1991 1762 2037 ex
1787 1969 2021 2037 iisdem
2052 1969 2392 2059 principiis
2431 1970 2531 2037 fa·

243 2079 364 2147 cile
391 2079 797 2147 concludere.

1150 2247 1467 2318 SECTIO
1533 2246 1630 2314 lll

244 2423 548 2488 QUAENAM
585 2425 688 2482 SlT
723 2425 1050 2483 EXTENSIO
1087 2423 1494 2481 POTESTATIS
1538 2424 1679 2480 TUM
1717 2422 2048 2493 CAPlTUm,
2096 2425 2236 2481 TUM
2272 2422 2532 2479 VlCARll

314 2529 781 2599 CAPITULARlS,
849 2531 1163 2588 VACANTE
1228 2530 1434 2599 SEDE3
1489 2529 1573 2584 ET
1620 2527 1947 2594 QUOMODO
2009 2528 2297 2583 EXPIRET
2376 2526 2534 2581 lLLA

322 2631 708 2690 POTESTAS?

336 2833 430 2901 Ex
454 2841 639 2903 antea
672 2836 863 2904 dictis
891 2841 1140 2904 constat
1164 2840 1541 2926 potestatem
1574 2834 2014 2924 gubernandae
2042 2833 2374 2920 dioecesiS‚-
2389 2832 2536 2900 sede

248 2947 543 3027 vacante,
576 2941 853 3009 residere
883 2964 1081 3032 penes
1113 2943 1498 3032 capitulum.
1542 2941 1725 3009 Illam
1759 2947 1977 3009 autem
2010 2961 2301 3008 exercere
2336 2944 2538 3029 potest

244 3066 364 3134 per
405 3047 692 3136 seipsum
743 3049 977 3137 primis
1024 3053 1169 3115 octo
1219 3048 1448 3115 diebus
1489 3047 1572 3115 ab
1621 3047 1841 3114 habita
1887 3045 2237 3114 vacationis
2283 3046 2530 3113 notitia.

249 3151 767 3241 Expendendum
799 3155 1005 3243 igitur
1031 3176 1336 3244 quaenam
1379 3155 1462 3222 sit
1500 3155 1704 3246 ipsius
1740 3161 2009 3245 potestas
2056 3176 2173 3244 per
2202 3153 2366 3220 illud
2396 3159 2540 3220 octo

251 3257 506 3326 dierum
553 3262 879 3350 spatium3
928 3283 1012 3328 an
1053 3261 1297 3329 scilicet
1332 3268 1394 3328 et
1442 3262 1513 3327 in
1542 3261 1784 3350 quibus
1823 3283 1859 3328 a
1896 3266 2198 3351 potestate
2248 3259 2538 3327 defuncti

240 3368 363 3451 aut
403 3366 694 3433 translati
738 3366 1035 3458 Episcopi
1080 3367 1371 3451 differat„
1408 3367 1490 3435 Et
1534 3367 1707 3435 idem
1745 3366 2213 3456 inquirendum
2241 3366 2420 3433 venit
2459 3366 2539 3433 de

248 3468 491 3638 {icario
517 3471 880 3561 capitulari,
915 3475 982 3541 in
1011 3496 1208 3564 quem
1241 3483 1368 3543 tota
1395 3475 1666 3566 capituli
1685 3475 2058 3565 jurisdictio
2086 3479 2301 3564 postea
2326 3479 2537 3540 trans-

276 3580 476 3642 ertur.
1630 3605 1634 3609 ·

1192 3702 1481 3781 CAPUT
1542 3720 1569 3779 1

247 3883 615 3930 mmsmc‘rlo
668 3868 778 3931 SE'U
836 3884 1129 3931 POTESTAS
1189 3885 1354 3937 QUAM
1416 3884 1618 3929 ΗΔΒΕΤ
1683 3883 2019 3929 ΟΑΡΙΤΠΙ-ΌΜ
2087 3881 2244 3927 ANTE
2313 3880 2539 3928 VICARII

328 3990 722 4038 CAPITULARIS
763 3991 1160 4049 ELEGTIONEM,
1208 3991 1417 4037 EADEM
1458 3991 1687 4037 ommno
1734 3990 1840 4036 EST
1894 3988 1969 4034 Ac
2008 3987 2368 4037 JURISDICTIO
2409 3988 2537 4041 QUAE

331 4094 555 4142 nmero
593 4096 835 4144 VICARIO
878 4096 1233 4145 CAPITULARI
1275 4096 1572 4144 COMPETIT

339 4273 409 4342 ld
437 4275 724 4362 rigorose
748 4275 1041 4364 sequitur
1075 4297 1151 4343 ex
1192 4274 1515 4365 capitibus
1541 4273 1583 4340 9
1636 4278 1698 4340 et
1721 4271 1803 4341 10
1823 4273 2125 4342 sectionis
2145 4273 2394 4363 primae,
2422 4270 2539 4337 ubi

252 4380 670 4470 probavimus
692 4381 1050 4472 capitulum
1074 4383 1244 4450 nihil
1274 4382 1550 4450 omnino
1589 4402 1773 4470 posse
1809 4380 1932 4450 sibi
1959 4401 2281 4449 reservare
2305 4378 2384 4445 de
2420 4398 2541 4444 sua
