2930 4982
306 397 333 450 1
350 393 430 449 26
1264 389 1607 438 ruam-uus

402 546 438 586 «
462 519 790 601 Quatenus
818 513 1099 603 denique
1131 513 1410 604 pertinet
1432 510 1515 578 ad
1536 508 1792 577 tertiam
1822 507 2104 598 speciem
2126 510 2591 578 canonicorum

315 655 352 696 «
377 640 569 697 extra
592 645 965 703 numerum,
987 640 1223 710 nempe
1237 618 1503 686 illorum
1521 617 1634 707 qui
1651 638 1847 707 supra
1871 637 2227 684 numerum
2252 617 2594 706 antiquum

315 735 448 803 «in
471 731 737 803 ecclesia
779 752 895 822 per
943 732 1253 797 statutum
1298 726 1398 793 vel
1425 724 2022 792 immemorabilem
2058 725 2592 794 consuetudinem

318 867 353 906 «
377 841 738 918 firmatum,
793 857 946 905 cum
991 834 1421 923 assignatione
1458 855 1641 902 novae
1681 831 2046 924 praebendae
2101 831 2588 922 recipiuntur...

318 974 352 1012 «
382 948 773 1038 praemittere
803 947 1073 1033 oportet,
1123 942 1297 1031 quod
1326 941 1561 1031 aliquae
1603 939 1887 1008 ecclesiae
1915 961 2049 1007 non
2076 938 2317 1006 habent
2347 949 2599 1006 certum
2703 958 2716 959 ’

318 1079 354 1119 «
382 1072 735 1120 numerum
779 1050 1246 1118 canonicorum
1275 1069 1490 1136 neque
1517 1046 2040 1137 praebendarum,
2059 1046 2182 1113 ·sed
2214 1047 2295 1113 ad
2323 1067 2600 1129 mensu-

320 1176 356 1224 «
384 1164 535 1227 ram'
595 1161 657 1223 et
718 1154 1203 1246 proportionem
1266 1153 1600 1223 redituum
1665 1174 1891 1221 massae
1958 1152 2351 1243 capitularia,
2407 1151 2598 1220 modo

324 1291 358 1330 «
385 1264 627 1356 plureS,
661 1261 854 1330 modo
883 1260 1219 1352 pauciores
1260 1261 1670 1351 recipiuntur
1718 1258 2094 1328 canonici...
2148 1258 2407 1348 Aliquae
2452 1282 2599 1327 vero

326 1396 362 1436 «
387 1370 628 1437 habent
655 1378 906 1436 certum
930 1388 1281 1435 numerum
1305 1365 1795 1449 canonicorum,
1819 1367 1929 1434 sed
1953 1367 2022 1432 in
2052 1365 2142 1433 eis
2167 1388 2298 1433 non
2327 1372 2421 1434 est
2448 1389 2603 1435 con-

327 1501 361 1541 «
385 1477 646 1544 stitutus
668 1478 987 1543 numerus
1010 1475 1114 1540 vel
1135 1473 1461 1541 distinctio
1492 1472 2017 1562 praebendarum.
2043 1471 2206 1541 Aliae
2226 1473 2381 1540 item
2402 1474 2607 1542 eccle-

328 1612 363 1651 «
386 1586 496 1652 siae
520 1582 763 1650 habent
799 1592 1052 1649 certum
1088 1601 1444 1648 numerum
1486 1579 1957 1648 canonicorum
1986 1602 2140 1647 cum
2182 1578 2600 1648 determinato

330 1688 632 1779 «pariter
675 1707 953 1754 numero
995 1685 1499 1776 praebendarum
1547 1684 2083 1775 correspondente
2125 1705 2401 1751 numero
2435 1684 2610 1776 ipso-

331 1820 366 1858 «
394 1814 545 1860 rum
597 1790 1092 1877 canonicorum,
1145 1791 1255 1858 sed
1297 1811 1528 1858 earum
1566 1789 2065 1881 praebendarum
2094 1789 2432 1858 distinctio
2479 1813 2608 1860 non

332 1925 369 1965 «
395 1899 609 1985 datur,
639 1901 860 1987 utpote
879 1898 1034 1985 quia
1062 1895 1282 1964 omnia
1300 1896 1473 1964 bona
1494 1917 1719 1965 massae
1740 1895 2111 1988 capitularis
2135 1896 2383 1964 suntad
2412 1897 2615 1966 domi-

334 2030 370 2071 «
398 2004 586 2072 nium
614 2008 677 2071 et
718 2002 1342 2078 administrationem
1375 2004 1646 2094 capituli
1678 2002 1749 2071 in
1801 2003 2167 2084 communi,
2199 2005 2370 2093 quod
2397 2026 2471 2071 ea
2504 2027 2613 2095 per

335 2135 370 2174 «
396 2131 546 2177 suos
583 2109 889 2177 officiales
916 2109 1348 2194 administrat,
1384 2115 1447 2178 et
1475 2110 2043 2201 proportionaliter
2073 2110 2245 2178 inter
2272 2109 2611 2179 canonicos

339 2238 374 2279 «
405 2213 774 2298 distribuit3
813 2215 955 2284 aliae
982 2216 1247 2283 tandem
1284 2215 1565 2283 habeant
1597 2221 1846 2284 certum
1896 2237 2253 2283 numerum
2283 2216 2620 2285 canonico-

339 2346 374 2386 «
401 2342 554 2388 rum
585 2324 648 2387 et
673 2321 1201 2411 praebendarum,
1229 2344 1508 2412 quarum
1539 2322 1910 2391 dominium
1938 2322 2092 2390 licet
2118 2324 2200 2391 sit
2228 2345 2423 2413 penes
2449 2322 2623 2414 capi·

341 2425 642 2510 «tulum,
677 2431 958 2495 attamen
993 2426 1467 2497 administratio
1493 2426 1728 2496 residet
1757 2427 1930 2518 apud
1974 2429 2388 2519 particulares
2427 2451 2627 2497 cano-

340 2556 376 2596 «
406 2532 611 2601 nicos.
632 2532 713 2615 Et
735 2533 837 2599 hae
861 2532 1238 2601 differentiae
1265 2535 1523 2600 numeri
1550 2534 2045 2623 praebendarum
2067 2538 2127 2600 et
2154 2534 2630 2603 canonicorum

345 2662 379 2704 «
400 2639 861 2727 magistraliter
885 2638 1292 2707 declarantur
1319 2661 1436 2728 per
1459 2642 1796 2707 Rotam.»
1806 2636 2366 2758 (ScarfantoniuS,
2396 2641 2493 2705 De
2517 2662 2631 2707 ea-

337 2744 617 2825 ποηὶοῑε,
646 2744 693 2811 l.
719 2767 769 2823 1,
799 2745 896 2812 tit.
934 2765 1071 2811 xiv.
1079 2743 1101 2834 )

425 2848 727 2918 Ecclesiae
751 2870 902 2938 ergo
935 2849 1006 2916 in
1035 2851 1276 2938 quibus
1306 2851 1768 2918 canonicorum
1796 2854 1888 2917 est
1912 2856 2124 2917 certus
2151 2871 2263 2917 seu
2296 2850 2464 2920 fixus
2500 2873 2632 2919 nu-

341 2973 584 3039 meruS,
632 2951 941 3021 dicuntur
981 2966 1400 3022 numeratae:
1454 2954 1597 3023 aliae
1648 2976 1801 3022 vero
1846 2976 1982 3021 non
2025 2966 2419 3023 numeratae.
2480 2954 2629 3023 Non

340 3058 556 3145 agitur
589 3057 669 3125 de
696 3059 1026 3127 canonicis
1063 3060 1653 3152 supranumerariis
1685 3060 2139 3152 praebendatiS,
2185 3061 2318 3129 nisi
2365 3060 2629 3129 relative

341 3160 422 3229 ad
445 3161 743 3229 ecclesias
768 3177 1178 3234 numeratam.
1210 3166 1306 3235 De
1327 3167 1457 3235 illis
1478 3174 1699 3235 autem
1728 3167 2059 3235 canonicis
2103 3167 2195 3235 sic
2221 3169 2432 3258 pergit
2471 3166 2627 3234 cita-

342 3274 446 3337 tus
475 3268 1008 3339 Scarfantonius:

445 3398 478 3438 «
509 3367 584 3439 ln
603 3373 731 3441 illis
757 3376 1089 3444 ecclesiis
1070 3398 1138 3444 m
1168 3378 1413 3467 quibus
1441 3383 1652 3445 certus
1675 3377 2146 3448 canonicorum
2174 3397 2487 3445 numerus
2508 3374 2629 3442 fir-

353 3504 389 3543 «
420 3484 633 3545 matus
659 3485 753 3546 est
791 3480 1164 3549 auctoritate
1211 3482 1427 3574 Papae,
1480 3483 1702 3571 augeri
1746 3504 1859 3550 seu
1901 3483 2113 3572 frangi
2147 3482 2447 3573 praefixus
2492 3501 2632 3547 nu-

357 3608 392 3648 «
419 3605 642 3651 merus
684 3605 817 3651 non
844 3589 1074 3676 potest,
1130 3587 1256 3655 nisi
1307 3610 1461 3656 cum
1500 3610 1794 3679 expressa
1823 3589 2232 3677 derogatione
2256 3592 2485 3657 statuto
2519 3609 2631 3655 seu

355 3714 390 3756 «
417 3689 712 3779 indult03
760 3691 815 3758 si
866 3711 1018 3758 vero
1053 3693 1321 3760 ecclesia
1364 3704 1721 3762 numerata
1767 3693 1967 3760 fuerit
2015 3696 2388 3762 auctoritate
2430 3692 2633 3762 solius

353 3820 390 3862 «
433 3795 777 3887 Episcopi,
827 3801 984 3864 tunc
1027 3803 1230 3888 potest
1262 3800 1491 3889 augeri
1541 3801 2006 3868 canonicorum
2038 3822 2353 3868 numerus
2382 3822 2495 3890 per
2533 3800 2674 3891 ip·-

358 3925 393 3966 «
433 3922 581 3968 sum
601 3902 999 3992 Episcopum
1017 3903 1097 3971 de
1120 3926 1440 3973 consensu
1459 3906 1747 3996 capituli,
1775 3911 1848 3973 ut
1876 3907 2107 3974 docent
2132 3906 2347 3975 Abbas
2368 3906 2465 3997 (in
2485 3927 2627 3997 cap.

358 4029 394 4070 «
437 4005 606 4072 Cum
632 4006 1059 4091 accessissent,
1079 4007 1174 4076 De
1188 4009 1804 4102 constitutionibus),
1823 4010 2107 4080 Barbosa
2138 4011 2258 4103 (De
2276 4011 2637 4094 canonicis,

359 4134 396 4175 «
441 4129 583 4198 cap.
609 4108 675 4193 3,
705 4130 774 4175 n.
809 4109 902 4201 3),
936 4112 1282 4182 cardinalis
1310 4115 1389 4182 de
1414 4114 1595 4182 Luca
1626 4114 1743 4205 (De
1762 4116 2118 4197 canonici-5,
2141 4117 2304 4185 disc.
2340 4117 2406 4202 6,
2441 4139 2509 4184 n.
2542 4116 2638 4207 4).

451 4236 485 4277 «
511 4212 664 4282 Haec
685 4218 907 4283 tamen
928 4218 1151 4306 regula
1185 4220 1446 4311 (nempe
1478 4220 1653 4309 quod
1679 4219 1851 4311 Papa
1878 4221 2102 4289 debeat
2130 4243 2421 4312 expresse
2453 4222 2644 4290 dero-

361 4342 397 4384 «
428 4338 582 4408 gare
605 4341 683 4410 pr
683 4320 863 4389 aefixo
891 4322 1192 4413 numero)
1217 4346 1350 4392 non
1372 4324 1568 4393 habet
1589 4325 1809 4393 locum
1835 4327 2088 4416 quoties
2112 4325 2331 4415 agitur
2348 4326 2428 4394 de
2458 4347 2640 4395 erec-

365 4426 599 4496 «tione
658 4428 813 4496 novi
867 4429 1285 4499 canonicatus
1337 4452 1493 4499 cum
1537 4430 1966 4521 assignatione
2018 4432 2428 4523 particularis
2479 4451 2645 4521 prae-
