2930 4982
1157 327 1239 373 DE
1284 326 1618 374 culmus.
2413 327 2438 380 1
2464 326 2525 381 Η

252 447 529 516 vicarius
559 443 898 535 generalis,
941 443 1035 512 Ita
1063 465 1247 512 sacra
1273 444 1696 535 Congregatio
1727 447 1941 540 Episc.
1986 453 2049 518 et
2082 471 2254 540 reg„
2286 453 2369 522 15
2386 454 2539 543 julii

256 550 405 619 1611
454 549 649 641 (apud
675 549 986 632 Ferraris‚
1020 549 1161 618 loco
1191 550 1332 637 cit.‚
1365 573 1435 619 n.
1474 550 1610 640 85).

335 655 445 725 13.
476 655 847 725 Canonicus
869 654 1411 746 poenitentiarius,
1434 656 1587 724 licet
1614 657 1848 726 ultimo
1871 658 2014 729 loco
2038 659 2355 751 provisus,
2390 663 2537 752 cogi

250 783 374 830 non
403 761 596 830 debet
616 762 693 829 ad
723 762 1101 830 obeundum
1131 784 1376 829 munus
1402 761 1664 830 diaconi
1692 768 1756 830 et
1783 763 2187 851 subdiaconi,
2216 787 2428 854 quacu
2441 789 2537 834 m-

248 889 364 957 que
407 867 878 936 consuetudine
908 890 1039 935 non
1072 869 1384 936 obstante.
1431 867 1526 936 Ita
1573 868 1641 937 S.
1687 868 1929 958 Congr.
1977 870 2271 938 Rituum.
2321 872 2531 964 (Apud

247 971 631 1060 Gardellini,
667 996 736 1041 n.
772 973 1003 1065 2464.)

324 1078 461 1164 An,
502 1078 855 1168 quomodo,
893 1086 955 1145 et
998 1101 1035 1145 a
1077 1099 1209 1168 quo
1253 1077 1559 1169 compelli
1591 1079 1793 1168 possit
1830 1080 2179 1148 canonicus
2218 1081 2537 1171 poeniten-

247 1185 468 1254 tiarius
506 1191 579 1253 ut
613 1185 860 1254 assistat
897 1184 1398 1254 consessionario
1429 1191 1717 1275 tempore
1765 1186 2197 1270 convenienti,
2246 1188 2390 1256 vide
2426 1188 2535 1256 de-

249 1292 554 1361 claratum
570 1315 608 1361 a
624 1315 802 1362 sacra
821 1292 1332 1384 Congregatione
1353 1291 1619 1360 Rituum
1639 1293 1832 1383 (apud
1851 1291 2231 1376 Gardellini,
2256 1317 2324 1361 n.
2352 1293 2518 1363 3221

249 1405 304 1465 et
329 1399 553 1489 3256).

1323 1566 1441 1645 §2

582 1753 653 1791 DE
689 1751 1072 1799 QUALITATIBUS
1104 1751 1174 1791 An
1206 1751 1623 1790 POENITENTIARII
1663 1750 1847 1790 EUNUS
1878 1750 2175 1797 REQUISITIS

329 1930 387 1997 1.
421 1929 627 1999 Debet
653 1953 789 1998 esse
818 1932 890 1997 in
916 1930 1240 2020 theologia
1265 1929 1617 2016 laureatuS,
1648 1930 1748 1997 vel
1791 1930 1861 1996 in
1895 1932 2048 2018 Jure
2086 1932 2422 2015 canonico,
2456 1938 2530 2000 ut

240 2056 519 2127 expresse
546 2038 820 2105 habetur
846 2039 916 2105 in
949 2038 1140 2104 citato
1169 2036 1538 2103 Tridentini
1567 2037 1843 2104 decreto.
1882 2036 2011 2105 Nec
2040 2037 2282 2105 sufficit
2309 2038 2529 2129 ipsum

239 2163 363 2210 esse
418 2145 746 2211 doctorem
794 2143 1172 2232 diplomate,
1216 2141 1327 2208 sed
1364 2163 1436 2209 re
1484 2144 1678 2207 etiam
1726 2140 1912 2207 debet
1949 2163 2108 2209 esse.
2157 2142 2530 2230 Aliquando

235 2247 486 2315 scilicet
512 2245 748 2313 accidit
776 2248 1025 2332 aliquos
1056 2245 1319 2312 scientia
1357 2245 1639 2310 minime
1681 2244 1994 2332 pollentes
2034 2245 2327 2312 obtinere
2363 2247 2534 2314 nihi-

226 2352 531 2419 lominus
563 2351 837 2417 doctoris
872 2349 1161 2416 titulum.
1203 2347 1298 2416 De
1337 2369 1622 2436 quorum
1660 2369 1933 2415 numero
1961 2349 2014 2416 si
2046 2356 2362 2418 constaret
2396 2373 2530 2420 esse

233 2457 522 2545 aliquem
556 2454 1129 2545 poenitentiarium,
1163 2458 1375 2545 posset
1407 2459 1469 2522 et
1498 2453 1755 2522 deberet
1786 2476 1821 2522 a
1866 2476 2137 2524 munere
2177 2458 2519 2526 removeri.

237 2559 319 2628 Ita
365 2561 666 2628 decisum
705 2583 742 2628 a
783 2563 1276 2651 congregatione
1310 2562 1570 2630 concilii
1608 2562 1800 2629 refert
1835 2561 1889 2632 F
1890 2563 2124 2632 erraris
2179 2565 2337 2653 (loco
2375 2567 2518 2650 cit„

243 2688 302 2734 n.
348 2668 484 2757 46).

321 2774 384 2842 2.
447 2773 513 2842 Si
563 2795 695 2842 non
737 2774 1182 2842 invenirentur
1220 2776 1290 2842 in
1335 2774 1597 2843 dioecesi
1629 2776 1920 2841 doctores
1958 2780 2074 2841 aut
2113 2774 2422 2841 licentiati
2452 2776 2524 2840 in

244 2878 371 2965 jure
400 2882 712 2947 canonico
741 2880 839 2946 vel
872 2881 940 2945 in
965 2880 1310 2968 theologia,
1341 2886 1553 2968 posset
1591 2879 1951 2967 Episcopus
1980 2877 2184 2942 alium
2223 2896 2355 2943 non
2385 2876 2528 2942 lau·-

251 2991 504 3066 reatum,
527 2986 841 3055 idoneum
870 2990 1111 3067 tamen,
1138 2984 1412 3070 eligere3
1443 3004 1600 3049 cum
1619 2983 1790 3047 dicat
1807 2981 2187 3048 Tridentina
2209 2981 2519 3071 synoduS,

252 3109 347 3155 seu
374 3093 545 3160 alias
574 3090 693 3182 qui
717 3090 941 3181 aptior
954 3110 1090 3179 pro
1123 3086 1255 3172 loci
1279 3086 1605 3177 qualitate
1633 3085 2026 3176 reperiatur.

329 3195 387 3265 3.
435 3198 641 3267 Debet
675 3218 809 3265 esse
857 3195 946 3263 40
993 3216 1341 3278 annorum,
1389 3199 1461 3259 ut
1508 3214 1798 3282 expresse
1841 3190 2111 3260 sancivit
2148 3191 2522 3264 Tridentina

258 3304 536 3386 synodus.
594 3303 740 3371 lllos
784 3309 999 3369 autem
1052 3298 1143 3366 40
1176 3305 1391 3367 'annos
1438 3297 1673 3367 debere
1726 3320 1860 3366 esse
1913 3298 2260 3387 completos
2303 3305 2521 3369 tenent

258 3411 670 3477 communiter
703 3408 1074 3487 canonistae,
1120 3412 1342 3473 contra
1378 3405 1715 3488 Azorium,
1758 3405 1871 3493 qui
1909 3404 2175 3494 putabat
2220 3406 2520 3475 sufficere

256 3510 590 3606 incoeptum
617 3514 1191 3605 quadragesimum
1231 3533 1504 3577 annum.
1552 3510 1740 3599 (Vide
1777 3509 2092 3595 Ferraris‚
2128 3508 2270 3577 loco
2298 3510 2516 3595 citatO,

258 3636 313 3683 n.
346 3620 477 3712 50.)

329 3722 392 3792 Si
434 3732 649 3795 tamen
684 3723 921 3804 ,nullus
966 3720 1111 3787 talis
1149 3719 1348 3790 aetatis
1376 3720 1647 3784 idoneus
1682 3717 1753 3780 in
1803 3716 2063 3780 dioecesi
2108 3713 2514 3801 reperiretur,

258 3839 437 3915 posset
456 3833 819 3924 Episcopus
842 3828 1127 3917 aliquem
1147 3825 1485 3902 idoneum,
1507 3822 1663 3889 licet
1687 3823 1866 3885 {etate
1896 3817 2215 3894 minorem
2245 3819 2512 3912 eligere;

259 3953 358 4003 nec
391 3941 566 4007 enim
603 3943 855 4006 tenetur
894 3936 1085 4002 illum
1122 3939 1296 4000 extra
1328 3929 1659 3999 dioecesim
1688 3946 1999 4016 quaerere.
2047 3923 2141 3991 Ita
2173 3928 2515 3997 canonistae

259 4038 404 4109 citati
423 4067 459 4111 a
486 4044 772 4114 Ferraris
800 4041 964 4133 (loco
993 4042 1135 4122 cit.,
1172 4061 1238 4105 n.
1282 4037 1412 4126 51).
2154 4057 2162 4064 ’

339 4173 369 4213 «
411 4150 532 4217 Pro
578 4149 901 4217 validitate
954 4145 1311 4215 collationis
1358 4143 1564 4232 hujus
1614 4137 2000 4229 praebendae,
2052 4138 2141 4206 ait
2180 4138 2515 4210 Monacelli

262 4275 294 4314 κ
332 4254 444 4343 (tit.
482 4256 563 4341 ll,
598 4258 793 4325 form.
831 4254 898 4334 6,
933 4254 1083 4322 adn.
1127 4252 1220 4339 2),
1272 4272 1403 4318 non
1458 4252 1551 4315 est
1593 4268 1847 4314 necesse
1884 4246 2057 4335 quod
2098 4245 2394 4336 provisus
2438 4244 2516 4307 sit

266 4380 293 4419 «
331 4360 539 4442 doctor
557 4366 662 4432 vel
683 4362 1043 4451 theologus,
1068 4361 1175 4429 sed
1197 4357 1434 4427 sufficit
1454 4354 1629 4444 quod
1652 4355 1722 4421 in
1743 4353 1884 4420 loco
1905 4354 1986 4419 sit
2005 4355 2240 4441 aptior,
2258 4345 2517 4432 quando
2623 4445 2634 4450 ,
2681 4385 2682 4388 =
