<?xml version="1.0" encoding="UTF-8"?>
<!DOCTYPE html PUBLIC "-//W3C//DTD XHTML 1.0 Transitional//EN"
    "http://www.w3.org/TR/xhtml1/DTD/xhtml1-transitional.dtd">
<html xmlns="http://www.w3.org/1999/xhtml" xml:lang="en" lang="en">
 <head>
  <title>
</title>
<meta http-equiv="Content-Type" content="text/html;charset=utf-8" />
  <meta name='ocr-system' content='tesseract 3.04.00' />
  <meta name='ocr-capabilities' content='ocr_page ocr_carea ocr_par ocr_line ocrx_word'/>
</head>
<body>
  <div class='ocr_page' id='page_1' title='image "./tractatusdecapi00bouigoog_0180.png"; bbox 0 0 2930 4982; ppageno 0'>
   <div class='ocr_carea' id='block_1_1' title="bbox 364 327 1668 382">
    <p class='ocr_par' dir='ltr' id='par_1_1' title="bbox 364 327 1668 382">
     <span class='ocr_line' id='line_1_1' title="bbox 364 327 1668 382; baseline -0.005 0"><span class='ocrx_word' id='word_1_1' title='bbox 364 329 388 382; x_wconf 43' lang='lat'>11</span> <span class='ocrx_word' id='word_1_2' title='bbox 405 327 486 382; x_wconf 81' lang='lat'>60</span> <span class='ocrx_word' id='word_1_3' title='bbox 1323 330 1668 377; x_wconf 70' lang='lat' dir='ltr'>TRAcrArus</span> 
     </span>
    </p>
   </div>
   <div class='ocr_carea' id='block_1_2' title="bbox 350 431 2649 1379">
    <p class='ocr_par' dir='ltr' id='par_1_2' title="bbox 350 431 2649 1379">
     <span class='ocr_line' id='line_1_2' title="bbox 356 431 2648 524; baseline -0.003 -16"><span class='ocrx_word' id='word_1_4' title='bbox 356 446 477 516; x_wconf 85' lang='lat' dir='ltr'>est,</span> <span class='ocrx_word' id='word_1_5' title='bbox 496 440 618 507; x_wconf 88' lang='lat' dir='ltr'>sub</span> <span class='ocrx_word' id='word_1_6' title='bbox 645 460 718 506; x_wconf 91' lang='lat' dir='ltr'>ea</span> <span class='ocrx_word' id='word_1_7' title='bbox 745 435 1109 506; x_wconf 88' lang='lat' dir='ltr'>conditione</span> <span class='ocrx_word' id='word_1_8' title='bbox 1135 435 1312 524; x_wconf 89' lang='lat' dir='ltr'>quod</span> <span class='ocrx_word' id='word_1_9' title='bbox 1341 433 1757 502; x_wconf 89' lang='lat' dir='ltr'>Gubernium</span> <span class='ocrx_word' id='word_1_10' title='bbox 1786 431 1912 500; x_wconf 86' lang='lat' dir='ltr'>sibi</span> <span class='ocrx_word' id='word_1_11' title='bbox 1937 452 2105 499; x_wconf 88' lang='lat' dir='ltr'>onus</span> <span class='ocrx_word' id='word_1_12' title='bbox 2132 439 2521 523; x_wconf 74' lang='lat' dir='ltr'>perpetuum</span> <span class='ocrx_word' id='word_1_13' title='bbox 2549 456 2648 502; x_wconf 86' lang='lat' dir='ltr'>as-</span> 
     </span>
     <span class='ocr_line' id='line_1_3' title="bbox 363 539 2646 634; baseline -0.003 -20"><span class='ocrx_word' id='word_1_14' title='bbox 363 551 646 614; x_wconf 84' lang='lat' dir='ltr'><strong>sumeret</strong></span> <span class='ocrx_word' id='word_1_15' title='bbox 685 567 934 614; x_wconf 88' lang='lat' dir='ltr'>annuas</span> <span class='ocrx_word' id='word_1_16' title='bbox 970 542 1344 634; x_wconf 79' lang='lat' dir='ltr'>pensioneS,</span> <span class='ocrx_word' id='word_1_17' title='bbox 1372 561 1518 629; x_wconf 82' lang='lat' dir='ltr'>quae</span> <span class='ocrx_word' id='word_1_18' title='bbox 1547 539 2002 607; x_wconf 86' lang='lat' dir='ltr'>convenienter</span> <span class='ocrx_word' id='word_1_19' title='bbox 2030 540 2446 608; x_wconf 85' lang='lat' dir='ltr'>sustentando</span> <span class='ocrx_word' id='word_1_20' title='bbox 2475 540 2646 609; x_wconf 87' lang='lat' dir='ltr'>clero</span> 
     </span>
     <span class='ocr_line' id='line_1_4' title="bbox 361 643 2649 740; baseline -0.002 -20"><span class='ocrx_word' id='word_1_21' title='bbox 361 652 753 734; x_wconf 84' lang='lat' dir='ltr'>sufficerent,</span> <span class='ocrx_word' id='word_1_22' title='bbox 783 648 1209 740; x_wconf 86' lang='lat' dir='ltr'>persolvendi.</span> <span class='ocrx_word' id='word_1_23' title='bbox 1239 645 1427 726; x_wconf 84' lang='lat' dir='ltr'>Quod</span> <span class='ocrx_word' id='word_1_24' title='bbox 1449 651 1619 736; x_wconf 82' lang='lat' dir='ltr'>patet</span> <span class='ocrx_word' id='word_1_25' title='bbox 1637 667 1712 713; x_wconf 81' lang='lat' dir='ltr'>ex</span> <span class='ocrx_word' id='word_1_26' title='bbox 1737 665 1931 734; x_wconf 86' lang='lat' dir='ltr'>supra</span> <span class='ocrx_word' id='word_1_27' title='bbox 1952 644 2161 713; x_wconf 85' lang='lat' dir='ltr'>citatis</span> <span class='ocrx_word' id='word_1_28' title='bbox 2186 643 2266 713; x_wconf 88' lang='lat'>13</span> <span class='ocrx_word' id='word_1_29' title='bbox 2296 649 2357 712; x_wconf 91' lang='lat' dir='ltr'>et</span> <span class='ocrx_word' id='word_1_30' title='bbox 2379 646 2469 723; x_wconf 19' lang='lat'>,14</span> <span class='ocrx_word' id='word_1_31' title='bbox 2493 645 2649 715; x_wconf 81' lang='lat' dir='ltr'>dicti</span> 
     </span>
     <span class='ocr_line' id='line_1_5' title="bbox 360 751 2648 843; baseline -0.004 -15"><span class='ocrx_word' id='word_1_32' title='bbox 360 758 732 827; x_wconf 87' lang='lat' dir='ltr'>concordati</span> <span class='ocrx_word' id='word_1_33' title='bbox 756 755 1069 824; x_wconf 78' lang='lat' dir='ltr'>articulis,</span> <span class='ocrx_word' id='word_1_34' title='bbox 1099 754 1271 842; x_wconf 83' lang='lat' dir='ltr'>Ergo</span> <span class='ocrx_word' id='word_1_35' title='bbox 1296 753 1698 843; x_wconf 87' lang='lat' dir='ltr'>direptorum</span> <span class='ocrx_word' id='word_1_36' title='bbox 1728 751 2046 842; x_wconf 88' lang='lat' dir='ltr'>ejusmodi</span> <span class='ocrx_word' id='word_1_37' title='bbox 2070 751 2396 819; x_wconf 86' lang='lat' dir='ltr'>bonorum</span> <span class='ocrx_word' id='word_1_38' title='bbox 2426 751 2648 818; x_wconf 82' lang='lat' dir='ltr'>domi-</span> 
     </span>
     <span class='ocr_line' id='line_1_6' title="bbox 354 858 2647 950; baseline -0.006 -11"><span class='ocrx_word' id='word_1_39' title='bbox 354 867 466 939; x_wconf 87' lang='lat' dir='ltr'>nio</span> <span class='ocrx_word' id='word_1_40' title='bbox 489 864 886 934; x_wconf 79' lang='lat' dir='ltr'>renuntiavit</span> <span class='ocrx_word' id='word_1_41' title='bbox 915 862 1232 946; x_wconf 82' lang='lat' dir='ltr'>Ecclesia,</span> <span class='ocrx_word' id='word_1_42' title='bbox 1265 883 1397 928; x_wconf 92' lang='lat' dir='ltr'>non</span> <span class='ocrx_word' id='word_1_43' title='bbox 1444 860 1825 950; x_wconf 86' lang='lat' dir='ltr'>simpliciter</span> <span class='ocrx_word' id='word_1_44' title='bbox 1853 858 2188 941; x_wconf 88' lang='lat' dir='ltr'>donando,</span> <span class='ocrx_word' id='word_1_45' title='bbox 2217 859 2327 927; x_wconf 86' lang='lat' dir='ltr'>sed</span> <span class='ocrx_word' id='word_1_46' title='bbox 2356 879 2647 926; x_wconf 81' lang='lat' dir='ltr'>commu-</span> 
     </span>
     <span class='ocr_line' id='line_1_7' title="bbox 361 965 2647 1059; baseline -0.002 -20"><span class='ocrx_word' id='word_1_47' title='bbox 361 971 586 1039; x_wconf 79' lang='lat' dir='ltr'>tando,</span> <span class='ocrx_word' id='word_1_48' title='bbox 603 971 636 1037; x_wconf 88' lang='lat' dir='ltr'>J</span> <span class='ocrx_word' id='word_1_49' title='bbox 640 993 747 1038; x_wconf 89' lang='lat' dir='ltr'>am</span> <span class='ocrx_word' id='word_1_50' title='bbox 765 991 916 1037; x_wconf 87' lang='lat' dir='ltr'>vero</span> <span class='ocrx_word' id='word_1_51' title='bbox 934 969 1192 1059; x_wconf 91' lang='lat' dir='ltr'>quando</span> <span class='ocrx_word' id='word_1_52' title='bbox 1210 968 1499 1037; x_wconf 82' lang='lat' dir='ltr'>Ecclesia</span> <span class='ocrx_word' id='word_1_53' title='bbox 1516 968 1768 1035; x_wconf 91' lang='lat' dir='ltr'>bonum</span> <span class='ocrx_word' id='word_1_54' title='bbox 1783 965 2046 1055; x_wconf 87' lang='lat' dir='ltr'>aliquod</span> <span class='ocrx_word' id='word_1_55' title='bbox 2064 986 2261 1033; x_wconf 90' lang='lat' dir='ltr'>suum</span> <span class='ocrx_word' id='word_1_56' title='bbox 2289 985 2552 1035; x_wconf 89' lang='lat' dir='ltr'>commu</span> <span class='ocrx_word' id='word_1_57' title='bbox 2561 973 2647 1034; x_wconf 87' lang='lat' dir='ltr'>tat</span> 
     </span>
     <span class='ocr_line' id='line_1_8' title="bbox 358 1072 2645 1166; baseline -0.001 -22"><span class='ocrx_word' id='word_1_58' title='bbox 358 1079 429 1144; x_wconf 92' lang='lat' dir='ltr'>in</span> <span class='ocrx_word' id='word_1_59' title='bbox 454 1077 657 1160; x_wconf 90' lang='lat' dir='ltr'>aliud,</span> <span class='ocrx_word' id='word_1_60' title='bbox 681 1076 963 1144; x_wconf 90' lang='lat' dir='ltr'>dubium</span> <span class='ocrx_word' id='word_1_61' title='bbox 980 1097 1113 1144; x_wconf 91' lang='lat' dir='ltr'>non</span> <span class='ocrx_word' id='word_1_62' title='bbox 1134 1082 1230 1143; x_wconf 87' lang='lat' dir='ltr'>est</span> <span class='ocrx_word' id='word_1_63' title='bbox 1247 1074 1409 1164; x_wconf 90' lang='lat' dir='ltr'>quin</span> <span class='ocrx_word' id='word_1_64' title='bbox 1428 1075 1553 1143; x_wconf 91' lang='lat' dir='ltr'>hoc</span> <span class='ocrx_word' id='word_1_65' title='bbox 1575 1074 1888 1166; x_wconf 79' lang='lat' dir='ltr'>posterius</span> <span class='ocrx_word' id='word_1_66' title='bbox 1913 1073 2022 1141; x_wconf 77' lang='lat' dir='ltr'>fiat</span> <span class='ocrx_word' id='word_1_67' title='bbox 2041 1072 2246 1162; x_wconf 68' lang='lat' dir='ltr'>ipsius</span> <span class='ocrx_word' id='word_1_68' title='bbox 2264 1074 2545 1157; x_wconf 89' lang='lat' dir='ltr'>bonum,</span> <span class='ocrx_word' id='word_1_69' title='bbox 2571 1096 2645 1142; x_wconf 84' lang='lat' dir='ltr'>ac</span> 
     </span>
     <span class='ocr_line' id='line_1_9' title="bbox 353 1179 2644 1274; baseline -0.001 -23"><span class='ocrx_word' id='word_1_70' title='bbox 353 1185 626 1274; x_wconf 91' lang='lat' dir='ltr'>proinde</span> <span class='ocrx_word' id='word_1_71' title='bbox 648 1184 1182 1251; x_wconf 89' lang='lat' dir='ltr'>ecclesiasticum.</span> <span class='ocrx_word' id='word_1_72' title='bbox 1204 1182 1372 1250; x_wconf 90' lang='lat' dir='ltr'>Cum</span> <span class='ocrx_word' id='word_1_73' title='bbox 1397 1205 1552 1271; x_wconf 87' lang='lat' dir='ltr'>ergo</span> <span class='ocrx_word' id='word_1_74' title='bbox 1578 1181 1864 1250; x_wconf 81' lang='lat' dir='ltr'>Ecclesia</span> <span class='ocrx_word' id='word_1_75' title='bbox 1894 1179 2644 1269; x_wconf 17' lang='lat' dir='ltr'>direptorumibonorum</span> 
     </span>
     <span class='ocr_line' id='line_1_10' title="bbox 350 1285 2645 1379; baseline -0.002 -19"><span class='ocrx_word' id='word_1_76' title='bbox 350 1292 718 1360; x_wconf 89' lang='lat' dir='ltr'>dominium</span> <span class='ocrx_word' id='word_1_77' title='bbox 741 1290 810 1357; x_wconf 93' lang='lat' dir='ltr'>in</span> <span class='ocrx_word' id='word_1_78' title='bbox 832 1292 944 1379; x_wconf 84' lang='lat' dir='ltr'>jus</span> <span class='ocrx_word' id='word_1_79' title='bbox 973 1288 1050 1356; x_wconf 86' lang='lat' dir='ltr'>ad</span> <span class='ocrx_word' id='word_1_80' title='bbox 1074 1287 1276 1357; x_wconf 84' lang='lat' dir='ltr'>dictas</span> <span class='ocrx_word' id='word_1_81' title='bbox 1296 1289 1637 1379; x_wconf 81' lang='lat' dir='ltr'>pensiones</span> <span class='ocrx_word' id='word_1_82' title='bbox 1667 1287 2184 1370; x_wconf 65' lang='lat' dir='ltr'>commutaverit,</span> <span class='ocrx_word' id='word_1_83' title='bbox 2215 1285 2509 1374; x_wconf 82' lang='lat' dir='ltr'>sequitur</span> <span class='ocrx_word' id='word_1_84' title='bbox 2537 1288 2645 1376; x_wconf 86' lang='lat' dir='ltr'>jus</span> 
     </span>
    </p>
   </div>
   <div class='ocr_carea' id='block_1_3' title="bbox 351 1392 2706 1488">
    <p class='ocr_par' dir='ltr' id='par_1_3' title="bbox 351 1392 2706 1488">
     <span class='ocr_line' id='line_1_11' title="bbox 351 1392 2706 1488; baseline -0.001 -25"><span class='ocrx_word' id='word_1_85' title='bbox 351 1397 521 1466; x_wconf 90' lang='lat' dir='ltr'>istud</span> <span class='ocrx_word' id='word_1_86' title='bbox 544 1419 658 1465; x_wconf 90' lang='lat' dir='ltr'>seu</span> <span class='ocrx_word' id='word_1_87' title='bbox 684 1398 1024 1487; x_wconf 90' lang='lat' dir='ltr'>pensiones</span> <span class='ocrx_word' id='word_1_88' title='bbox 1056 1395 1208 1463; x_wconf 85' lang='lat' dir='ltr'>istas</span> <span class='ocrx_word' id='word_1_89' title='bbox 1238 1416 1373 1462; x_wconf 90' lang='lat' dir='ltr'>esse</span> <span class='ocrx_word' id='word_1_90' title='bbox 1410 1395 1661 1462; x_wconf 90' lang='lat' dir='ltr'>bonum</span> <span class='ocrx_word' id='word_1_91' title='bbox 1702 1415 1846 1461; x_wconf 86' lang='lat' dir='ltr'>vere</span> <span class='ocrx_word' id='word_1_92' title='bbox 1867 1414 1949 1463; x_wconf 74' lang='lat' dir='ltr'>ac</span> <span class='ocrx_word' id='word_1_93' title='bbox 1986 1392 2239 1482; x_wconf 86' lang='lat' dir='ltr'>proprie</span> <span class='ocrx_word' id='word_1_94' title='bbox 2265 1393 2647 1461; x_wconf 82' lang='lat' dir='ltr'>ecclesiasti·</span> <span class='ocrx_word' id='word_1_95' title='bbox 2679 1461 2706 1488; x_wconf 57' lang='grc' dir='ltr'><strong><em>Ι</em></strong></span> 
     </span>
    </p>
   </div>
   <div class='ocr_carea' id='block_1_4' title="bbox 330 1498 2647 4472">
    <p class='ocr_par' dir='ltr' id='par_1_4' title="bbox 332 1498 2647 3915">
     <span class='ocr_line' id='line_1_12' title="bbox 353 1498 2647 1591; baseline -0.002 -19"><span class='ocrx_word' id='word_1_96' title='bbox 353 1526 530 1572; x_wconf 91' lang='lat' dir='ltr'>cum.</span> <span class='ocrx_word' id='word_1_97' title='bbox 568 1502 688 1572; x_wconf 89' lang='lat' dir='ltr'>Sed</span> <span class='ocrx_word' id='word_1_98' title='bbox 717 1503 1044 1591; x_wconf 82' lang='lat' dir='ltr'>fingamus</span> <span class='ocrx_word' id='word_1_99' title='bbox 1075 1501 1269 1590; x_wconf 89' lang='lat' dir='ltr'>(quod</span> <span class='ocrx_word' id='word_1_100' title='bbox 1312 1506 1528 1569; x_wconf 86' lang='lat' dir='ltr'>tamen</span> <span class='ocrx_word' id='word_1_101' title='bbox 1566 1500 1805 1569; x_wconf 82' lang='lat' dir='ltr'>falsum</span> <span class='ocrx_word' id='word_1_102' title='bbox 1846 1500 1959 1589; x_wconf 84' lang='lat' dir='ltr'>est)</span> <span class='ocrx_word' id='word_1_103' title='bbox 1994 1498 2396 1588; x_wconf 89' lang='lat' dir='ltr'>direptorum</span> <span class='ocrx_word' id='word_1_104' title='bbox 2443 1499 2647 1567; x_wconf 91' lang='lat' dir='ltr'>bono.-</span> 
     </span>
     <span class='ocr_line' id='line_1_13' title="bbox 350 1604 2641 1696; baseline -0.003 -18"><span class='ocrx_word' id='word_1_105' title='bbox 350 1633 498 1678; x_wconf 91' lang='lat' dir='ltr'>rum</span> <span class='ocrx_word' id='word_1_106' title='bbox 521 1609 886 1678; x_wconf 89' lang='lat' dir='ltr'>dominium</span> <span class='ocrx_word' id='word_1_107' title='bbox 907 1632 943 1676; x_wconf 90' lang='lat' dir='ltr'>a</span> <span class='ocrx_word' id='word_1_108' title='bbox 962 1608 1078 1677; x_wconf 90' lang='lat' dir='ltr'>Pio</span> <span class='ocrx_word' id='word_1_109' title='bbox 1091 1606 1210 1675; x_wconf 86' lang='lat' dir='ltr'>Vll</span> <span class='ocrx_word' id='word_1_110' title='bbox 1240 1607 1596 1676; x_wconf 85' lang='lat' dir='ltr'>alienatum</span> <span class='ocrx_word' id='word_1_111' title='bbox 1614 1604 2216 1696; x_wconf 76' lang='lat' dir='ltr'>fuissesimpliciter</span> <span class='ocrx_word' id='word_1_112' title='bbox 2235 1609 2302 1676; x_wconf 82' lang='lat' dir='ltr'>et</span> <span class='ocrx_word' id='word_1_113' title='bbox 2321 1604 2641 1683; x_wconf 84' lang='lat' dir='ltr'>absolute,</span> 
     </span>
     <span class='ocr_line' id='line_1_14' title="bbox 346 1710 2645 1804; baseline -0.001 -24"><span class='ocrx_word' id='word_1_114' title='bbox 346 1715 410 1781; x_wconf 88' lang='lat' dir='ltr'>id</span> <span class='ocrx_word' id='word_1_115' title='bbox 429 1720 547 1794; x_wconf 89' lang='lat' dir='ltr'>est,</span> <span class='ocrx_word' id='word_1_116' title='bbox 580 1717 823 1804; x_wconf 88' lang='lat' dir='ltr'>absque</span> <span class='ocrx_word' id='word_1_117' title='bbox 865 1713 1260 1797; x_wconf 85' lang='lat' dir='ltr'>conditione,</span> <span class='ocrx_word' id='word_1_118' title='bbox 1297 1714 1475 1802; x_wconf 91' lang='lat' dir='ltr'>quod</span> <span class='ocrx_word' id='word_1_119' title='bbox 1508 1713 1580 1780; x_wconf 88' lang='lat' dir='ltr'>in</span> <span class='ocrx_word' id='word_1_120' title='bbox 1626 1711 2220 1803; x_wconf 82' lang='lat' dir='ltr'>compensationem</span> <span class='ocrx_word' id='word_1_121' title='bbox 2256 1710 2448 1779; x_wconf 81' lang='lat' dir='ltr'>dictae</span> <span class='ocrx_word' id='word_1_122' title='bbox 2488 1733 2645 1799; x_wconf 87' lang='lat' dir='ltr'>pen-</span> 
     </span>
     <span class='ocr_line' id='line_1_15' title="bbox 346 1817 2643 1908; baseline -0.001 -20"><span class='ocrx_word' id='word_1_123' title='bbox 346 1821 554 1888; x_wconf 90' lang='lat' dir='ltr'>siones</span> <span class='ocrx_word' id='word_1_124' title='bbox 574 1842 610 1888; x_wconf 89' lang='lat' dir='ltr'>a</span> <span class='ocrx_word' id='word_1_125' title='bbox 628 1819 962 1889; x_wconf 88' lang='lat' dir='ltr'>Gubernio</span> <span class='ocrx_word' id='word_1_126' title='bbox 986 1820 1397 1888; x_wconf 87' lang='lat' dir='ltr'>solverentur</span> <span class='ocrx_word' id='word_1_127' title='bbox 1426 1843 1442 1886; x_wconf 77' lang='lat' dir='ltr'>t</span> <span class='ocrx_word' id='word_1_128' title='bbox 1482 1821 1678 1888; x_wconf 89' lang='lat' dir='ltr'>etiam</span> <span class='ocrx_word' id='word_1_129' title='bbox 1700 1818 1773 1885; x_wconf 90' lang='lat' dir='ltr'>in</span> <span class='ocrx_word' id='word_1_130' title='bbox 1800 1817 1914 1885; x_wconf 89' lang='lat' dir='ltr'>illa</span> <span class='ocrx_word' id='word_1_131' title='bbox 1929 1817 2278 1908; x_wconf 70' lang='lat' dir='ltr'>hypothesi</span> <span class='ocrx_word' id='word_1_132' title='bbox 2299 1817 2643 1906; x_wconf 87' lang='lat' dir='ltr'>pensiones</span> 
     </span>
     <span class='ocr_line' id='line_1_16' title="bbox 342 1923 2640 2012; baseline -0.001 -20"><span class='ocrx_word' id='word_1_133' title='bbox 342 1926 479 1994; x_wconf 83' lang='lat' dir='ltr'>istae</span> <span class='ocrx_word' id='word_1_134' title='bbox 505 1928 663 1997; x_wconf 88' lang='lat' dir='ltr'>boni</span> <span class='ocrx_word' id='word_1_135' title='bbox 696 1926 1102 1995; x_wconf 88' lang='lat' dir='ltr'>ecclesiastici</span> <span class='ocrx_word' id='word_1_136' title='bbox 1137 1926 1459 1994; x_wconf 88' lang='lat' dir='ltr'>rationem</span> <span class='ocrx_word' id='word_1_137' title='bbox 1503 1927 1839 1997; x_wconf 87' lang='lat' dir='ltr'>haberent.</span> <span class='ocrx_word' id='word_1_138' title='bbox 1879 1923 2050 1992; x_wconf 84' lang='lat' dir='ltr'>Nam</span> <span class='ocrx_word' id='word_1_139' title='bbox 2085 1924 2347 2012; x_wconf 87' lang='lat' dir='ltr'>quando</span> <span class='ocrx_word' id='word_1_140' title='bbox 2375 1923 2525 2012; x_wconf 89' lang='lat' dir='ltr'>quis</span> <span class='ocrx_word' id='word_1_141' title='bbox 2568 1945 2640 1990; x_wconf 80' lang='lat' dir='ltr'>ex</span> 
     </span>
     <span class='ocr_line' id='line_1_17' title="bbox 342 2029 2637 2124; baseline -0.002 -24"><span class='ocrx_word' id='word_1_142' title='bbox 342 2032 529 2101; x_wconf 90' lang='lat' dir='ltr'>bonis</span> <span class='ocrx_word' id='word_1_143' title='bbox 556 2034 691 2101; x_wconf 92' lang='lat' dir='ltr'>suis</span> <span class='ocrx_word' id='word_1_144' title='bbox 726 2033 1058 2101; x_wconf 89' lang='lat' dir='ltr'>constituit</span> <span class='ocrx_word' id='word_1_145' title='bbox 1099 2055 1367 2102; x_wconf 89' lang='lat' dir='ltr'>censum</span> <span class='ocrx_word' id='word_1_146' title='bbox 1404 2040 1796 2124; x_wconf 90' lang='lat' dir='ltr'>perpetuum</span> <span class='ocrx_word' id='word_1_147' title='bbox 1825 2031 1896 2099; x_wconf 93' lang='lat' dir='ltr'>in</span> <span class='ocrx_word' id='word_1_148' title='bbox 1932 2031 2325 2099; x_wconf 84' lang='lat' dir='ltr'>dotationem</span> <span class='ocrx_word' id='word_1_149' title='bbox 2358 2029 2637 2118; x_wconf 86' lang='lat' dir='ltr'>alicujus</span> 
     </span>
     <span class='ocr_line' id='line_1_18' title="bbox 343 2139 2639 2231; baseline -0.002 -25"><span class='ocrx_word' id='word_1_150' title='bbox 343 2140 542 2208; x_wconf 82' lang='lat' dir='ltr'>officii</span> <span class='ocrx_word' id='word_1_151' title='bbox 576 2141 950 2231; x_wconf 90' lang='lat' dir='ltr'>spiritualis,</span> <span class='ocrx_word' id='word_1_152' title='bbox 985 2143 1073 2208; x_wconf 87' lang='lat' dir='ltr'>ita</span> <span class='ocrx_word' id='word_1_153' title='bbox 1105 2146 1178 2208; x_wconf 93' lang='lat' dir='ltr'>ut</span> <span class='ocrx_word' id='word_1_154' title='bbox 1201 2141 1281 2208; x_wconf 89' lang='lat' dir='ltr'>ad</span> <span class='ocrx_word' id='word_1_155' title='bbox 1314 2141 1757 2209; x_wconf 81' lang='lat' dir='ltr'>auctoritatem</span> <span class='ocrx_word' id='word_1_156' title='bbox 1785 2139 2284 2208; x_wconf 86' lang='lat' dir='ltr'>ecclesiasticam</span> <span class='ocrx_word' id='word_1_157' title='bbox 2327 2139 2639 2228; x_wconf 82' lang='lat' dir='ltr'>pertineat</span> 
     </span>
     <span class='ocr_line' id='line_1_19' title="bbox 343 2245 2635 2336; baseline -0.002 -23"><span class='ocrx_word' id='word_1_158' title='bbox 343 2268 451 2314; x_wconf 87' lang='lat' dir='ltr'>eos</span> <span class='ocrx_word' id='word_1_159' title='bbox 480 2247 816 2315; x_wconf 88' lang='lat' dir='ltr'>instituere</span> <span class='ocrx_word' id='word_1_160' title='bbox 844 2248 963 2336; x_wconf 91' lang='lat' dir='ltr'>qui</span> <span class='ocrx_word' id='word_1_161' title='bbox 991 2248 1116 2317; x_wconf 91' lang='lat' dir='ltr'>hoc</span> <span class='ocrx_word' id='word_1_162' title='bbox 1141 2248 1354 2316; x_wconf 78' lang='lat' dir='ltr'>officio</span> <span class='ocrx_word' id='word_1_163' title='bbox 1392 2247 1777 2336; x_wconf 80' lang='lat' dir='ltr'>fungantur,</span> <span class='ocrx_word' id='word_1_164' title='bbox 1806 2246 2026 2336; x_wconf 88' lang='lat' dir='ltr'>sicque</span> <span class='ocrx_word' id='word_1_165' title='bbox 2064 2247 2156 2314; x_wconf 90' lang='lat' dir='ltr'>eis</span> <span class='ocrx_word' id='word_1_166' title='bbox 2176 2247 2287 2335; x_wconf 87' lang='lat' dir='ltr'>jus</span> <span class='ocrx_word' id='word_1_167' title='bbox 2315 2245 2396 2312; x_wconf 90' lang='lat' dir='ltr'>ad</span> <span class='ocrx_word' id='word_1_168' title='bbox 2439 2245 2635 2310; x_wconf 89' lang='lat' dir='ltr'>istum</span> 
     </span>
     <span class='ocr_line' id='line_1_20' title="bbox 342 2351 2629 2444; baseline 0 -25"><span class='ocrx_word' id='word_1_169' title='bbox 342 2374 605 2419; x_wconf 88' lang='lat' dir='ltr'>censum</span> <span class='ocrx_word' id='word_1_170' title='bbox 634 2354 951 2433; x_wconf 77' lang='lat' dir='ltr'>conferre,</span> <span class='ocrx_word' id='word_1_171' title='bbox 978 2376 1050 2421; x_wconf 87' lang='lat' dir='ltr'>ex</span> <span class='ocrx_word' id='word_1_172' title='bbox 1075 2354 1198 2422; x_wconf 91' lang='lat' dir='ltr'>hoc</span> <span class='ocrx_word' id='word_1_173' title='bbox 1225 2355 1366 2444; x_wconf 90' lang='lat' dir='ltr'>ipso</span> <span class='ocrx_word' id='word_1_174' title='bbox 1393 2377 1626 2423; x_wconf 87' lang='lat' dir='ltr'>census</span> <span class='ocrx_word' id='word_1_175' title='bbox 1646 2357 1761 2422; x_wconf 89' lang='lat' dir='ltr'>iste</span> <span class='ocrx_word' id='word_1_176' title='bbox 1788 2355 1856 2420; x_wconf 85' lang='lat' dir='ltr'>fit</span> <span class='ocrx_word' id='word_1_177' title='bbox 1877 2355 2130 2422; x_wconf 88' lang='lat' dir='ltr'>bonum</span> <span class='ocrx_word' id='word_1_178' title='bbox 2158 2355 2292 2419; x_wconf 86' lang='lat' dir='ltr'>Deo</span> <span class='ocrx_word' id='word_1_179' title='bbox 2311 2351 2629 2434; x_wconf 81' lang='lat' dir='ltr'>dicatum,</span> 
     </span>
     <span class='ocr_line' id='line_1_21' title="bbox 339 2458 2637 2553; baseline 0 -29"><span class='ocrx_word' id='word_1_180' title='bbox 339 2479 413 2525; x_wconf 87' lang='lat' dir='ltr'>ac</span> <span class='ocrx_word' id='word_1_181' title='bbox 427 2458 698 2547; x_wconf 89' lang='lat' dir='ltr'>proinde</span> <span class='ocrx_word' id='word_1_182' title='bbox 715 2480 862 2526; x_wconf 85' lang='lat' dir='ltr'>vere</span> <span class='ocrx_word' id='word_1_183' title='bbox 877 2459 1270 2529; x_wconf 84' lang='lat' dir='ltr'>ecclesiastic</span> <span class='ocrx_word' id='word_1_184' title='bbox 1285 2483 1426 2530; x_wconf 86' lang='lat' dir='ltr'>um.</span> <span class='ocrx_word' id='word_1_185' title='bbox 1444 2461 1527 2529; x_wconf 92' lang='lat' dir='ltr'>Et</span> <span class='ocrx_word' id='word_1_186' title='bbox 1540 2468 1879 2553; x_wconf 86' lang='lat' dir='ltr'>postquam</span> <span class='ocrx_word' id='word_1_187' title='bbox 1896 2459 2038 2528; x_wconf 87' lang='lat' dir='ltr'>talis</span> <span class='ocrx_word' id='word_1_188' title='bbox 2054 2481 2280 2529; x_wconf 91' lang='lat' dir='ltr'>census</span> <span class='ocrx_word' id='word_1_189' title='bbox 2307 2459 2389 2526; x_wconf 89' lang='lat' dir='ltr'>ab</span> <span class='ocrx_word' id='word_1_190' title='bbox 2413 2464 2637 2525; x_wconf 86' lang='lat' dir='ltr'>aucto-</span> 
     </span>
     <span class='ocr_line' id='line_1_22' title="bbox 340 2563 2635 2659; baseline 0.001 -31"><span class='ocrx_word' id='word_1_191' title='bbox 340 2563 523 2630; x_wconf 86' lang='lat' dir='ltr'>ritate</span> <span class='ocrx_word' id='word_1_192' title='bbox 551 2564 975 2632; x_wconf 89' lang='lat' dir='ltr'>ecclesiastica</span> <span class='ocrx_word' id='word_1_193' title='bbox 1000 2565 1123 2634; x_wconf 84' lang='lat' dir='ltr'>fuit</span> <span class='ocrx_word' id='word_1_194' title='bbox 1149 2566 1269 2639; x_wconf 74' lang='lat' dir='ltr'>rite</span> <span class='ocrx_word' id='word_1_195' title='bbox 1293 2574 1684 2659; x_wconf 78' lang='lat' dir='ltr'>acceptatuS,</span> <span class='ocrx_word' id='word_1_196' title='bbox 1712 2590 1847 2636; x_wconf 93' lang='lat' dir='ltr'>non</span> <span class='ocrx_word' id='word_1_197' title='bbox 1888 2573 2091 2658; x_wconf 88' lang='lat' dir='ltr'>potest</span> <span class='ocrx_word' id='word_1_198' title='bbox 2118 2567 2175 2634; x_wconf 91' lang='lat' dir='ltr'>is</span> <span class='ocrx_word' id='word_1_199' title='bbox 2210 2565 2324 2655; x_wconf 88' lang='lat' dir='ltr'>qui</span> <span class='ocrx_word' id='word_1_200' title='bbox 2360 2585 2635 2648; x_wconf 86' lang='lat' dir='ltr'>censum</span> 
     </span>
     <span class='ocr_line' id='line_1_23' title="bbox 339 2670 2632 2763; baseline -0 -26"><span class='ocrx_word' id='word_1_201' title='bbox 339 2670 539 2737; x_wconf 89' lang='lat' dir='ltr'>semel</span> <span class='ocrx_word' id='word_1_202' title='bbox 569 2671 923 2755; x_wconf 85' lang='lat' dir='ltr'>constituit,</span> <span class='ocrx_word' id='word_1_203' title='bbox 949 2677 1060 2739; x_wconf 88' lang='lat' dir='ltr'>aut</span> <span class='ocrx_word' id='word_1_204' title='bbox 1086 2672 1289 2763; x_wconf 90' lang='lat' dir='ltr'>ipsius</span> <span class='ocrx_word' id='word_1_205' title='bbox 1309 2674 1381 2742; x_wconf 93' lang='lat' dir='ltr'>in</span> <span class='ocrx_word' id='word_1_206' title='bbox 1406 2674 1532 2743; x_wconf 92' lang='lat' dir='ltr'>hoc</span> <span class='ocrx_word' id='word_1_207' title='bbox 1556 2697 1750 2743; x_wconf 87' lang='lat' dir='ltr'>onere</span> <span class='ocrx_word' id='word_1_208' title='bbox 1770 2696 2121 2761; x_wconf 87' lang='lat' dir='ltr'>successor,</span> <span class='ocrx_word' id='word_1_209' title='bbox 2147 2693 2414 2741; x_wconf 90' lang='lat' dir='ltr'>censum</span> <span class='ocrx_word' id='word_1_210' title='bbox 2438 2670 2632 2739; x_wconf 92' lang='lat' dir='ltr'>illum</span> 
     </span>
     <span class='ocr_line' id='line_1_24' title="bbox 335 2778 2627 2871; baseline 0 -27"><span class='ocrx_word' id='word_1_211' title='bbox 335 2778 763 2867; x_wconf 88' lang='lat' dir='ltr'>supprimere,</span> <span class='ocrx_word' id='word_1_212' title='bbox 807 2780 1025 2867; x_wconf 87' lang='lat' dir='ltr'>ejusve</span> <span class='ocrx_word' id='word_1_213' title='bbox 1055 2781 1447 2849; x_wconf 85' lang='lat' dir='ltr'>solutionem</span> <span class='ocrx_word' id='word_1_214' title='bbox 1478 2782 1796 2871; x_wconf 82' lang='lat' dir='ltr'>denegare</span> <span class='ocrx_word' id='word_1_215' title='bbox 1840 2783 2082 2871; x_wconf 86' lang='lat' dir='ltr'>absque</span> <span class='ocrx_word' id='word_1_216' title='bbox 2122 2782 2295 2848; x_wconf 85' lang='lat' dir='ltr'>furto</span> <span class='ocrx_word' id='word_1_217' title='bbox 2330 2784 2392 2846; x_wconf 91' lang='lat' dir='ltr'>et</span> <span class='ocrx_word' id='word_1_218' title='bbox 2428 2778 2627 2846; x_wconf 89' lang='lat' dir='ltr'>sacri-</span> 
     </span>
     <span class='ocr_line' id='line_1_25' title="bbox 335 2883 2630 2980; baseline 0 -31"><span class='ocrx_word' id='word_1_219' title='bbox 335 2883 750 2972; x_wconf 67' lang='lat' dir='ltr'>legiosporro</span> <span class='ocrx_word' id='word_1_220' title='bbox 767 2886 907 2953; x_wconf 84' lang='lat' dir='ltr'>haec</span> <span class='ocrx_word' id='word_1_221' title='bbox 931 2886 1256 2976; x_wconf 85' lang='lat' dir='ltr'>ipsissima</span> <span class='ocrx_word' id='word_1_222' title='bbox 1275 2892 1373 2958; x_wconf 89' lang='lat' dir='ltr'>est</span> <span class='ocrx_word' id='word_1_223' title='bbox 1387 2890 1672 2958; x_wconf 88' lang='lat' dir='ltr'>conditio</span> <span class='ocrx_word' id='word_1_224' title='bbox 1690 2891 2084 2980; x_wconf 87' lang='lat' dir='ltr'>pensionum</span> <span class='ocrx_word' id='word_1_225' title='bbox 2101 2912 2137 2956; x_wconf 89' lang='lat' dir='ltr'>a</span> <span class='ocrx_word' id='word_1_226' title='bbox 2155 2886 2492 2955; x_wconf 88' lang='lat' dir='ltr'>Gubernio</span> <span class='ocrx_word' id='word_1_227' title='bbox 2519 2906 2630 2974; x_wconf 91' lang='lat' dir='ltr'>per</span> 
     </span>
     <span class='ocr_line' id='line_1_26' title="bbox 340 2992 2632 3084; baseline 0.002 -29"><span class='ocrx_word' id='word_1_228' title='bbox 340 2992 804 3059; x_wconf 83' lang='lat' dir='ltr'>concordatum</span> <span class='ocrx_word' id='word_1_229' title='bbox 834 2994 992 3061; x_wconf 86' lang='lat' dir='ltr'>anni</span> <span class='ocrx_word' id='word_1_230' title='bbox 1026 2994 1197 3062; x_wconf 82' lang='lat'>1801-</span> <span class='ocrx_word' id='word_1_231' title='bbox 1229 2996 1749 3082; x_wconf 81' lang='lat' dir='ltr'>constitutarum.</span> <span class='ocrx_word' id='word_1_232' title='bbox 1793 2996 1976 3065; x_wconf 88' lang='lat' dir='ltr'>Onus</span> <span class='ocrx_word' id='word_1_233' title='bbox 2003 3018 2109 3064; x_wconf 89' lang='lat' dir='ltr'>eas</span> <span class='ocrx_word' id='word_1_234' title='bbox 2142 2996 2211 3062; x_wconf 93' lang='lat' dir='ltr'>in</span> <span class='ocrx_word' id='word_1_235' title='bbox 2240 2998 2632 3084; x_wconf 89' lang='lat' dir='ltr'>perpetuum</span> 
     </span>
     <span class='ocr_line' id='line_1_27' title="bbox 336 3095 2635 3194; baseline 0.001 -31"><span class='ocrx_word' id='word_1_236' title='bbox 336 3096 627 3164; x_wconf 88' lang='lat' dir='ltr'>solvendi</span> <span class='ocrx_word' id='word_1_237' title='bbox 662 3098 785 3166; x_wconf 86' lang='lat' dir='ltr'>sibi</span> <span class='ocrx_word' id='word_1_238' title='bbox 827 3097 1241 3172; x_wconf 89' lang='lat' dir='ltr'>Gubernium</span> <span class='ocrx_word' id='word_1_239' title='bbox 1280 3105 1649 3194; x_wconf 87' lang='lat' dir='ltr'>assumpsit,</span> <span class='ocrx_word' id='word_1_240' title='bbox 1684 3110 1746 3172; x_wconf 90' lang='lat' dir='ltr'>et</span> <span class='ocrx_word' id='word_1_241' title='bbox 1770 3125 1875 3172; x_wconf 89' lang='lat' dir='ltr'>eas</span> <span class='ocrx_word' id='word_1_242' title='bbox 1917 3095 2255 3194; x_wconf 77' lang='lat' dir='ltr'>pensio&#39;nes</span> <span class='ocrx_word' id='word_1_243' title='bbox 2299 3098 2635 3168; x_wconf 85' lang='lat' dir='ltr'>constituit</span> 
     </span>
     <span class='ocr_line' id='line_1_28' title="bbox 334 3199 2626 3296; baseline 0.001 -29"><span class='ocrx_word' id='word_1_244' title='bbox 334 3199 404 3266; x_wconf 88' lang='lat' dir='ltr'>in</span> <span class='ocrx_word' id='word_1_245' title='bbox 430 3203 821 3271; x_wconf 85' lang='lat' dir='ltr'>dotationem</span> <span class='ocrx_word' id='word_1_246' title='bbox 862 3227 977 3273; x_wconf 90' lang='lat' dir='ltr'>seu</span> <span class='ocrx_word' id='word_1_247' title='bbox 1002 3228 1363 3296; x_wconf 83' lang='lat' dir='ltr'>congruam</span> <span class='ocrx_word' id='word_1_248' title='bbox 1390 3211 1923 3286; x_wconf 87' lang='lat' dir='ltr'>sustentationem</span> <span class='ocrx_word' id='word_1_249' title='bbox 1954 3230 2182 3276; x_wconf 90' lang='lat' dir='ltr'>eorum</span> <span class='ocrx_word' id='word_1_250' title='bbox 2211 3206 2626 3282; x_wconf 86' lang='lat' dir='ltr'>clericorum,</span> 
     </span>
     <span class='ocr_line' id='line_1_29' title="bbox 332 3307 2632 3404; baseline 0 -30"><span class='ocrx_word' id='word_1_251' title='bbox 332 3307 571 3395; x_wconf 89' lang='lat' dir='ltr'>quibus</span> <span class='ocrx_word' id='word_1_252' title='bbox 598 3310 981 3399; x_wconf 85' lang='lat' dir='ltr'>episcopale,</span> <span class='ocrx_word' id='word_1_253' title='bbox 1011 3312 1345 3382; x_wconf 87' lang='lat' dir='ltr'>canoniale</span> <span class='ocrx_word' id='word_1_254' title='bbox 1390 3319 1454 3381; x_wconf 89' lang='lat' dir='ltr'>et</span> <span class='ocrx_word' id='word_1_255' title='bbox 1486 3314 1848 3404; x_wconf 88' lang='lat' dir='ltr'>parochiale</span> <span class='ocrx_word' id='word_1_256' title='bbox 1881 3336 2127 3382; x_wconf 89' lang='lat' dir='ltr'>munus</span> <span class='ocrx_word' id='word_1_257' title='bbox 2150 3314 2232 3381; x_wconf 89' lang='lat' dir='ltr'>ab</span> <span class='ocrx_word' id='word_1_258' title='bbox 2257 3310 2632 3401; x_wconf 81' lang='lat' dir='ltr'>auctoritate</span> 
     </span>
     <span class='ocr_line' id='line_1_30' title="bbox 333 3413 2631 3511; baseline 0.001 -32"><span class='ocrx_word' id='word_1_259' title='bbox 333 3413 760 3482; x_wconf 87' lang='lat' dir='ltr'>ecclesiastica</span> <span class='ocrx_word' id='word_1_260' title='bbox 810 3418 1345 3488; x_wconf 85' lang='lat' dir='ltr'>committeretur.</span> <span class='ocrx_word' id='word_1_261' title='bbox 1390 3419 1592 3488; x_wconf 89' lang='lat' dir='ltr'>Porro</span> <span class='ocrx_word' id='word_1_262' title='bbox 1634 3443 1705 3488; x_wconf 87' lang='lat' dir='ltr'>ex</span> <span class='ocrx_word' id='word_1_263' title='bbox 1753 3422 1878 3488; x_wconf 88' lang='lat' dir='ltr'>hoc</span> <span class='ocrx_word' id='word_1_264' title='bbox 1925 3421 2067 3511; x_wconf 92' lang='lat' dir='ltr'>ipso</span> <span class='ocrx_word' id='word_1_265' title='bbox 2104 3421 2241 3490; x_wconf 84' lang='lat' dir='ltr'>istae</span> <span class='ocrx_word' id='word_1_266' title='bbox 2289 3415 2631 3509; x_wconf 89' lang='lat' dir='ltr'>pensiones</span> 
     </span>
     <span class='ocr_line' id='line_1_31' title="bbox 335 3519 2627 3617; baseline 0.001 -31"><span class='ocrx_word' id='word_1_267' title='bbox 335 3527 486 3586; x_wconf 86' lang='lat' dir='ltr'>sunt</span> <span class='ocrx_word' id='word_1_268' title='bbox 516 3519 766 3589; x_wconf 91' lang='lat' dir='ltr'>bonum</span> <span class='ocrx_word' id='word_1_269' title='bbox 797 3524 931 3589; x_wconf 86' lang='lat' dir='ltr'>Deo</span> <span class='ocrx_word' id='word_1_270' title='bbox 960 3534 1025 3589; x_wconf 86' lang='lat' dir='ltr'>et</span> <span class='ocrx_word' id='word_1_271' title='bbox 1050 3524 1331 3592; x_wconf 65' lang='lat' dir='ltr'>ecclesiae</span> <span class='ocrx_word' id='word_1_272' title='bbox 1364 3525 1690 3613; x_wconf 81' lang='lat' dir='ltr'>dicatum,</span> <span class='ocrx_word' id='word_1_273' title='bbox 1723 3548 1799 3594; x_wconf 90' lang='lat' dir='ltr'>ac</span> <span class='ocrx_word' id='word_1_274' title='bbox 1826 3526 2096 3617; x_wconf 90' lang='lat' dir='ltr'>proinde</span> <span class='ocrx_word' id='word_1_275' title='bbox 2138 3526 2385 3593; x_wconf 90' lang='lat' dir='ltr'>bonum</span> <span class='ocrx_word' id='word_1_276' title='bbox 2424 3522 2627 3591; x_wconf 90' lang='lat' dir='ltr'>eccle·</span> 
     </span>
     <span class='ocr_line' id='line_1_32' title="bbox 333 3626 2630 3721; baseline 0.002 -29"><span class='ocrx_word' id='word_1_277' title='bbox 333 3626 690 3696; x_wconf 88' lang='lat' dir='ltr'>siasticum.</span> <span class='ocrx_word' id='word_1_278' title='bbox 725 3626 910 3695; x_wconf 89' lang='lat' dir='ltr'>Unde</span> <span class='ocrx_word' id='word_1_279' title='bbox 943 3629 1063 3697; x_wconf 89' lang='lat' dir='ltr'>hoc</span> <span class='ocrx_word' id='word_1_280' title='bbox 1092 3631 1342 3721; x_wconf 92' lang='lat' dir='ltr'>duplici</span> <span class='ocrx_word' id='word_1_281' title='bbox 1371 3633 1584 3716; x_wconf 88' lang='lat' dir='ltr'>titulo,</span> <span class='ocrx_word' id='word_1_282' title='bbox 1616 3632 2154 3701; x_wconf 78' lang='lat' dir='ltr'>commutationis</span> <span class='ocrx_word' id='word_1_283' title='bbox 2176 3630 2419 3699; x_wconf 87' lang='lat' dir='ltr'>scilicet</span> <span class='ocrx_word' id='word_1_284' title='bbox 2444 3635 2505 3697; x_wconf 90' lang='lat' dir='ltr'>et</span> <span class='ocrx_word' id='word_1_285' title='bbox 2532 3626 2630 3696; x_wconf 74' lang='lat' dir='ltr'>cli-</span> 
     </span>
     <span class='ocr_line' id='line_1_33' title="bbox 337 3731 2629 3829; baseline 0.001 -31"><span class='ocrx_word' id='word_1_286' title='bbox 337 3735 614 3802; x_wconf 80' lang='lat' dir='ltr'>cationis</span> <span class='ocrx_word' id='word_1_287' title='bbox 642 3734 775 3803; x_wconf 93' lang='lat' dir='ltr'>Deo</span> <span class='ocrx_word' id='word_1_288' title='bbox 803 3740 866 3803; x_wconf 94' lang='lat' dir='ltr'>et</span> <span class='ocrx_word' id='word_1_289' title='bbox 894 3731 1233 3821; x_wconf 85' lang='lat' dir='ltr'>Ecclesiae,</span> <span class='ocrx_word' id='word_1_290' title='bbox 1267 3738 1455 3807; x_wconf 84' lang='lat' dir='ltr'>dictae</span> <span class='ocrx_word' id='word_1_291' title='bbox 1490 3739 1842 3829; x_wconf 70' lang='lat' dir='ltr'>&#39;pensiones</span> <span class='ocrx_word' id='word_1_292' title='bbox 1881 3740 2022 3808; x_wconf 35' lang='lat' dir='ltr'>‘veri</span> <span class='ocrx_word' id='word_1_293' title='bbox 2049 3736 2347 3808; x_wconf 87' lang='lat' dir='ltr'>beneficii</span> <span class='ocrx_word' id='word_1_294' title='bbox 2384 3742 2447 3804; x_wconf 90' lang='lat' dir='ltr'>et</span> <span class='ocrx_word' id='word_1_295' title='bbox 2495 3731 2629 3802; x_wconf 85' lang='lat' dir='ltr'>veri</span> 
     </span>
     <span class='ocr_line' id='line_1_34' title="bbox 340 3836 2112 3915; baseline 0.006 -14"><span class='ocrx_word' id='word_1_296' title='bbox 340 3836 495 3902; x_wconf 88' lang='lat' dir='ltr'>boni</span> <span class='ocrx_word' id='word_1_297' title='bbox 526 3840 932 3909; x_wconf 85' lang='lat' dir='ltr'>ecclesiastici</span> <span class='ocrx_word' id='word_1_298' title='bbox 964 3843 1280 3910; x_wconf 89' lang='lat' dir='ltr'>rationem</span> <span class='ocrx_word' id='word_1_299' title='bbox 1309 3844 1547 3913; x_wconf 88' lang='lat' dir='ltr'>habere</span> <span class='ocrx_word' id='word_1_300' title='bbox 1576 3847 1909 3915; x_wconf 76' lang='lat' dir='ltr'>censendae</span> <span class='ocrx_word' id='word_1_301' title='bbox 1938 3852 2112 3915; x_wconf 90' lang='lat' dir='ltr'>sunt.</span> 
     </span>
    </p>

    <p class='ocr_par' dir='ltr' id='par_1_5' title="bbox 330 3940 2625 4472">
     <span class='ocr_line' id='line_1_35' title="bbox 424 3940 2625 4043; baseline 0.007 -38"><span class='ocrx_word' id='word_1_302' title='bbox 424 3940 493 4005; x_wconf 78' lang='lat'>2⁰</span> <span class='ocrx_word' id='word_1_303' title='bbox 525 3942 778 4011; x_wconf 85' lang='lat' dir='ltr'>Erravit</span> <span class='ocrx_word' id='word_1_304' title='bbox 804 3946 1111 4014; x_wconf 91' lang='lat' dir='ltr'>dominus</span> <span class='ocrx_word' id='word_1_305' title='bbox 1137 3946 1402 4035; x_wconf 79' lang='lat' dir='ltr'>Emery,</span> <span class='ocrx_word' id='word_1_306' title='bbox 1426 3951 2169 4043; x_wconf 80' lang='lat' dir='ltr'>asserendolzujusmodi</span> <span class='ocrx_word' id='word_1_307' title='bbox 2192 3954 2441 4021; x_wconf 68' lang='lat' dir='ltr'>annuis</span> <span class='ocrx_word' id='word_1_308' title='bbox 2457 3975 2625 4043; x_wconf 79' lang='lat' dir='ltr'>pen-</span> 
     </span>
     <span class='ocr_line' id='line_1_36' title="bbox 334 4043 2624 4148; baseline 0.007 -39"><span class='ocrx_word' id='word_1_309' title='bbox 334 4043 622 4111; x_wconf 81' lang='lat' dir='ltr'>sionibus</span> <span class='ocrx_word' id='word_1_310' title='bbox 663 4069 796 4116; x_wconf 79' lang='lat' dir='ltr'>nen</span> <span class='ocrx_word' id='word_1_311' title='bbox 845 4053 1185 4121; x_wconf 80' lang='lat' dir='ltr'>convenire</span> <span class='ocrx_word' id='word_1_312' title='bbox 1224 4051 1682 4144; x_wconf 78' lang='lat' dir='ltr'>definitionem</span> <span class='ocrx_word' id='word_1_313' title='bbox 1728 4058 2024 4148; x_wconf 75' lang='lat' dir='ltr'>beneficii</span> <span class='ocrx_word' id='word_1_314' title='bbox 2066 4060 2507 4129; x_wconf 82' lang='lat' dir='ltr'>ecclesiastici.</span> <span class='ocrx_word' id='word_1_315' title='bbox 2557 4056 2624 4125; x_wconf 91' lang='lat' dir='ltr'>Id</span> 
     </span>
     <span class='ocr_line' id='line_1_37' title="bbox 331 4151 2621 4259; baseline 0.006 -41"><span class='ocrx_word' id='word_1_316' title='bbox 331 4151 511 4218; x_wconf 88' lang='lat' dir='ltr'>enim</span> <span class='ocrx_word' id='word_1_317' title='bbox 536 4153 864 4221; x_wconf 89' lang='lat' dir='ltr'>concludit</span> <span class='ocrx_word' id='word_1_318' title='bbox 894 4178 968 4223; x_wconf 86' lang='lat' dir='ltr'>ex</span> <span class='ocrx_word' id='word_1_319' title='bbox 1002 4181 1076 4227; x_wconf 92' lang='lat' dir='ltr'>eo</span> <span class='ocrx_word' id='word_1_320' title='bbox 1102 4162 1275 4250; x_wconf 90' lang='lat' dir='ltr'>quod</span> <span class='ocrx_word' id='word_1_321' title='bbox 1303 4163 1710 4232; x_wconf 15' lang='lat' dir='ltr'>beneficium,</span> <span class='ocrx_word' id='word_1_322' title='bbox 1727 4165 2201 4257; x_wconf 67' lang='lat' dir='ltr'>definiatufjus</span> <span class='ocrx_word' id='word_1_323' title='bbox 2230 4177 2621 4259; x_wconf 88' lang='lat' dir='ltr'>perpetuum</span> 
     </span>
     <span class='ocr_line' id='line_1_38' title="bbox 330 4257 2622 4349; baseline 0.007 -24"><span class='ocrx_word' id='word_1_324' title='bbox 330 4257 725 4348; x_wconf 89' lang='lat' dir='ltr'>percipiendi</span> <span class='ocrx_word' id='word_1_325' title='bbox 763 4259 1013 4349; x_wconf 86' lang='lat' dir='ltr'>aliquos</span> <span class='ocrx_word' id='word_1_326' title='bbox 1063 4268 1307 4335; x_wconf 89' lang='lat' dir='ltr'>reditus</span> <span class='ocrx_word' id='word_1_327' title='bbox 1353 4292 1434 4337; x_wconf 74' lang='lat' dir='ltr'>ex</span> <span class='ocrx_word' id='word_1_328' title='bbox 1481 4269 1664 4338; x_wconf 79' lang='lat' dir='ltr'>bonis</span> <span class='ocrx_word' id='word_1_329' title='bbox 1695 4273 1829 4339; x_wconf 85' lang='lat' dir='ltr'>Deo</span> <span class='ocrx_word' id='word_1_330' title='bbox 1872 4271 2109 4341; x_wconf 79' lang='lat' dir='ltr'>dicatis</span> <span class='ocrx_word' id='word_1_331' title='bbox 2161 4297 2274 4342; x_wconf 78' lang='lat' dir='ltr'>seu</span> <span class='ocrx_word' id='word_1_332' title='bbox 2319 4297 2402 4341; x_wconf 70' lang='lat' dir='ltr'>ea:</span> <span class='ocrx_word' id='word_1_333' title='bbox 2440 4273 2622 4342; x_wconf 80' lang='lat' dir='ltr'>bonis</span> 
     </span>
     <span class='ocr_line' id='line_1_39' title="bbox 330 4364 2618 4472; baseline 0.009 -43"><span class='ocrx_word' id='word_1_334' title='bbox 330 4364 796 4448; x_wconf 79' lang='lat' dir='ltr'>ecclesiasticis,</span> <span class='ocrx_word' id='word_1_335' title='bbox 831 4372 992 4438; x_wconf 87' lang='lat' dir='ltr'>etex</span> <span class='ocrx_word' id='word_1_336' title='bbox 1020 4392 1093 4438; x_wconf 93' lang='lat' dir='ltr'>eo</span> <span class='ocrx_word' id='word_1_337' title='bbox 1122 4375 1298 4462; x_wconf 90' lang='lat' dir='ltr'>quod</span> <span class='ocrx_word' id='word_1_338' title='bbox 1329 4376 1467 4447; x_wconf 80' lang='lat' dir='ltr'>istae</span> <span class='ocrx_word' id='word_1_339' title='bbox 1495 4379 1833 4472; x_wconf 89' lang='lat' dir='ltr'>pensiones</span> <span class='ocrx_word' id='word_1_340' title='bbox 1861 4402 1994 4449; x_wconf 92' lang='lat' dir='ltr'>non</span> <span class='ocrx_word' id='word_1_341' title='bbox 2032 4381 2161 4449; x_wconf 90' lang='lat' dir='ltr'>sint</span> <span class='ocrx_word' id='word_1_342' title='bbox 2202 4383 2452 4450; x_wconf 83' lang='lat' dir='ltr'>bonurn</span> <span class='ocrx_word' id='word_1_343' title='bbox 2484 4380 2618 4450; x_wconf 92' lang='lat' dir='ltr'>Deo</span> 
     </span>
    </p>
   </div>
   <div class='ocr_carea' id='block_1_5' title="bbox 2824 2408 2829 2443">
    <p class='ocr_par' dir='ltr' id='par_1_6' title="bbox 2824 2408 2829 2443">
     <span class='ocr_line' id='line_1_40' title="bbox 2824 2408 2829 2443; baseline 0 0"><span class='ocrx_word' id='word_1_344' title='bbox 2824 2408 2829 2443; x_wconf 69' lang='lat'>1</span> 
     </span>
    </p>
   </div>
  </div>
 </body>
</html>
