2930 4982
1195 345 1277 390 DE
1322 345 1654 393 cavimus.
2444 341 2562 394 107

285 464 357 532 ab
389 463 707 555 Episcopo
736 463 1042 554 compelli
1078 486 1289 554 posse,
1315 470 1457 532 tum
1497 466 1577 533 ad
1607 466 2037 535 conferentias
2078 487 2349 534 casuum
2384 488 2569 536 cons·

283 570 544 655 cientiae,
602 575 745 638 tum
805 570 886 638 ad
940 570 1246 638 lectiones
1304 572 1603 639 canonici
1648 572 2053 661 theologalis,
2107 574 2169 640 1⁰
2227 574 2560 663 parochos,

281 679 462 746 etiam
504 678 838 767 regulares
884 683 947 745 et
989 682 1359 768 exemptos5
1406 677 1477 745 2⁰
1526 680 1919 747 canonicum
1964 679 2559 771 poenitentiariurn3

278 783 336 855 3⁰
374 785 797 854 confessarios
838 807 1062 853 omnes
1105 786 1442 854 saeculares
1472 811 1486 856 ε
1521 787 1808 876 reliquos
1848 809 1997 856 vero
2027 788 2371 856 hortandos
2398 809 2558 871 esse,

272 913 390 960 non
416 893 768 981 cogendos,

350 996 474 1065 Vix
501 1004 729 1066 tamen
772 998 854 1065 ab
881 998 1066 1065 omni
1097 998 1288 1089 culpa
1325 998 1394 1065 in
1436 1000 1619 1089 praxi
1651 999 1943 1083 excusari
1988 1005 2245 1090 possent
2269 1001 2561 1068 canonici

272 1105 326 1168 et
348 1101 455 1168 alii
483 1101 715 1170 clerici
747 1102 1035 1171 ecclesiae
1077 1101 1429 1171 cathedrali
1463 1103 1723 1188 addicti,
1759 1104 1812 1171 si
1847 1105 2005 1173 dum
2052 1104 2411 1195 Episcopus
2441 1127 2564 1195 pu-

271 1205 422 1276 blice
450 1231 561 1277 eos
599 1210 890 1276 hortatus
914 1216 1073 1277 esset
1121 1207 1312 1299 (sicut
1341 1215 1515 1277 certo
1539 1209 1783 1278 hortari
1818 1209 2044 1301 potest)
2073 1211 2152 1278 ad
2180 1210 2565 1279 interessen-

267 1312 439 1399 dum,
482 1316 928 1384 nihilominus
969 1317 1302 1384 ordinarie
1348 1315 1680 1400 abessent3
1727 1317 1882 1406 quia
1933 1317 1995 1384 id
2052 1317 2294 1405 absque
2339 1316 2560 1406 aliquo

266 1422 476 1592 pgpuli
506 1423 817 1492 scandalo
845 1445 981 1491 non
1009 1424 1315 1492 eveniret.
1344 1422 1516 1491 Vide
1551 1422 1895 1491 Monacelli
1925 1421 2135 1513 (titulo
2163 1424 2231 1510 2,
2258 1424 2451 1491 form.
2485 1424 2554 1503 5,

265 1546 296 1591 a
338 1535 463 1595 not.
497 1530 598 1620 8).

1351 1709 1468 1787 §9

263 1896 336 1935 AN
370 1899 428 1938 JN
455 1903 624 1941 sTATu
665 1902 932 1941 massi-,Nu
971 1888 1338 1941 sccnssmauu
1385 1903 1594 1941 ωηατ,
1620 1903 1683 1940 Er
1716 1904 1959 1942 ALIARUM
1998 1905 2117 1951 ουκ
2151 1904 2440 1943 arcum-un
2485 1904 2555 1942 nx

327 1995 682 2037 conconoATo
709 2000 843 2039 ANNI
873 1987 1042 2054 1801,
1071 1998 1428 2039 OBLmATomA
1460 2000 1832 2040 rnnnANSEnir
1865 2001 2288 2041 cANomcuuuu
2323 2000 2556 2039 maom-

321 2094 531 2134 GAler
565 2081 832 2136 macno?

342 2282 376 2346 1
394 2330 410 2345 .
460 2280 797 2347 Possibilis
844 2288 938 2350 est
991 2283 1142 2349 talis
1180 2283 1440 2347 erectio.
1496 2281 1754 2349 Adsunt
1804 2280 1982 2345 enim
2022 2301 2142 2369 pro
2192 2279 2556 2369 praebendis

249 2383 585 2474 stipendia
629 2405 846 2453 annua
891 2384 1170 2475 singulis
1227 2385 1714 2452 canonicatibus
1764 2385 1973 2453 affixa.
2034 2383 2218 2453 Unde
2268 2387 2557 2475 praescri-

249 2494 442 2580 ptum
473 2486 835 2558 Tridentini
869 2490 1671 2584 primum-canonicatum
1724 2497 2102 2559 vacaturum
2146 2491 2441 2580 erigendi
2483 2495 2552 2561 in

258 2594 718 2684 theclogalem,
746 2619 875 2665 non
906 2598 1158 2688 indiget
1187 2597 1316 2666 nisi
1344 2599 1598 2666 decreto
1619 2598 1926 2689 Episcopi
1954 2598 2123 2667 hanc
2153 2599 2546 2668 erectionem

254 2700 658 2790 declarantiS‚
707 2709 769 2771 et
804 2727 1154 2796 personam
1199 2706 1502 2773 idoneam
1552 2707 1846 2795 eligentis
1875 2711 1936 2772 et
1967 2706 2359 2795 deputantis.
2404 2704 2550 2772 Jam

254 2827 393 2875 vero
424 2810 550 2878 tale
579 2810 913 2880 decretum
941 2813 1111 2881 nihil
1151 2814 1469 2903 impedire
1500 2814 1783 2894 videtur,
1818 2833 1941 2878 nec
1969 2833 2044 2877 ex
2070 2817 2249 2899 parte
2270 2810 2551 2875 sancito-

257 2931 396 2980 rum
445 2916 524 2981 in
574 2919 982 3003 concordam,
1032 2941 1157 2986 nec
1202 2942 1278 2985 ex
1314 2924 1493 3008 parte
1550 2918 1947 2985 relationum
2006 2936 2163 2980 cum
2218 2913 2550 2982 Gubernio

256 3014 730 3089 habendarum.

329 3126 391 3193 2.
425 3127 648 3196 Posita
677 3132 895 3195 autern
925 3126 1343 3219 possibilitate
1372 3126 1559 3195 dictae
1589 3122 1953 3210 erectionis,
1986 3130 2383 3215 praeceptum
2410 3122 2552 3192 Tri·

256 3229 496 3301 dentini
555 3256 790 3323 urgere
842 3235 1195 3304 dicendum
1252 3239 1367 3303 est.
1412 3232 1484 3303 Si
1530 3234 1708 3302 enim
1744 3254 1877 3301 non
1918 3237 2200 3322 urgeret,
2245 3238 2405 3300 esset
2446 3234 2550 3301 vel

256 3338 390 3422 quia
430 3339 784 3430 disciplina
824 3340 1192 3410 Tridentini
1244 3363 1376 3409 non
1423 3346 1586 3420 esset
1624 3346 1875 3430 recepta
1906 3340 1977 3407 in
2017 3337 2267 3424 Galliis,
2323 3339 2425 3407 vel
2462 3338 2548 3406 ob

254 3437 533 3529 legitime
576 3449 713 3536 jam
768 3451 1212 3540 praescriptam
1269 3449 1661 3536 contrariam
1713 3448 2279 3518 consuetudinem.
2345 3446 2548 3515 Porro

262 3556 474 3617 neutra
512 3552 679 3619 valet
707 3555 894 3620 ratio.
951 3552 1305 3644 Disciplina
1342 3557 1521 3622 enim
1548 3553 1916 3622 Tridentini
1950 3555 2107 3621 falso
2138 3554 2383 3619 dicitur
2413 3573 2547 3618 non

256 3648 435 3726 fuisse
484 3657 554 3723 in
586 3659 923 3746 integrum
959 3667 1210 3747 recepta
1251 3661 1320 3726 in
1351 3660 1711 3727 Galliarum
1752 3661 2069 3744 ecclesiis,
2115 3665 2191 3724 ut
2228 3657 2385 3721 alibi
2422 3662 2547 3723 sta-

257 3760 493 3831 tuimus
538 3763 653 3855 (l).
694 3762 822 3833 Sed
854 3765 1103 3831 etiamsi
1138 3766 1442 3831 sustineri
1476 3771 1683 3852 posset
1719 3787 1864 3831 eam
1903 3765 2152 3852 integre
2180 3784 2312 3830 non
2354 3762 2545 3834 fuisse

210 3877 234 3896 “
258 3861 706 3951 introductam,
742 3878 992 3940 certum
1023 3877 1116 3939 est
1142 3876 1205 3938 et
1231 3871 1312 3938 ab
1336 3870 1646 3939 omnibus
1672 3871 2034 3939 admissum
2059 3892 2201 3939 eam
2228 3872 2297 3939 in
2321 3874 2543 3944 multis

260 3969 435 4044 fuisse
489 3984 856 4069 receptam:
899 4002 1090 4070 porro
1134 3988 1532 4072 praeceptum
1588 3981 1664 4049 de
1710 4003 1843 4071 quo
1881 3981 2138 4070 agimus
2193 3983 2262 4050 in
2308 3986 2541 4075 primis

260 4079 810 4153 adnumerandum
841 4092 935 4153 est
962 4088 1043 4153 iis
1075 4082 1430 4178 disciplinae
1452 4089 1712 4178 ¹legibus
1742 4111 1890 4178 quae
1925 4090 2192 4159 omnino
2224 4098 2284 4159 et
2318 4097 2541 4163 certis-

260 4184 403 4256 sime
445 4196 716 4281 receptae
748 4192 1035 4273 fuerunt,
1077 4216 1227 4261 cum
1272 4216 1478 4283 usque
1515 4193 1594 4261 ad
1638 4217 1944 4286 magnam
1986 4197 2544 4288 perturbationem

313 4404 372 4466 (l)
398 4408 451 4458 ld
480 4413 803 4472 exposuimus
825 4415 879 4463 in
904 4416 1124 4463 tractatu
1143 4415 1206 4464 de
1231 4411 1454 4463 Concilio
1467 4415 1780 4475 provinciali
1802 4418 1979 4479 gallice
2000 4414 2155 4473 edito,
2177 4425 2229 4473 p.
2254 4408 2367 4454 500.
