2930 4982
1101 372 1181 418 ΒΕ
1225 371 1548 419 caminus.
2348 365 2470 424 259

1271 613 1389 692 §2

229 754 240 759 ’
307 776 376 813 ΑΝ
410 775 473 813 ΕΤ
501 774 779 820 QUATENUS
817 775 1072 815 CANONICI
1096 776 1343 815 DEBEANT
1369 776 1401 814 E
1432 777 1709 817 SACRISTIA
1734 776 2093 816 CATHEDRALIS
2126 777 2369 817 EPISCOPO

1010 873 1334 913 PARAMENTA
1363 874 1646 914 PRAESTARE

292 1025 517 1094 «Cum
566 1025 924 1117 Episcopus
961 1027 1103 1094 vult
1140 1049 1431 1097 exercere
1475 1027 1891 1119 pontificalia,
1941 1035 2073 1097 tam
2109 1029 2177 1097 in
2221 1028 2486 1100 ecclesia

231 1134 612 1203 «cathedrali
650 1155 850 1223 quam
884 1134 954 1201 in
986 1134 1154 1217 aliis,
1188 1124 1749 1203 subministranda
1790 1141 1980 1204 erunt
2015 1157 2051 1202 a
2093 1137 2425 1205 canonicis
2451 1160 2486 1207 e

230 1239 550 1309 «sacristia
584 1241 967 1309 cathedralis
995 1248 1372 1332 paramenta
1400 1263 1617 1326 sacra3
1655 1263 1776 1310 nec
1812 1247 2065 1309 tenetur
2088 1243 2214 1311 sibi
2241 1243 2319 1311 de
2356 1242 2487 1312 illis

229 1345 598 1438 «providere
625 1396 643 1425 ,
686 1352 759 1413 ut
811 1347 1063 1415 censuit
1102 1346 1293 1416 Sacra
1331 1347 1761 1438 Congregatio
1812 1348 2219 1439 particularis
2272 1347 2488 1439 (illius

230 1452 595 1521 «decretum
618 1454 820 1544 refert
856 1453 928 1521 in
953 1465 1296 1522 extensum
1337 1453 1974 1544 Scarfantonius‚·l.
2010 1454 2077 1540 2,
2109 1454 2219 1523 tit.
2263 1456 2388 1543 II).
2414 1453 2495 1522 Et

226 1586 254 1626 ι(
272 1561 435 1629 hanc
455 1561 839 1628 sententiam
864 1563 1303 1630 communiter
1328 1567 1627 1631 tenent...
1665 1562 1999 1643 Quatenus
2030 1582 2182 1630 vero
2206 1560 2496 1629 sacristia

227 1666 648 1736 «cathedralis
686 1689 820 1735 non
860 1667 1128 1736 haberet
1161 1668 1406 1737 reditus
1439 1668 1832 1737 sufficientes
1875 1689 1994 1758 pro
2036 1665 2491 1758 comparandis

226 1800 252 1838 1<
276 1774 590 1865 praedictis
612 1773 1026 1863 paramentis,
1047 1779 1109 1842 et
1122 1798 1237 1866 pro
1256 1781 1716 1845 restauratione
1733 1773 2043 1858 ecclesiae,
2068 1780 2324 1842 tenetur
2341 1772 2494 1864 Epi·

223 1905 251 1945 «
276 1902 499 1971 scopus
532 1894 651 1970 pro
701 1886 929 1969 quarta
965 1888 1143 1972 parte
1170 1883 1507 1951 fructuum
1536 1904 1669 1950 suae
1696 1903 1958 1968 mensae,
2000 1888 2063 1950 et
2087 1880 2304 1970 quoad
2348 1878 2497 1948 reli-

224 2012 252 2052 «
278 2008 480 2076 quum
532 1991 837 2053 tenentur
889 1986 1303 2055 contribuere
1357 1989 1739 2055 canonici...
1800 1987 1895 2055 De
1942 1992 2171 2054 caetero
2235 1978 2496 2075 quando

217 2116 248 2154 «
271 2091 501 2159 adsunt
530 2090 774 2158 reditus
804 2092 1097 2160 destinati
1121 2114 1240 2184 pro
1264 2093 1435 2161 dicta
1461 2093 1943 2183 comparatione
1966 2090 2498 2180 supellectilium,

218 2212 245 2259 a
270 2203 329 2264 et
357 2196 764 2286 reparatione
809 2199 1120 2282 ecclesiae,
1170 2221 1246 2265 ex
1294 2201 1387 2265 eis
1415 2199 1707 2265 facienda
1735 2203 1828 2265 est
1867 2195 2185 2285 reparatio
2218 2202 2282 2262 et
2327 2216 2507 2262 com-

212 2296 565 2387 «paranda
604 2301 756 2362 sunt
803 2299 1029 2364 eadem
1073 2299 1505 2388 supellectilia
1539 2301 1722 2387 juxta
1762 2295 2323 2383 consuetudinem,
2362 2315 2507 2385 quae

204 2427 244 2466 «
277 2401 475 2468 unice
500 2401 882 2469 attendenda
904 2410 1017 2472 est.
1052 2429 1085 2470 »
1120 2403 1649 2497 (Scarfantonius,
1678 2411 1836 2474 tom.
1859 2403 1951 2497 Π,ι
1967 2425 2118 2496 pag.
2146 2402 2258 2491 52,
2283 2425 2351 2471 n.
2391 2402 2499 2490 12,

201 2507 393 2577 editio
420 2506 760 2595 Lucensis,
797 2510 1019 2602 1723.)

289 2614 601 2683 Vicissim
651 2623 869 2686 autem
919 2620 1200 2710 capitulo
1244 2619 1533 2688 ecclesiae
1579 2620 1962 2689 cathedralis
2015 2619 2336 2688 debentur
2359 2622 2503 2709 post
2547 2650 2562 2664 -

209 2729 478 2790 mortem
506 2724 807 2816 Episcopi
859 2726 1046 2817 plura
1069 2728 1376 2796 utensilia
1417 2727 1500 2794 ab
1523 2727 1754 2794 eodem
1782 2726 2107 2817 Episcopo
2155 2724 2503 2792 decedente

210 2828 450 2908 relicta,
484 2830 658 2917 quod
686 2854 896 2921 nuper
920 2834 1335 2901 confirmavit
1372 2833 1528 2901 Pius
1544 2831 1638 2899 IX
1664 2833 1896 2899 litteris
1928 2829 2295 2920 apostolicis
2326 2830 2502 2895 Cum

208 2933 392 3001 illud
401 2934 724 3025 plincrimi,
752 2936 781 3001 1
807 2939 979 3025 junii
1017 2938 1221 3023 1847,
1250 2940 1325 3004 in
1352 2938 1537 3003 hunc
1566 2937 1841 3002 modum
1876 2959 1894 3002 ι
1927 2938 2139 3002 Sacra
2155 2932 2498 3016 utensilia,

212 3062 350 3128 quce
380 3040 609 3129 viqore
637 3040 1126 3108 constitutionis
1159 3045 1228 3109 S.
1263 3040 1375 3107 Pii
1410 3039 1885 3129 Vincipientis,
1919 3040 2202 3106 Romani
2232 3039 2505 3108 Pontifi-

215 3148 327 3226 cis,
358 3148 641 3216 ecclesiis
659 3146 1155 3216 cathedralibus
1183 3146 1526 3233 debentur,
1555 3146 1695 3214 boec
1722 3168 1854 3213 esse
1872 3144 2195 3214 'edicimus
2225 3145 2506 3213 :mitras

218 3253 478 3336 scilicet,
502 3254 845 3344 planetas,
872 3254 1246 3344 pluvialia,
1276 3253 1656 3337 tunicellas,
1690 3253 2125 3339 dalmaticas,
2154 3251 2494 3341 sandalia,

221 3358 638 3442 chirothecas,
681 3359 868 3427 albas
890 3382 1043 3428 cum
1067 3361 1372 3451 cinqulis,
1407 3361 1619 3429 lineos
1648 3360 1957 3443 amictus,
1989 3372 2053 3428 et
2077 3359 2181 3428 his
2207 3360 2464 3428 similia
2474 3379 2504 3444 ;

222 3462 372 3529 item
399 3465 722 3545 missalia,
744 3466 1130 3555 qradualia,
1158 3466 1361 3534 libros
1386 3478 1621 3535 cantus
1654 3467 1846 3556 firmi
1872 3477 1934 3534 et
1965 3467 2259 3549 musicoe,
2298 3465 2504 3532 libros

220 3570 657 3660 pontificales,
706 3572 1024 3659 alterum,
1076 3574 1183 3639 cui
1215 3573 1451 3639 titulus
1503 3594 1717 3639 canon
1757 3573 1972 3637 missoe
1996 3591 2025 3654 ,⁶
2053 3571 2212 3638 item
2244 3571 2504 3650 calices,

216 3687 515 3762 patenas,
547 3677 858 3769 pyxides,
892 3678 1286 3763 ostensoria,
1327 3675 1724 3741 thuribula:
1755 3696 1872 3740 vas
1917 3695 2109 3760 aquce
2155 3671 2506 3739 benedictae

231 3802 370 3851 cum
394 3785 779 3876 aspersorio,
802 3783 1069 3875 pelvim
1099 3803 1248 3848 cum
1274 3802 1492 3861 urceo,
1540 3791 1704 3844 vasa
1730 3798 2070 3843 sacrorum
2092 3776 2413 3859 oleorum,
2445 3790 2507 3845 et

231 3891 511 3959 urceolos
537 3914 679 3959 una
700 3914 849 3959 cum
869 3889 1185 3982 pelvibus
1206 3899 1271 3955 et
1295 3883 1783 3971 tintinnabulo,
1795 3881 2271 3973 palmatorios,
2295 3885 2506 3957 icones

229 3995 429 4075 pacis,
454 4020 669 4064 cruces
693 3993 1301 4086 archiepiscopales,
1327 3990 1734 4061 candelabra
1756 4012 1909 4058 cum
1931 4010 2116 4056 cruce
2124 4012 2249 4079 pro
2268 3990 2508 4062 altaris

235 4116 375 4182 usu,
406 4101 718 4170 baculum
735 4101 1158 4192 pastoralem
1168 4121 1197 4185 ,·
1224 4098 1721 4191 faldistorium,
1758 4097 2063 4187 aliasque
2103 4119 2204 4165 res
2251 4120 2499 4182 sacras,

235 4201 368 4273 sive
404 4221 824 4298 paramenta,
874 4207 1007 4276 sive
1044 4219 1467 4285 ornamenta,
1498 4206 1631 4272 sive
1655 4226 1844 4290 vasa,
1869 4205 1931 4271 si
1952 4228 2096 4295 quoe
2114 4216 2270 4273 sunt
2298 4206 2507 4272 etiam

238 4327 317 4373 εει
347 4333 568 4383 eorum
603 4327 853 4383 natura
879 4312 1033 4381 usui
1047 4315 1341 4404 profano
1367 4332 1686 4399 conqrua,
1716 4307 2069 4376 dummodo
2100 4332 2237 4376 non
2243 4328 2374 4395 per
2396 4319 2508 4379 ας-

239 4414 471 4503 cidens,
516 4422 631 4493 sed
659 4433 1125 4515 permanenter
1171 4418 1398 4486 divino
1433 4416 1653 4484 cultui
1692 4416 2023 4504 sacrisque
2053 4399 2509 4502 functionibus
