2930 4982
421 325 455 380 3
466 326 499 380 ‚2
510 324 544 378 Ξ
1391 334 1465 379 ΤΒ
1474 332 1734 380 ACTA'rus

416 449 680 537 collegia
730 447 873 516 vitae
916 446 1237 516 clericalis
1285 451 1595 540 antiquus
1630 448 1935 540 splendor
1980 452 2042 514 et
2069 446 2506 538 primordialis
2528 450 2702 520 inte-

415 556 630 647 gritas.
682 550 860 622 Dum
908 572 1062 640 ergo
1106 574 1345 643 parum
1391 553 1798 623 aedificationi
1856 552 2244 644 populorum
2312 554 2702 644 conferrent,

411 667 602 751 atque
651 658 1084 730 ecclefliarum
1122 660 1433 749 regimini
1486 663 1634 752 plus
1673 662 1891 729 obesse
1913 681 2110 749 quam
2142 658 2439 749 prodesse
2467 663 2705 752 passim

413 764 812 846 viderentur,
857 783 1000 834 non
1031 764 1279 834 mirum
1315 772 1409 834 est
1447 766 1809 835 Ecclesiam
1838 765 1920 833 ad
1949 765 2248 832 salutaris
2284 765 2707 856 depressionis

410 871 776 941 remedium
822 869 1174 942 devenisse.
1226 871 1439 952 Quam
1487 894 1659 963 aegra
1684 877 1910 940 essent
1960 871 2098 939 haec
2150 892 2419 961 corpora
2446 875 2705 943 concilii

411 976 777 1048 Tridentini
823 981 1135 1067 tempore,
1171 980 1390 1067 arguit
1409 980 1712 1069 pertinax
1754 977 2067 1070 oppositio
2097 999 2229 1066 qua
2255 979 2485 1066 synodi
2500 980 2704 1071 hujus

416 1082 843 1173 publicationi
885 1083 1215 1173 praecipue
1253 1083 1336 1152 ‘in
1373 1083 1589 1153 Gallia
1632 1085 1957 1169 obstitere,
2009 1084 2161 1175 plus
2203 1084 2287 1152 de
2324 1084 2591 1154 subl-atis
2616 1088 2703 1155 ab

422 1191 539 1257 ista
583 1188 826 1277 synodo
873 1189 1269 1278 quibusdam
1323 1193 1462 1259 suis
1500 1190 1977 1282 praerogativis,
2031 1211 2232 1280 quam
2288 1190 2389 1259 de
2425 1193 2700 1280 generali

416 1293 719 1362 Ecclesiae
768 1294 938 1363 bono
978 1295 1275 1364 sollicita.
1315 1295 1493 1366 Dum
1523 1298 1766 1366 scilicet
1784 1297 2115 1389 publicam
2138 1319 2182 1364 a
2204 1296 2540 1365 Gubernio
2564 1298 2701 1367 Tri-

415 1401 663 1469 dentini
711 1403 970 1480 concilii
1020 1406 1457 1496 receptionem
1510 1427 1773 1475 summa
1814 1427 1982 1474 >cura
2011 1403 2388 1473 nitebantur
2421 1405 2702 1475 obtinere

419 1506 649 1577 Galliae
689 1507 1022 1599 Episcopi,
1058 1531 1403 1579 recursum
1432 1512 1515 1580 ad
1543 1511 1943 1602 parlamenta
1961 1510 2125 1579 laica
2161 1516 2395 1580 contra.
2415 1512 2699 1580 eamdem

424 1614 861 1681 moliebantur
900 1616 1202 1705 capitula.
1258 1617 1443 1686 Unde
1487 1618 1705 1687 forsan
1745 1639 1881 1687 non
1921 1618 2420 1708 absquedivi‘nae
2437 1620 2704 1709 justitiae

420 1719 825 1798 ordinatione
875 1723 1113 1807 evenit,
1166 1728 1240 1790 ut
1266 1725 1362 1793 ibi
1402 1725 1694 1793 multum
1719 1725 2198 1816 deprimantur,
2219 1725 2335 1793 ubi
2359 1727 2641 1796 multum
2669 1750 2702 1796 a

422 1831 598 1894 recto
645 1827 904 1894 tramite
955 1828 1376 1898 deflexerunt.
1434 1831 1611 1921 Ergo
1663 1831 1831 1901 sicut
1869 1837 1933 1900 et
1967 1832 2110 1899 aliae
2136 1832 2554 1901 sanctissimae
2585 1834 2698 1901 Ec·

420 1929 634 1998 clesiae
667 1932 1102 2002 institutiones
1110 1986 1130 2021 ,
1162 1936 1258 2004 ita
1281 1942 1344 2004 et
1365 1938 1508 2006 haec
1537 1938 1848 2007 abusibus
1872 1939 1998 2006 suit
2024 1935 2496 2010 commaculata
2519 1933 2699 2029 atque

428 2039 842 2107 correctionis
866 2041 1122 2130 virgam
1150 2042 1376 2111 debuit
1400 2046 1776 2135 persentire.

515 2144 586 2213 Id
614 2167 765 2213 vero
800 2152 1022 2215 notatu
1062 2150 1340 2217 maxime
1373 2152 1679 2241 dignum,
1716 2150 2073 2218 Ecclesiam
2102 2152 2372 2240 quidem
2404 2173 2529 2243 -pro
2555 2157 2696 2219 tem-

399 2283 404 2286 ·
428 2273 665 2341 porum
695 2256 1061 2324 necessitate
1099 2257 1535 2347 capitulorum
1565 2263 1939 2349 potestatem
1968 2262 2032 2325 et
2052 2260 2370 2326 actionem
2405 2260 2696 2349 paulatim

430 2367 806 2447 coarctasse,
846 2385 1189 2452 nunquam
1219 2387 1371 2434 vero
1394 2367 1603 2456 ipsam
1645 2365 2116 2433 institutionem
2145 2363 2223 2432 de
2250 2366 2472 2434 medio
2498 2366 2699 2433 tollen·

428 2464 581 2532 dam
612 2467 1025 2536 existimasse.
1042 2468 1195 2538 ·Imo
1222 2493 1669 2541 summa‘cura
1696 2494 1948 2564 semper
1966 2472 2152 2540 enixa
2179 2477 2273 2540 est
2296 2472 2566 2541 utnulla
2590 2471 2702 2539 eri·
2786 2530 2803 2552 ,

428 2577 691 2656 geretur
723 2579 836 2638 aut
864 2580 1099 2640 extaret
1127 2577 1417 2645 dioecesis
1438 2579 1691 2666 absque
1732 2578 2038 2668 capitulo.
2078 2576 2212 2645 Nec
2243 2577 2436 2645 finem
2466 2579 2708 2667 capitu-

431 2673 672 2741 lorum,
704 2677 1110 2766 praecipuum
1158 2685 1224 2745 et
1268 2683 1670 2748 essentialem
1725 2681 1991 2750 cessavit
2040 2704 2326 2771 unquam
2365 2696 2711 2769 agnoscere

387 2834 390 2837 n
435 2784 627 2870 atque
653 2786 894 2849 sartum
930 2787 1306 2873 tectumque
1331 2787 1519 2854 velle.
1562 2787 1654 2855 Ita
1678 2788 1869 2855 etiam
1902 2792 1979 2855 ut
2008 2789 2077 2855 in
2103 2788 2291 2856 modo
2305 2787 2482 2853 hunc
2508 2786 2707 2853 finem

434 2889 836 2957 essentialem
879 2892 1283 2981 exprimendi
1318 2894 1488 2961 nihil
1533 2916 1827 2984 unquam
1849 2896 2312 2962 immutaverit.
2359 2892 2704 2962 Consilium

433 2993 735 3086 Episcopi
755 3002 829 3064 ⁴et
852 3010 1122 3067 senatus
1157 3001 1467 3068 Ecclesia?
1495 3001 1653 3070 olim
1677 3003 2026 3070 vocabatur
2046 3001 2411 3092 capitulum
2445 3024 2463 3069 :
2496 3001 2703 3068 eodem

431 3114 706 3171 senatus
744 3106 1061 3173 Ecclesiae
1102 3108 1289 3176 titulo
1332 3109 1712 3178 Tridentina
1757 3111 2038 3198 synodus
2084 3111 2301 3199 ipsum
2343 3109 2707 3176 condecorat

435 3211 593 3278 dum
634 3213 706 3279 in
752 3215 1584 3304 praerogativis-restringit,
1627 3216 1702 3284 ln
1740 3217 2120 3285 concordato
2161 3217 2314 3282 anni
2363 3215 2525 3282 1801
2564 3233 2703 3281 cum

432 3312 641 3382 Gallia
681 3317 867 3401 inito,
914 3319 1077 3407 erigi
1120 3319 1399 3410 capitula
1438 3321 1638 3389 simul
1680 3343 1831 3389 cnm
1868 3322 2053 3389 novis
2080 3320 2370 3389 ecclesiis
2403 3321 2536 3387 vult
2564 3318 2707 3386 Pius

433 3415 578 3505 Vll,
601 3436 675 3486 ex
692 3441 769 3487 eo
791 3424 963 3510 quod
987 3445 1232 3491 necesse
1259 3426 1349 3491 sit
1367 3426 1710 3492 consulere
1735 3427 2218 3516 Episcoporum
2247 3423 2523 3492 consilio
2548 3442 2702 3490 suae·

433 3546 556 3616 que
581 3526 869 3594 ecclesia»
893 3528 1501 3597 administrationi.
1526 3531 1687 3598 Pius
1726 3554 1879 3599 vero
1904 3532 2023 3615 lX,
2052 3533 2120 3598 in
2150 3552 2268 3599 suo
2302 3528 2547 3599 recenti
2558 3545 2706 3596 -cum

431 3631 744 3725 Hispania
761 3636 1175 3721 concordam,
1202 3636 1362 3726 quid
1381 3639 1516 3704 sint
1534 3639 1735 3706 etiarnx
1755 3639 1943 3708 hodie
1968 3639 2247 3729 capitula
2266 3637 2498 3705 iisdem
2512 3631 2707 3724 expri-

432 3742 554 3809 mit
582 3743 878 3810 terminis
908 3743 1116 3832 quiin
1149 3749 1277 3811 tota
1312 3750 1485 3813 retro
1523 3746 1902 3835 antiquitate
1942 3745 2326 3836 frequentati
2354 3750 2531 3829 sunt,
2561 3741 2709 3808 dum

430 3847 626 3917 dicit:
676 3850 851 3917 Cum
879 3846 1294 3917 cathedralia
1325 3851 1626 3940 capitula
1653 3851 2316 3942 Arolzz'episcoporum
2361 3862 2426 3917 et
2453 3846 2712 3938 Episco-

416 3973 672 4041 porum
699 3966 1009 4023 senatum
1031 3955 1519 4044 consiliumque
1547 3958 1965 4024 constituant
1993 3956 2136 4046 (art.
2179 3956 2312 4048 15).
2341 3956 2543 4038 Hinc,
2564 3966 2716 4019 cum

428 4058 800 4129 doctissimo
823 4062 1051 4142 Nardi,
1087 4062 1528 4129 existimamus
1555 4063 2025 4131 institutionem
2070 4064 2254 4131 illam
2283 4080 2624 4152 nunquam
2652 4055 2715 4121 in

428 4161 718 4233 Ecclesia
747 4173 1180 4256 cessaturam3
1221 4174 1365 4236 tum
1396 4167 1551 4256 quia
1589 4167 1863 4236 exordiis
1897 4168 2103 4257 fulget
2140 4168 2551 4257 ApostoliciS,
2581 4160 2717 4229 t'um

428 4271 583 4365 quia
611 4294 686 4340 ex
717 4269 829 4337 illa
858 4271 1160 4364 Episcopi
1193 4297 1346 4343 cum
1380 4274 1663 4364 capitulo
1690 4275 1762 4342 in
1790 4296 2003 4343 unum
2042 4297 2278 4366 corpus
2305 4272 2711 4344 adunatione,

423 4387 650 4472 sponte
695 4376 950 4465 exurgit
985 4379 1312 4467 quoddam
1349 4381 1420 4446 in
1468 4381 1888 4449 ecclesiarum
1921 4382 2243 4470 regimine
2285 4383 2491 4452 robur
2530 4392 2721 4467 qnae-
