2930 4982
1176 305 1254 351 m:
1301 304 1628 353 cunnus.
2416 300 2539 357 459

261 420 508 492 deferre
538 422 755 491 aestivo
795 422 1155 514 praesertim
1187 428 1477 514 tempore
1511 446 1701 513 grave
1736 424 1895 494 forte
1925 430 2082 495 erat.
2124 424 2218 495 De
2256 426 2545 498 almutiis

260 532 508 601 mentio
549 530 620 597 fit
656 528 726 596 in
770 529 1046 597 concilio
1089 527 1438 597 Basileensi
1471 529 1641 619 (sess.
1688 531 1847 621 21);
1896 533 2223 602 Οαηοηίσὶ
2244 534 2545 604 ecclesias

260 634 729 727 inqrediantur
750 634 1073 703 almutias
1090 635 1198 703 vel
1222 635 1457 726 byreta
1482 648 1769 705 tenentes
1801 637 1872 705 in
1895 640 2131 728 capite.

1351 911 1467 991 §3

251 1084 330 1133 m:
367 1083 700 1127 Nsscnsumo
731 1084 880 1127 sams
928 1086 1259 1133 nos-rouen
1295 1087 1528 1127 lunum-o
1559 1088 1629 1128 m·
1673 1070 1927 1129 ‘emotum
1965 1064 2270 1130 mammons
2304 1087 2414 1145 tm,
2451 1088 2551 1131 Aur

1081 1184 1207 1223 ILLA
1246 1184 1462 1235 nomm:
1503 1184 1716 1224 possim·

356 1378 392 1420 «
437 1353 607 1424 Usus
662 1377 775 1425 seu
825 1355 1057 1425 delatio
1102 1379 1323 1449 cappae
1363 1364 1427 1427 et
1467 1358 1767 1447 rochetti,
1818 1359 1981 1450 quin
2031 1361 2166 1431 imo
2208 1360 2403 1429 etiam
2454 1360 2549 1429 al·

257 1487 303 1549 μα
348 1461 597 1539 mutiae,
649 1484 786 1555 non
839 1463 1237 1553 permittitur
1291 1465 1622 1551 canonicis
1672 1466 2122 1548 ecclesiarum,
2186 1472 2314 1534 tam
2363 1464 2551 1534 colle-

251 1591 303 1643 ς(
342 1569 664 1658 giatarum
692 1590 895 1658 quam
924 1569 1420 1653 cathedralium,
1439 1571 1582 1661 Inisi
1612 1570 1888 1661 speciale
1917 1570 2248 1639 indultum
2277 1571 2554 1641 habeant

261 1701 301 1739 α
347 1696 384 1742 a
430 1673 592 1744 Sede
634 1676 1025 1764 Apostolica‚
1067 1698 1220 1744 cum
1265 1678 1530 1746 illorum
1580 1677 1946 1766 insignium
1989 1678 2307 1747 concessio
2348 1680 2432 1748 sit
2472 1680 2550 1750 de

259 1807 302 1848 «
341 1781 668 1870 regalibus
710 1779 971 1848 Summi
1010 1780 1368 1870 Pontificis‚
1410 1806 1625 1877 neque
1666 1784 1882 1872 quoad
1914 1806 1986 1850 ea
2024 1784 2386 1875 quidquam
2423 1791 2550 1850 sta·

262 1913 302 1952 «
344 1894 525 1954 tuere
554 1888 801 1978 possint
827 1886 1157 1978 Episcopi.
1192 1889 1520 1956 Omnibus
1551 1889 1679 1955 illis
1702 1889 1940 1976 quibus
1965 1911 2039 1955 ex
2069 1891 2381 1979 peculiari
2415 1891 2549 1979 pri-

259 2020 300 2060 «
344 1994 583 2082 vilegio
600 1994 775 2060 illius
805 1990 1063 2084 (nempe
1099 1993 1404 2083 rochetti)
1434 2017 1594 2061 usus
1624 1994 1976 2083 permissus
2006 2016 2139 2061 non
2161 1994 2547 2080 ostenditur,

263 2125 301 2164 «
344 2100 734 2188 intelligitur
757 2122 793 2166 a
815 2102 966 2187 jure
998 2100 1365 2190 prohibitus
1387 2126 1404 2186 ;
1448 2106 1521 2166 ut
1542 2101 1620 2167 de
1633 2100 1919 2167 rochetto
1944 2122 2018 2167 ac
2038 2103 2232 2168 etiam
2248 2101 2326 2189 de
2351 2122 2552 2189 cappa

265 2231 306 2272 «
351 2211 616 2272 testatur
642 2206 963 2274 Corradus
996 2207 1225 2296 (Praoe.
1266 2207 1505 2306 benef„
1538 2207 1584 2273 l.
1620 2206 1687 2290 2,
1715 2228 1772 2273 c.
1824 2207 1958 2296 14),
1997 2206 2113 2273 ubi
2143 2208 2332 2297 plura
2365 2207 2555 2276 refert

263 2338 303 2377 «
347 2310 881 2401 congregationis
919 2314 1168 2384 rituum
1193 2313 1469 2393 decreta,
1507 2334 1580 2381 ac
1622 2335 1896 2380 numero
1926 2312 2013 2380 26
2040 2313 2172 2379 ait:
2208 2312 2552 2403 Episcopos

261 2443 300 2483 «
346 2417 417 2484 in
449 2418 572 2484 hac
602 2416 870 2485 materia
894 2419 1239 2486 habituum
1268 2424 1330 2485 et
1353 2419 1717 2508 insignium
1746 2420 1810 2485 in
1844 2419 2041 2486 choro
2068 2441 2182 2509 per
2209 2419 2550 2487 canonicos

259 2546 297 2586 α
345 2524 839 2611 gestandorum,
875 2546 949 2592 ac
972 2526 1168 2592 etiam
1199 2526 1370 2594 circa
1395 2526 1659 2601 illorum
1695 2527 1963 2613 coloreS,
1997 2526 2251 2593 nullam
2286 2549 2551 2616 prorsus

261 2653 301 2696 «
346 2632 792 2699 auctoritatem
817 2631 1078 2712 habere,
1114 2653 1267 2699 cum
1296 2632 1621 2707 omniaPa
1634 2655 1727 2721 pae
1752 2633 1884 2702 sint
1908 2640 2247 2702 reservata.
2273 2658 2309 2697 »
2345 2633 2552 2723 (Scar-

260 2734 614 2823 fantoniuS,
653 2742 699 2804 t.
732 2737 787 2825 l,
824 2762 896 2827 p.,
929 2737 1042 2823 37,
1066 2737 1218 2806 edit.
1253 2737 1477 2824 Lucae‚
1516 2738 1736 2828 1723.)
1778 2766 1813 2804 (ι
1839 2738 2096 2806 Novum
2119 2741 2386 2824 signum
2421 2738 2552 2805 sive

272 2861 311 2903 «
353 2839 647 2912 habitum
688 2842 757 2908 in
806 2844 1006 2911 choro
1052 2866 1376 2913 assumere
1427 2849 1491 2910 et
1524 2845 1790 2911 ¹deferre
1835 2865 1972 2910 non
2024 2843 2265 2909 debent
2308 2842 2554 2931 absque

263 2969 306 3011 ι(
353 2942 536 3015 Sedis
581 2948 1302 3040 Apostolicaeiindulto.
1350 2947 1841 3038 ›12(Monacelli‚.
1882 2949 1981 3015 tit.
2042 2947 2112 3032 2,
2166 2952 2212 3013 ι.
2263 2946 2379 3033 lv,
2439 2950 2554 3017 ad-

258 3058 395 3127 not.
439 3053 580 3145 28.)
1484 3113 1485 3118 ,
1578 3117 1579 3120 ,
1810 3097 1813 3100 >
2238 3107 2241 3112 .

361 3185 394 3224 (ι
440 3159 685 3228 Notum
728 3162 973 3252 quippe
1000 3166 1095 3228 est
1138 3159 1543 3250 Episcopum
1583 3158 1865 3246 insignia
1896 3157 2294 3226 beneficiatis
2329 3180 2554 3229 conce-

264 3289 301 3331 «
341 3265 493 3337 dere
536 3290 671 3335 non
713 3288 920 3358 posse,
966 3289 1112 3357 quae
1159 3267 1241 3335 ab
1283 3265 1657 3355 Apostolioa
1705 3264 1869 3334 Sede
1913 3270 2066 3333 sunt
2114 3267 2548 3354 concedenda,

268 3399 303 3440 α
350 3373 451 3441 uti
492 3373 563 3441 S.
624 3376 873 3441 rituum
920 3373 1349 3463 Congregatio
1388 3375 1527 3463 jam
1574 3372 1655 3440 ab
1699 3394 1870 3442 anno
1913 3372 2086 3441 1604
2132 3372 2228 3462 (in
2263 3372 2551 3462 Cluensi)

268 3504 303 3544 (ι
348 3479 739 3548 declaravit:
772 3484 904 3551 Nec
936 3481 1237 3547 canonici
1258 3503 1374 3547 nec
1402 3480 1531 3547 aliz·
1551 3502 1834 3570 cappam
1863 3477 2111 3569 deferre
2130 3480 2393 3568 possint
2419 3478 2557 3544 sine

259 3610 304 3653 ,α
351 3608 657 3677 expressa
688 3599 752 3662 et
789 3585 1063 3675 speciali
1093 3585 1369 3652 licentia
1405 3584 1591 3652 Sedis
1624 3584 2043 3673 Apostolicae.
2088 3608 2123 3647 >³
2161 3583 2578 3671 (Thesaurus.

258 3692 537 3762 resolut.
570 3692 638 3762 S.
674 3688 1522 3781 Congregationisconcilii,
1559 3693 1734 3753 tomo
1763 3686 1920 3753 anni
1956 3685 2150 3766 1828,
2176 3709 2242 3774 p.
2270 3685 2456 3775 264.)

349 3797 425 3866 In
459 3800 597 3889 ipsa
638 3797 1073 3889 capitulorum
1114 3795 1433 3863 erectione
1470 3793 1636 3860 solet
1678 3791 1993 3860 Summus
2031 3790 2321 3858 Pontifex
2361 3792 2556 3859 habi-

260 3909 406 3977 tum
444 3911 504 3971 et
543 3905 764 3994 aliqua
790 3904 1073 3991 insignia
1114 3901 1582 3970 canonicorum
1617 3898 2050 3968 determinare
2076 3898 2208 3965 si've
2247 3920 2363 3989 per
2391 3901 2554 3990 seip-

261 4032 411 4081 sum
430 4012 567 4081 sive
586 4035 703 4103 per
722 4012 1111 4100 delegatum.
1140 4007 1265 4078 Pro
1295 4009 1599 4099 capitulis
1628 4005 1958 4075 hodiernis
1985 4004 2233 4091 Galliae,
2260 4005 2415 4075 Pius
2437 4005 2556 4076 VII

260 4118 333 4190 in
362 4119 545 4191 bulla
574 4117 1338 4207 concordati‘potestatem
1370 4137 1557 4182 suam
1578 4113 1909 4181 Cardinali
1931 4112 2229 4203 Caprarae
2255 4115 2335 4181 ad
2364 4112 2555 4179 effec-

239 4225 809 4315 cturnihujusmodi
848 4224 1132 4312 insignia
1164 4221 1556 4306 concedendi
1585 4242 1877 4311 expresse
1901 4220 2263 4311 delegavit3
2309 4221 2364 4286 is
2406 4235 2555 4281 vero

261 4328 448 4405 illam
478 4331 919 4421 subdelegavit
943 4331 1158 4422 primo
1181 4330 1419 4399 futuris
1437 4328 1800 4421 Episcopis.
