<?xml version="1.0" encoding="UTF-8"?>
<!DOCTYPE html PUBLIC "-//W3C//DTD XHTML 1.0 Transitional//EN"
    "http://www.w3.org/TR/xhtml1/DTD/xhtml1-transitional.dtd">
<html xmlns="http://www.w3.org/1999/xhtml" xml:lang="en" lang="en">
 <head>
  <title>
</title>
<meta http-equiv="Content-Type" content="text/html;charset=utf-8" />
  <meta name='ocr-system' content='tesseract 3.04.00' />
  <meta name='ocr-capabilities' content='ocr_page ocr_carea ocr_par ocr_line ocrx_word'/>
</head>
<body>
  <div class='ocr_page' id='page_1' title='image "./tractatusdecapi00bouigoog_0024.png"; bbox 0 0 2930 4982; ppageno 0'>
   <div class='ocr_carea' id='block_1_1' title="bbox 334 328 1651 388">
    <p class='ocr_par' dir='ltr' id='par_1_1' title="bbox 334 328 1651 388">
     <span class='ocr_line' id='line_1_1' title="bbox 334 328 1651 388; baseline 0.002 -3"><span class='ocrx_word' id='word_1_1' title='bbox 334 331 372 385; x_wconf 87' lang='lat'>8</span> <span class='ocrx_word' id='word_1_2' title='bbox 1090 328 1097 335; x_wconf 73' lang='grc'>’</span> <span class='ocrx_word' id='word_1_3' title='bbox 1307 339 1651 388; x_wconf 69' lang='grc' dir='ltr'><strong>τιιΑοτΑτυε</strong></span> 
     </span>
    </p>
   </div>
   <div class='ocr_carea' id='block_1_2' title="bbox 284 454 2629 3195">
    <p class='ocr_par' dir='ltr' id='par_1_2' title="bbox 336 454 2618 633">
     <span class='ocr_line' id='line_1_2' title="bbox 337 454 2618 550; baseline 0.002 -28"><span class='ocrx_word' id='word_1_4' title='bbox 337 454 573 544; x_wconf 87' lang='lat' dir='ltr'><strong>legitur</strong></span> <span class='ocrx_word' id='word_1_5' title='bbox 597 478 612 523; x_wconf 76' lang='grc' dir='ltr'><strong><em>ε</em></strong></span> <span class='ocrx_word' id='word_1_6' title='bbox 652 457 845 539; x_wconf 81' lang='lat' dir='ltr'><strong>Quod</strong></span> <span class='ocrx_word' id='word_1_7' title='bbox 864 481 998 527; x_wconf 80' lang='lat' dir='ltr'><strong>non</strong></span> <span class='ocrx_word' id='word_1_8' title='bbox 1027 470 1335 549; x_wconf 80' lang='lat' dir='ltr'><em>oporteat</em></span> <span class='ocrx_word' id='word_1_9' title='bbox 1362 458 1661 549; x_wconf 80' lang='lat' dir='ltr'><strong>amplius</strong></span> <span class='ocrx_word' id='word_1_10' title='bbox 1672 468 1927 549; x_wconf 70' lang='lat' dir='ltr'><strong>praeter</strong></span> <span class='ocrx_word' id='word_1_11' title='bbox 1953 469 2060 527; x_wconf 78' lang='lat' dir='ltr'><strong>eos&#39;</strong></span> <span class='ocrx_word' id='word_1_12' title='bbox 2086 459 2201 549; x_wconf 81' lang='lat' dir='ltr'><strong>qui</strong></span> <span class='ocrx_word' id='word_1_13' title='bbox 2219 458 2618 550; x_wconf 77' lang='lat' dir='ltr'><strong>requlariter</strong></span> 
     </span>
     <span class='ocr_line' id='line_1_3' title="bbox 336 563 973 633; baseline 0.008 -5"><span class='ocrx_word' id='word_1_14' title='bbox 336 574 634 630; x_wconf 81' lang='lat' dir='ltr'><strong>cantores</strong></span> <span class='ocrx_word' id='word_1_15' title='bbox 655 563 973 633; x_wconf 73' lang='lat' dir='ltr'><strong>existunt.</strong></span> 
     </span>
    </p>

    <p class='ocr_par' dir='ltr' id='par_1_3' title="bbox 284 666 2629 3195">
     <span class='ocr_line' id='line_1_4' title="bbox 422 666 2615 762; baseline 0.001 -27"><span class='ocrx_word' id='word_1_16' title='bbox 422 666 793 738; x_wconf 85' lang='lat' dir='ltr'><strong>Notandum</strong></span> <span class='ocrx_word' id='word_1_17' title='bbox 813 677 1029 739; x_wconf 89' lang='lat' dir='ltr'><strong>tamen</strong></span> <span class='ocrx_word' id='word_1_18' title='bbox 1052 676 1146 740; x_wconf 86' lang='lat' dir='ltr'><strong>est</strong></span> <span class='ocrx_word' id='word_1_19' title='bbox 1168 672 1342 739; x_wconf 89' lang='lat' dir='ltr'><strong>circa</strong></span> <span class='ocrx_word' id='word_1_20' title='bbox 1362 671 1759 740; x_wconf 70' lang='lat' dir='ltr'><strong>identitatem</strong></span> <span class='ocrx_word' id='word_1_21' title='bbox 1785 671 1969 739; x_wconf 90' lang='lat' dir='ltr'><strong>illam</strong></span> <span class='ocrx_word' id='word_1_22' title='bbox 1991 668 2440 762; x_wconf 89' lang='lat' dir='ltr'><strong>Capitulorum</strong></span> <span class='ocrx_word' id='word_1_23' title='bbox 2462 692 2615 738; x_wconf 89' lang='lat' dir='ltr'><strong>cum</strong></span> 
     </span>
     <span class='ocr_line' id='line_1_5' title="bbox 337 772 2619 866; baseline 0.002 -27"><span class='ocrx_word' id='word_1_24' title='bbox 337 772 620 863; x_wconf 79' lang='lat' dir='ltr'><strong>antiquis</strong></span> <span class='ocrx_word' id='word_1_25' title='bbox 656 777 1065 866; x_wconf 80' lang='lat' dir='ltr'><strong>presbyteriis</strong></span> <span class='ocrx_word' id='word_1_26' title='bbox 1111 799 1225 846; x_wconf 87' lang='lat' dir='ltr'><strong>seu</strong></span> <span class='ocrx_word' id='word_1_27' title='bbox 1267 777 1743 846; x_wconf 79' lang='lat' dir='ltr'><strong>cathedralibus</strong></span> <span class='ocrx_word' id='word_1_28' title='bbox 1800 777 2114 866; x_wconf 84' lang='lat' dir='ltr'><strong>collegiis,</strong></span> <span class='ocrx_word' id='word_1_29' title='bbox 2167 798 2302 845; x_wconf 89' lang='lat' dir='ltr'><strong>non</strong></span> <span class='ocrx_word' id='word_1_30' title='bbox 2351 780 2619 845; x_wconf 91' lang='lat' dir='ltr'><strong>omnino</strong></span> 
     </span>
     <span class='ocr_line' id='line_1_6' title="bbox 334 883 2622 974; baseline 0.001 -27"><span class='ocrx_word' id='word_1_31' title='bbox 334 883 680 951; x_wconf 88' lang='lat' dir='ltr'><strong>concordes</strong></span> <span class='ocrx_word' id='word_1_32' title='bbox 700 884 971 974; x_wconf 88' lang='lat' dir='ltr'><strong>reperiri</strong></span> <span class='ocrx_word' id='word_1_33' title='bbox 995 886 1277 953; x_wconf 89' lang='lat' dir='ltr'><strong>eruditos</strong></span> <span class='ocrx_word' id='word_1_34' title='bbox 1305 905 1555 953; x_wconf 82' lang='lat' dir='ltr'><strong>omneS.</strong></span> <span class='ocrx_word' id='word_1_35' title='bbox 1590 883 1925 965; x_wconf 89' lang='lat' dir='ltr'><strong>Muratori,</strong></span> <span class='ocrx_word' id='word_1_36' title='bbox 1969 884 2151 952; x_wconf 81' lang='lat' dir='ltr'><strong>verbi</strong></span> <span class='ocrx_word' id='word_1_37' title='bbox 2180 885 2413 973; x_wconf 87' lang='lat' dir='ltr'><strong>gratia,</strong></span> <span class='ocrx_word' id='word_1_38' title='bbox 2445 906 2482 952; x_wconf 92' lang='lat' dir='ltr'><strong>a</strong></span> <span class='ocrx_word' id='word_1_39' title='bbox 2510 907 2622 951; x_wconf 81' lang='lat' dir='ltr'><strong>su·</strong></span> 
     </span>
     <span class='ocr_line' id='line_1_7' title="bbox 336 987 2621 1081; baseline 0.002 -28"><span class='ocrx_word' id='word_1_40' title='bbox 336 987 551 1076; x_wconf 89' lang='lat' dir='ltr'><strong>perius</strong></span> <span class='ocrx_word' id='word_1_41' title='bbox 577 991 855 1078; x_wconf 87' lang='lat' dir='ltr'><strong>exposita</strong></span> <span class='ocrx_word' id='word_1_42' title='bbox 882 990 1176 1060; x_wconf 88' lang='lat' dir='ltr'><strong>doctrina</strong></span> <span class='ocrx_word' id='word_1_43' title='bbox 1219 992 1530 1081; x_wconf 74' lang='lat' dir='ltr'><strong>tantisper</strong></span> <span class='ocrx_word' id='word_1_44' title='bbox 1567 990 1871 1059; x_wconf 88' lang='lat' dir='ltr'><strong>dissonat.</strong></span> <span class='ocrx_word' id='word_1_45' title='bbox 1902 989 2327 1058; x_wconf 87' lang='lat' dir='ltr'><strong>Primitivum</strong></span> <span class='ocrx_word' id='word_1_46' title='bbox 2351 991 2621 1080; x_wconf 89' lang='lat' dir='ltr'><strong>quidem</strong></span> 
     </span>
     <span class='ocr_line' id='line_1_8' title="bbox 333 1093 2624 1185; baseline 0.002 -24"><span class='ocrx_word' id='word_1_47' title='bbox 333 1093 808 1183; x_wconf 78' lang='lat' dir='ltr'><strong>presbyterium</strong></span> <span class='ocrx_word' id='word_1_48' title='bbox 845 1118 981 1163; x_wconf 91' lang='lat' dir='ltr'><strong>non</strong></span> <span class='ocrx_word' id='word_1_49' title='bbox 1013 1097 1196 1164; x_wconf 89' lang='lat' dir='ltr'><strong>aliter</strong></span> <span class='ocrx_word' id='word_1_50' title='bbox 1234 1097 1540 1165; x_wconf 84' lang='lat' dir='ltr'><strong>describit</strong></span> <span class='ocrx_word' id='word_1_51' title='bbox 1572 1117 1648 1164; x_wconf 90' lang='lat' dir='ltr'><strong>ac</strong></span> <span class='ocrx_word' id='word_1_52' title='bbox 1676 1096 1849 1164; x_wconf 89' lang='lat' dir='ltr'><strong>citati</strong></span> <span class='ocrx_word' id='word_1_53' title='bbox 1879 1097 2019 1185; x_wconf 87' lang='lat' dir='ltr'><strong>jam</strong></span> <span class='ocrx_word' id='word_1_54' title='bbox 2050 1101 2339 1164; x_wconf 83' lang='lat' dir='ltr'><strong>auctores</strong></span> <span class='ocrx_word' id='word_1_55' title='bbox 2372 1120 2388 1163; x_wconf 74' lang='grc' dir='ltr'>ε</span> <span class='ocrx_word' id='word_1_56' title='bbox 2434 1124 2469 1161; x_wconf 94' lang='lat'>«</span> <span class='ocrx_word' id='word_1_57' title='bbox 2491 1096 2624 1177; x_wconf 83' lang='lat' dir='ltr'><strong>Qui</strong></span> 
     </span>
     <span class='ocr_line' id='line_1_9' title="bbox 340 1198 2625 1295; baseline 0.004 -33"><span class='ocrx_word' id='word_1_58' title='bbox 340 1224 374 1263; x_wconf 93' lang='lat'>«</span> <span class='ocrx_word' id='word_1_59' title='bbox 404 1198 473 1266; x_wconf 93' lang='lat' dir='ltr'><strong>in</strong></span> <span class='ocrx_word' id='word_1_60' title='bbox 496 1200 922 1295; x_wconf 85' lang='lat' dir='ltr'><strong>ecclesiastica</strong></span> <span class='ocrx_word' id='word_1_61' title='bbox 941 1202 1301 1270; x_wconf 89' lang='lat' dir='ltr'><strong>eruditione</strong></span> <span class='ocrx_word' id='word_1_62' title='bbox 1325 1202 1558 1269; x_wconf 81' lang='lat' dir='ltr'><strong>versati</strong></span> <span class='ocrx_word' id='word_1_63' title='bbox 1582 1207 1757 1287; x_wconf 88' lang='lat' dir='ltr'><strong>sunt,</strong></span> <span class='ocrx_word' id='word_1_64' title='bbox 1791 1202 1904 1281; x_wconf 80' lang='lat' dir='ltr'><strong>ait,</strong></span> <span class='ocrx_word' id='word_1_65' title='bbox 1934 1202 2084 1269; x_wconf 88' lang='lat' dir='ltr'><strong>satis</strong></span> <span class='ocrx_word' id='word_1_66' title='bbox 2108 1206 2352 1270; x_wconf 88' lang='lat' dir='ltr'><strong>norunt</strong></span> <span class='ocrx_word' id='word_1_67' title='bbox 2371 1202 2473 1270; x_wconf 82' lang='lat' dir='ltr'><strong>vel</strong></span> <span class='ocrx_word' id='word_1_68' title='bbox 2501 1225 2625 1271; x_wconf 90' lang='lat' dir='ltr'><strong>an-</strong></span> 
     </span>
     <span class='ocr_line' id='line_1_10' title="bbox 339 1305 2627 1398; baseline 0.003 -29"><span class='ocrx_word' id='word_1_69' title='bbox 339 1330 374 1369; x_wconf 87' lang='lat'>«</span> <span class='ocrx_word' id='word_1_70' title='bbox 400 1305 598 1393; x_wconf 90' lang='lat' dir='ltr'><strong>tiquis</strong></span> <span class='ocrx_word' id='word_1_71' title='bbox 622 1312 764 1396; x_wconf 88' lang='lat' dir='ltr'><strong>post</strong></span> <span class='ocrx_word' id='word_1_72' title='bbox 791 1305 1123 1375; x_wconf 88' lang='lat' dir='ltr'><strong>Christum</strong></span> <span class='ocrx_word' id='word_1_73' title='bbox 1162 1307 1413 1376; x_wconf 63' lang='lat' dir='ltr'><strong>saeculis</strong></span> <span class='ocrx_word' id='word_1_74' title='bbox 1436 1327 1976 1396; x_wconf 85' lang='lat' dir='ltr'><strong>unamquamque</strong></span> <span class='ocrx_word' id='word_1_75' title='bbox 2004 1306 2342 1375; x_wconf 90' lang='lat' dir='ltr'><strong>ecclesiam</strong></span> <span class='ocrx_word' id='word_1_76' title='bbox 2368 1307 2627 1398; x_wconf 91' lang='lat' dir='ltr'><strong>(matri-</strong></span> 
     </span>
     <span class='ocr_line' id='line_1_11' title="bbox 335 1412 2629 1504; baseline 0.003 -30"><span class='ocrx_word' id='word_1_77' title='bbox 335 1434 371 1474; x_wconf 91' lang='lat'>«</span> <span class='ocrx_word' id='word_1_78' title='bbox 404 1432 548 1479; x_wconf 90' lang='lat' dir='ltr'><strong>cem</strong></span> <span class='ocrx_word' id='word_1_79' title='bbox 578 1412 894 1503; x_wconf 84' lang='lat' dir='ltr'><strong>intelligo,</strong></span> <span class='ocrx_word' id='word_1_80' title='bbox 938 1412 1082 1496; x_wconf 79' lang='lat' dir='ltr'><strong>sive</strong></span> <span class='ocrx_word' id='word_1_81' title='bbox 1108 1414 1541 1482; x_wconf 82' lang='lat' dir='ltr'><strong>cathedralem</strong></span> <span class='ocrx_word' id='word_1_82' title='bbox 1573 1418 1635 1481; x_wconf 89' lang='lat' dir='ltr'><strong>et</strong></span> <span class='ocrx_word' id='word_1_83' title='bbox 1675 1413 2093 1504; x_wconf 87' lang='lat' dir='ltr'><strong>parochiales)</strong></span> <span class='ocrx_word' id='word_1_84' title='bbox 2135 1412 2217 1480; x_wconf 91' lang='lat' dir='ltr'><strong>ad</strong></span> <span class='ocrx_word' id='word_1_85' title='bbox 2258 1434 2453 1480; x_wconf 90' lang='lat' dir='ltr'><strong>suum</strong></span> <span class='ocrx_word' id='word_1_86' title='bbox 2500 1417 2629 1482; x_wconf 89' lang='lat' dir='ltr'><strong>mi-</strong></span> 
     </span>
     <span class='ocr_line' id='line_1_12' title="bbox 338 1517 2625 1611; baseline 0.003 -30"><span class='ocrx_word' id='word_1_87' title='bbox 338 1542 373 1580; x_wconf 90' lang='lat'>«</span> <span class='ocrx_word' id='word_1_88' title='bbox 398 1517 736 1584; x_wconf 88' lang='lat' dir='ltr'><strong>nisterium</strong></span> <span class='ocrx_word' id='word_1_89' title='bbox 783 1520 995 1587; x_wconf 86' lang='lat' dir='ltr'><strong>varios</strong></span> <span class='ocrx_word' id='word_1_90' title='bbox 1039 1519 1349 1611; x_wconf 86' lang='lat' dir='ltr'><strong>delegisse</strong></span> <span class='ocrx_word' id='word_1_91' title='bbox 1409 1520 1839 1611; x_wconf 78' lang='lat' dir='ltr'><strong>presbyteros,</strong></span> <span class='ocrx_word' id='word_1_92' title='bbox 1886 1519 2189 1587; x_wconf 90' lang='lat' dir='ltr'><strong>diaconos</strong></span> <span class='ocrx_word' id='word_1_93' title='bbox 2232 1523 2296 1586; x_wconf 88' lang='lat' dir='ltr'><strong>et</strong></span> <span class='ocrx_word' id='word_1_94' title='bbox 2330 1518 2625 1599; x_wconf 76' lang='lat' dir='ltr'><strong>clericoS,</strong></span> 
     </span>
     <span class='ocr_line' id='line_1_13' title="bbox 339 1624 2626 1715; baseline 0.003 -30"><span class='ocrx_word' id='word_1_95' title='bbox 339 1648 372 1685; x_wconf 93' lang='lat'>«</span> <span class='ocrx_word' id='word_1_96' title='bbox 402 1624 519 1710; x_wconf 91' lang='lat' dir='ltr'><strong>qui</strong></span> <span class='ocrx_word' id='word_1_97' title='bbox 559 1624 848 1712; x_wconf 86' lang='lat' dir='ltr'><strong>ejusdem</strong></span> <span class='ocrx_word' id='word_1_98' title='bbox 889 1628 1139 1715; x_wconf 90' lang='lat' dir='ltr'><strong>gremio</strong></span> <span class='ocrx_word' id='word_1_99' title='bbox 1167 1626 1394 1695; x_wconf 85' lang='lat' dir='ltr'><strong>inserti</strong></span> <span class='ocrx_word' id='word_1_100' title='bbox 1423 1632 1616 1715; x_wconf 89' lang='lat' dir='ltr'><strong>atque</strong></span> <span class='ocrx_word' id='word_1_101' title='bbox 1655 1625 1799 1694; x_wconf 91' lang='lat' dir='ltr'><strong>albo</strong></span> <span class='ocrx_word' id='word_1_102' title='bbox 1830 1625 2157 1715; x_wconf 84' lang='lat' dir='ltr'><strong>inscripti,</strong></span> <span class='ocrx_word' id='word_1_103' title='bbox 2189 1626 2626 1715; x_wconf 82' lang='lat' dir='ltr'><strong>perpetuosa-</strong></span> 
     </span>
     <span class='ocr_line' id='line_1_14' title="bbox 338 1730 2627 1824; baseline 0.003 -32"><span class='ocrx_word' id='word_1_104' title='bbox 338 1752 371 1791; x_wconf 93' lang='lat'>«</span> <span class='ocrx_word' id='word_1_105' title='bbox 401 1730 653 1798; x_wconf 87' lang='lat' dir='ltr'><strong>mulatu</strong></span> <span class='ocrx_word' id='word_1_106' title='bbox 683 1730 821 1800; x_wconf 91' lang='lat' dir='ltr'><strong>illic</strong></span> <span class='ocrx_word' id='word_1_107' title='bbox 845 1731 980 1801; x_wconf 89' lang='lat' dir='ltr'><strong>Deo</strong></span> <span class='ocrx_word' id='word_1_108' title='bbox 1000 1755 1075 1801; x_wconf 88' lang='lat' dir='ltr'><strong>ac</strong></span> <span class='ocrx_word' id='word_1_109' title='bbox 1093 1734 1334 1824; x_wconf 89' lang='lat' dir='ltr'><strong>populo</strong></span> <span class='ocrx_word' id='word_1_110' title='bbox 1357 1733 1819 1800; x_wconf 86' lang='lat' dir='ltr'><strong>inserviebant.</strong></span> <span class='ocrx_word' id='word_1_111' title='bbox 1846 1730 2081 1799; x_wconf 83' lang='lat' dir='ltr'><strong>Paucis</strong></span> <span class='ocrx_word' id='word_1_112' title='bbox 2105 1735 2286 1797; x_wconf 88' lang='lat' dir='ltr'><strong>erant</strong></span> <span class='ocrx_word' id='word_1_113' title='bbox 2307 1736 2627 1799; x_wconf 81' lang='lat' dir='ltr'><strong>contentae</strong></span> 
     </span>
     <span class='ocr_line' id='line_1_15' title="bbox 284 1836 2626 1925; baseline 0.003 -29"><span class='ocrx_word' id='word_1_114' title='bbox 284 1902 291 1909; x_wconf 64' lang='grc'>,</span> <span class='ocrx_word' id='word_1_115' title='bbox 340 1857 372 1897; x_wconf 90' lang='lat'>«</span> <span class='ocrx_word' id='word_1_116' title='bbox 410 1836 810 1925; x_wconf 89' lang='lat' dir='ltr'><strong>parochiales</strong></span> <span class='ocrx_word' id='word_1_117' title='bbox 855 1839 1158 1922; x_wconf 88' lang='lat' dir='ltr'><strong>ecclesiae,</strong></span> <span class='ocrx_word' id='word_1_118' title='bbox 1204 1839 1429 1907; x_wconf 88' lang='lat' dir='ltr'><strong>multis</strong></span> <span class='ocrx_word' id='word_1_119' title='bbox 1473 1838 1745 1906; x_wconf 90' lang='lat' dir='ltr'><strong>ecclesia</strong></span> <span class='ocrx_word' id='word_1_120' title='bbox 1796 1836 2227 1919; x_wconf 87' lang='lat' dir='ltr'><strong>cathedralis;</strong></span> <span class='ocrx_word' id='word_1_121' title='bbox 2284 1841 2476 1925; x_wconf 89' lang='lat' dir='ltr'><strong>atque</strong></span> <span class='ocrx_word' id='word_1_122' title='bbox 2535 1837 2626 1904; x_wconf 91' lang='lat' dir='ltr'><strong>ita</strong></span> 
     </span>
     <span class='ocr_line' id='line_1_16' title="bbox 338 1941 2626 2037; baseline 0.003 -34"><span class='ocrx_word' id='word_1_123' title='bbox 338 1963 371 2003; x_wconf 90' lang='lat'>«</span> <span class='ocrx_word' id='word_1_124' title='bbox 400 1941 840 2012; x_wconf 84' lang='lat' dir='ltr'><strong>conformatus</strong></span> <span class='ocrx_word' id='word_1_125' title='bbox 862 1944 1075 2013; x_wconf 90' lang='lat' dir='ltr'><strong>clerus</strong></span> <span class='ocrx_word' id='word_1_126' title='bbox 1098 1945 1283 2014; x_wconf 85' lang='lat' dir='ltr'><strong>istius</strong></span> <span class='ocrx_word' id='word_1_127' title='bbox 1300 1953 1373 2013; x_wconf 87' lang='lat' dir='ltr'><strong>ut</strong></span> <span class='ocrx_word' id='word_1_128' title='bbox 1394 1945 1749 2033; x_wconf 83' lang='lat' dir='ltr'><strong>collegium</strong></span> <span class='ocrx_word' id='word_1_129' title='bbox 1773 1944 2213 2037; x_wconf 83' lang='lat' dir='ltr'><strong>constitueret,</strong></span> <span class='ocrx_word' id='word_1_130' title='bbox 2237 1941 2320 2009; x_wconf 70' lang='lat' dir='ltr'><strong>⁴ac</strong></span> <span class='ocrx_word' id='word_1_131' title='bbox 2345 1942 2626 2009; x_wconf 84' lang='lat' dir='ltr'><strong>formam</strong></span> 
     </span>
     <span class='ocr_line' id='line_1_17' title="bbox 339 2047 2629 2141; baseline 0.002 -32"><span class='ocrx_word' id='word_1_132' title='bbox 339 2071 373 2108; x_wconf 94' lang='lat'>«</span> <span class='ocrx_word' id='word_1_133' title='bbox 400 2050 754 2135; x_wconf 89' lang='lat' dir='ltr'><strong>quamdam</strong></span> <span class='ocrx_word' id='word_1_134' title='bbox 784 2056 1059 2134; x_wconf 89' lang='lat' dir='ltr'><strong>senatus,</strong></span> <span class='ocrx_word' id='word_1_135' title='bbox 1102 2053 1295 2141; x_wconf 85' lang='lat' dir='ltr'><strong>cujus</strong></span> <span class='ocrx_word' id='word_1_136' title='bbox 1331 2057 1525 2141; x_wconf 86' lang='lat' dir='ltr'><strong>caput</strong></span> <span class='ocrx_word' id='word_1_137' title='bbox 1548 2049 1907 2141; x_wconf 89' lang='lat' dir='ltr'><strong>Episcopus</strong></span> <span class='ocrx_word' id='word_1_138' title='bbox 1936 2050 2082 2117; x_wconf 86' lang='lat' dir='ltr'><strong>fuit.</strong></span> <span class='ocrx_word' id='word_1_139' title='bbox 2122 2047 2483 2116; x_wconf 85' lang='lat' dir='ltr'><strong>Adstabant</strong></span> <span class='ocrx_word' id='word_1_140' title='bbox 2510 2070 2629 2114; x_wconf 82' lang='lat' dir='ltr'><strong>au-</strong></span> 
     </span>
     <span class='ocr_line' id='line_1_18' title="bbox 344 2153 2628 2246; baseline 0.001 -30"><span class='ocrx_word' id='word_1_141' title='bbox 344 2177 376 2217; x_wconf 89' lang='lat'>«</span> <span class='ocrx_word' id='word_1_142' title='bbox 406 2160 537 2221; x_wconf 88' lang='lat' dir='ltr'><strong>tem</strong></span> <span class='ocrx_word' id='word_1_143' title='bbox 580 2156 892 2246; x_wconf 85' lang='lat' dir='ltr'><strong>praecipui</strong></span> <span class='ocrx_word' id='word_1_144' title='bbox 936 2157 1294 2226; x_wconf 87' lang='lat' dir='ltr'><strong>sacerdotes</strong></span> <span class='ocrx_word' id='word_1_145' title='bbox 1340 2162 1402 2225; x_wconf 89' lang='lat' dir='ltr'><strong>et</strong></span> <span class='ocrx_word' id='word_1_146' title='bbox 1429 2157 1683 2224; x_wconf 91' lang='lat' dir='ltr'><strong>diaconi</strong></span> <span class='ocrx_word' id='word_1_147' title='bbox 1722 2155 2040 2246; x_wconf 88' lang='lat' dir='ltr'><strong>Episcopo</strong></span> <span class='ocrx_word' id='word_1_148' title='bbox 2077 2153 2159 2222; x_wconf 90' lang='lat' dir='ltr'><strong>ad</strong></span> <span class='ocrx_word' id='word_1_149' title='bbox 2186 2175 2365 2221; x_wconf 89' lang='lat' dir='ltr'><strong>sacra</strong></span> <span class='ocrx_word' id='word_1_150' title='bbox 2392 2153 2628 2220; x_wconf 90' lang='lat' dir='ltr'><strong>minis·</strong></span> 
     </span>
     <span class='ocr_line' id='line_1_19' title="bbox 343 2257 2619 2350; baseline 0.001 -29"><span class='ocrx_word' id='word_1_151' title='bbox 343 2282 376 2321; x_wconf 94' lang='lat'>«</span> <span class='ocrx_word' id='word_1_152' title='bbox 410 2262 637 2329; x_wconf 88' lang='lat' dir='ltr'><strong>tranda</strong></span> <span class='ocrx_word' id='word_1_153' title='bbox 685 2267 748 2329; x_wconf 87' lang='lat' dir='ltr'><strong>et</strong></span> <span class='ocrx_word' id='word_1_154' title='bbox 789 2262 867 2329; x_wconf 89' lang='lat' dir='ltr'><strong>ad</strong></span> <span class='ocrx_word' id='word_1_155' title='bbox 934 2264 1143 2331; x_wconf 81' lang='lat' dir='ltr'><strong>varias</strong></span> <span class='ocrx_word' id='word_1_156' title='bbox 1199 2263 1612 2331; x_wconf 89' lang='lat' dir='ltr'><strong>ecclesiastici</strong></span> <span class='ocrx_word' id='word_1_157' title='bbox 1668 2261 2017 2350; x_wconf 89' lang='lat' dir='ltr'><strong>regiminis</strong></span> <span class='ocrx_word' id='word_1_158' title='bbox 2086 2257 2619 2349; x_wconf 62' lang='lat' dir='ltr'><strong>opportunitates</strong></span> 
     </span>
     <span class='ocr_line' id='line_1_20' title="bbox 341 2363 2626 2457; baseline -0 -29"><span class='ocrx_word' id='word_1_159' title='bbox 341 2388 376 2428; x_wconf 95' lang='lat'>«</span> <span class='ocrx_word' id='word_1_160' title='bbox 406 2363 689 2432; x_wconf 83' lang='lat' dir='ltr'><strong>Aderant</strong></span> <span class='ocrx_word' id='word_1_161' title='bbox 711 2372 773 2433; x_wconf 88' lang='lat' dir='ltr'><strong>et</strong></span> <span class='ocrx_word' id='word_1_162' title='bbox 798 2368 1269 2457; x_wconf 88' lang='lat' dir='ltr'><strong>episcopalibus</strong></span> <span class='ocrx_word' id='word_1_163' title='bbox 1290 2367 1583 2435; x_wconf 90' lang='lat' dir='ltr'><strong>conciliis</strong></span> <span class='ocrx_word' id='word_1_164' title='bbox 1608 2394 1625 2450; x_wconf 83' lang='lat'>3</span> <span class='ocrx_word' id='word_1_165' title='bbox 1657 2368 2052 2454; x_wconf 89' lang='lat' dir='ltr'><strong>maj0risque</strong></span> <span class='ocrx_word' id='word_1_166' title='bbox 2082 2363 2397 2431; x_wconf 87' lang='lat' dir='ltr'><strong>momenti</strong></span> <span class='ocrx_word' id='word_1_167' title='bbox 2425 2382 2626 2448; x_wconf 87' lang='lat' dir='ltr'><strong>nego-</strong></span> 
     </span>
     <span class='ocr_line' id='line_1_21' title="bbox 344 2468 2626 2561; baseline 0 -28"><span class='ocrx_word' id='word_1_168' title='bbox 344 2494 377 2534; x_wconf 95' lang='lat'>«</span> <span class='ocrx_word' id='word_1_169' title='bbox 406 2469 493 2536; x_wconf 89' lang='lat' dir='ltr'><strong>tia</strong></span> <span class='ocrx_word' id='word_1_170' title='bbox 522 2490 653 2537; x_wconf 92' lang='lat' dir='ltr'><strong>non</strong></span> <span class='ocrx_word' id='word_1_171' title='bbox 682 2471 818 2539; x_wconf 89' lang='lat' dir='ltr'><strong>sine</strong></span> <span class='ocrx_word' id='word_1_172' title='bbox 845 2471 1109 2539; x_wconf 90' lang='lat' dir='ltr'><strong>illorum</strong></span> <span class='ocrx_word' id='word_1_173' title='bbox 1131 2472 1401 2539; x_wconf 91' lang='lat' dir='ltr'><strong>consilio</strong></span> <span class='ocrx_word' id='word_1_174' title='bbox 1424 2471 1948 2561; x_wconf 87' lang='lat' dir='ltr'><strong>expediebantur.</strong></span> <span class='ocrx_word' id='word_1_175' title='bbox 1980 2491 2014 2533; x_wconf 89' lang='lat'><strong>&gt;›</strong></span> <span class='ocrx_word' id='word_1_176' title='bbox 2047 2468 2171 2535; x_wconf 89' lang='lat' dir='ltr'><strong>Ast</strong></span> <span class='ocrx_word' id='word_1_177' title='bbox 2199 2487 2330 2534; x_wconf 92' lang='lat' dir='ltr'><strong>non</strong></span> <span class='ocrx_word' id='word_1_178' title='bbox 2354 2468 2626 2533; x_wconf 91' lang='lat' dir='ltr'><strong>omnino</strong></span> 
     </span>
     <span class='ocr_line' id='line_1_22' title="bbox 340 2570 2628 2645; baseline -0.001 -3"><span class='ocrx_word' id='word_1_179' title='bbox 340 2577 686 2644; x_wconf 88' lang='lat' dir='ltr'><strong>concordat</strong></span> <span class='ocrx_word' id='word_1_180' title='bbox 726 2599 879 2645; x_wconf 91' lang='lat' dir='ltr'><strong>cum</strong></span> <span class='ocrx_word' id='word_1_181' title='bbox 919 2576 1348 2645; x_wconf 89' lang='lat' dir='ltr'><strong>Thomassino</strong></span> <span class='ocrx_word' id='word_1_182' title='bbox 1386 2585 1454 2645; x_wconf 83' lang='lat' dir='ltr'><strong>et.</strong></span> <span class='ocrx_word' id='word_1_183' title='bbox 1487 2576 1686 2645; x_wconf 88' lang='lat' dir='ltr'><strong>Nardi</strong></span> <span class='ocrx_word' id='word_1_184' title='bbox 1744 2577 1816 2643; x_wconf 90' lang='lat' dir='ltr'><strong>in</strong></span> <span class='ocrx_word' id='word_1_185' title='bbox 1871 2573 2257 2643; x_wconf 82' lang='lat' dir='ltr'><strong>affirmanda</strong></span> <span class='ocrx_word' id='word_1_186' title='bbox 2299 2570 2628 2639; x_wconf 84' lang='lat' dir='ltr'><strong>identitate</strong></span> 
     </span>
     <span class='ocr_line' id='line_1_23' title="bbox 340 2675 2624 2771; baseline -0 -26"><span class='ocrx_word' id='word_1_187' title='bbox 340 2679 539 2769; x_wconf 90' lang='lat' dir='ltr'><strong>hujus</strong></span> <span class='ocrx_word' id='word_1_188' title='bbox 556 2682 809 2771; x_wconf 88' lang='lat' dir='ltr'><strong>antiqui</strong></span> <span class='ocrx_word' id='word_1_189' title='bbox 834 2682 1212 2749; x_wconf 88' lang='lat' dir='ltr'><strong>cathedralis</strong></span> <span class='ocrx_word' id='word_1_190' title='bbox 1239 2681 1497 2770; x_wconf 88' lang='lat' dir='ltr'><strong>collegii</strong></span> <span class='ocrx_word' id='word_1_191' title='bbox 1535 2699 1691 2749; x_wconf 88' lang='lat' dir='ltr'><strong>cum</strong></span> <span class='ocrx_word' id='word_1_192' title='bbox 1715 2677 2117 2750; x_wconf 88' lang='lat' dir='ltr'><strong>institutione</strong></span> <span class='ocrx_word' id='word_1_193' title='bbox 2143 2675 2624 2745; x_wconf 87' lang='lat' dir='ltr'><strong>Canonicorum</strong></span> 
     </span>
     <span class='ocr_line' id='line_1_24' title="bbox 338 2781 2628 2876; baseline -0.002 -24"><span class='ocrx_word' id='word_1_194' title='bbox 338 2787 598 2875; x_wconf 88' lang='lat' dir='ltr'><strong>proprie</strong></span> <span class='ocrx_word' id='word_1_195' title='bbox 621 2787 791 2855; x_wconf 89' lang='lat' dir='ltr'><strong>dicta</strong></span> <span class='ocrx_word' id='word_1_196' title='bbox 822 2787 955 2856; x_wconf 90' lang='lat' dir='ltr'><strong>:sic</strong></span> <span class='ocrx_word' id='word_1_197' title='bbox 979 2787 1157 2855; x_wconf 88' lang='lat' dir='ltr'><strong>enim</strong></span> <span class='ocrx_word' id='word_1_198' title='bbox 1183 2786 1572 2876; x_wconf 74' lang='lat' dir='ltr'><strong>subjungit:</strong></span> <span class='ocrx_word' id='word_1_199' title='bbox 1617 2812 1653 2852; x_wconf 71' lang='grc' dir='ltr'><strong>ε(</strong></span> <span class='ocrx_word' id='word_1_200' title='bbox 1679 2785 1983 2856; x_wconf 83' lang='lat' dir='ltr'><strong>Attamen</strong></span> <span class='ocrx_word' id='word_1_201' title='bbox 2009 2784 2079 2850; x_wconf 93' lang='lat' dir='ltr'><strong>in</strong></span> <span class='ocrx_word' id='word_1_202' title='bbox 2100 2804 2278 2851; x_wconf 88' lang='lat' dir='ltr'><strong>sacra</strong></span> <span class='ocrx_word' id='word_1_203' title='bbox 2306 2781 2628 2871; x_wconf 87' lang='lat' dir='ltr'><strong>ejusmodi</strong></span> 
     </span>
     <span class='ocr_line' id='line_1_25' title="bbox 349 2889 2627 2983; baseline 0.001 -31"><span class='ocrx_word' id='word_1_204' title='bbox 349 2914 384 2952; x_wconf 93' lang='lat'>«</span> <span class='ocrx_word' id='word_1_205' title='bbox 410 2892 747 2981; x_wconf 89' lang='lat' dir='ltr'><strong>republica</strong></span> <span class='ocrx_word' id='word_1_206' title='bbox 771 2894 1066 2961; x_wconf 90' lang='lat' dir='ltr'><strong>nondum</strong></span> <span class='ocrx_word' id='word_1_207' title='bbox 1090 2893 1355 2982; x_wconf 91' lang='lat' dir='ltr'><strong>quidem</strong></span> <span class='ocrx_word' id='word_1_208' title='bbox 1387 2892 1697 2983; x_wconf 88' lang='lat' dir='ltr'><strong>perspicis</strong></span> <span class='ocrx_word' id='word_1_209' title='bbox 1721 2891 1850 2960; x_wconf 91' lang='lat' dir='ltr'><strong>nisi</strong></span> <span class='ocrx_word' id='word_1_210' title='bbox 1875 2890 2046 2956; x_wconf 88' lang='lat' dir='ltr'><strong>levia</strong></span> <span class='ocrx_word' id='word_1_211' title='bbox 2069 2889 2465 2964; x_wconf 88' lang='lat' dir='ltr'><strong>lineamenta</strong></span> <span class='ocrx_word' id='word_1_212' title='bbox 2498 2889 2627 2955; x_wconf 83' lang='lat' dir='ltr'><strong>Ca-</strong></span> 
     </span>
     <span class='ocr_line' id='line_1_26' title="bbox 346 2995 2622 3090; baseline -0.001 -29"><span class='ocrx_word' id='word_1_213' title='bbox 346 3021 383 3061; x_wconf 94' lang='lat'>«</span> <span class='ocrx_word' id='word_1_214' title='bbox 412 3000 828 3084; x_wconf 80' lang='lat' dir='ltr'><strong>nonicorum,</strong></span> <span class='ocrx_word' id='word_1_215' title='bbox 862 3001 942 3069; x_wconf 92' lang='lat' dir='ltr'><strong>de</strong></span> <span class='ocrx_word' id='word_1_216' title='bbox 974 3002 1218 3090; x_wconf 88' lang='lat' dir='ltr'><strong>quibus</strong></span> <span class='ocrx_word' id='word_1_217' title='bbox 1243 3022 1427 3069; x_wconf 89' lang='lat' dir='ltr'><strong>nunc</strong></span> <span class='ocrx_word' id='word_1_218' title='bbox 1464 3000 1631 3072; x_wconf 90' lang='lat' dir='ltr'><strong>mihi</strong></span> <span class='ocrx_word' id='word_1_219' title='bbox 1669 2998 1927 3067; x_wconf 81' lang='lat' dir='ltr'><strong>futurus</strong></span> <span class='ocrx_word' id='word_1_220' title='bbox 1964 3003 2059 3065; x_wconf 89' lang='lat' dir='ltr'><strong>est</strong></span> <span class='ocrx_word' id='word_1_221' title='bbox 2098 3018 2331 3065; x_wconf 88' lang='lat' dir='ltr'><strong>sermo.</strong></span> <span class='ocrx_word' id='word_1_222' title='bbox 2376 2995 2622 3060; x_wconf 85' lang='lat' dir='ltr'><strong>Eorum</strong></span> 
     </span>
     <span class='ocr_line' id='line_1_27' title="bbox 349 3097 2621 3195; baseline -0 -30"><span class='ocrx_word' id='word_1_223' title='bbox 349 3126 383 3165; x_wconf 90' lang='lat'>«</span> <span class='ocrx_word' id='word_1_224' title='bbox 410 3103 733 3193; x_wconf 85' lang='lat' dir='ltr'><strong>originem</strong></span> <span class='ocrx_word' id='word_1_225' title='bbox 781 3106 1076 3195; x_wconf 91' lang='lat' dir='ltr'><strong>plerique</strong></span> <span class='ocrx_word' id='word_1_226' title='bbox 1117 3111 1406 3173; x_wconf 85' lang='lat' dir='ltr'><strong>statuunt</strong></span> <span class='ocrx_word' id='word_1_227' title='bbox 1428 3110 1569 3195; x_wconf 89' lang='lat' dir='ltr'><strong>post</strong></span> <span class='ocrx_word' id='word_1_228' title='bbox 1595 3125 1849 3174; x_wconf 87' lang='lat' dir='ltr'><strong>annum</strong></span> <span class='ocrx_word' id='word_1_229' title='bbox 1877 3124 1915 3170; x_wconf 91' lang='lat' dir='ltr'><strong>a</strong></span> <span class='ocrx_word' id='word_1_230' title='bbox 1937 3101 2191 3171; x_wconf 88' lang='lat' dir='ltr'><strong>Christo</strong></span> <span class='ocrx_word' id='word_1_231' title='bbox 2214 3106 2365 3166; x_wconf 88' lang='lat' dir='ltr'><strong>nato</strong></span> <span class='ocrx_word' id='word_1_232' title='bbox 2406 3097 2621 3165; x_wconf 86' lang='lat'><strong>700...</strong></span> 
     </span>
    </p>
   </div>
   <div class='ocr_carea' id='block_1_3' title="bbox 348 3203 2730 3299">
    <p class='ocr_par' dir='ltr' id='par_1_4' title="bbox 348 3203 2730 3299">
     <span class='ocr_line' id='line_1_28' title="bbox 348 3203 2730 3299; baseline -0 -28"><span class='ocrx_word' id='word_1_233' title='bbox 348 3233 382 3271; x_wconf 93' lang='lat'>«</span> <span class='ocrx_word' id='word_1_234' title='bbox 407 3208 569 3277; x_wconf 91' lang='lat' dir='ltr'><strong>Mihi</strong></span> <span class='ocrx_word' id='word_1_235' title='bbox 594 3215 810 3275; x_wconf 91' lang='lat' dir='ltr'><strong>tamen</strong></span> <span class='ocrx_word' id='word_1_236' title='bbox 836 3209 1092 3277; x_wconf 83' lang='lat' dir='ltr'><strong>videtur</strong></span> <span class='ocrx_word' id='word_1_237' title='bbox 1116 3210 1307 3276; x_wconf 90' lang='lat' dir='ltr'><strong>altius</strong></span> <span class='ocrx_word' id='word_1_238' title='bbox 1331 3208 1675 3299; x_wconf 89' lang='lat' dir='ltr'><strong>repetenda</strong></span> <span class='ocrx_word' id='word_1_239' title='bbox 1699 3209 1968 3275; x_wconf 88' lang='lat' dir='ltr'><strong>illorum</strong></span> <span class='ocrx_word' id='word_1_240' title='bbox 1989 3206 2171 3294; x_wconf 90' lang='lat' dir='ltr'><strong>origo</strong></span> <span class='ocrx_word' id='word_1_241' title='bbox 2192 3227 2208 3287; x_wconf 91' lang='lat'>;</span> <span class='ocrx_word' id='word_1_242' title='bbox 2244 3203 2489 3271; x_wconf 90' lang='lat' dir='ltr'><strong>scilicet</strong></span> <span class='ocrx_word' id='word_1_243' title='bbox 2513 3225 2626 3271; x_wconf 76' lang='lat' dir='ltr'><strong>sae-</strong></span> <span class='ocrx_word' id='word_1_244' title='bbox 2723 3289 2730 3294; x_wconf 14' lang='grc' dir='ltr'><strong><em>ἢ</em></strong></span> 
     </span>
    </p>
   </div>
   <div class='ocr_carea' id='block_1_4' title="bbox 327 3307 2627 4355">
    <p class='ocr_par' dir='ltr' id='par_1_5' title="bbox 327 3307 2627 4355">
     <span class='ocr_line' id='line_1_29' title="bbox 345 3307 2620 3405; baseline -0 -30"><span class='ocrx_word' id='word_1_245' title='bbox 345 3338 378 3375; x_wconf 92' lang='lat'>«</span> <span class='ocrx_word' id='word_1_246' title='bbox 412 3314 563 3381; x_wconf 91' lang='lat' dir='ltr'><strong>culo</strong></span> <span class='ocrx_word' id='word_1_247' title='bbox 592 3313 833 3381; x_wconf 87' lang='lat' dir='ltr'><strong>Christi</strong></span> <span class='ocrx_word' id='word_1_248' title='bbox 866 3337 934 3382; x_wconf 89' lang='lat' dir='ltr'><strong>1v</strong></span> <span class='ocrx_word' id='word_1_249' title='bbox 960 3315 1127 3382; x_wconf 89' lang='lat' dir='ltr'><strong>mihi</strong></span> <span class='ocrx_word' id='word_1_250' title='bbox 1159 3337 1341 3405; x_wconf 88' lang='lat' dir='ltr'><strong>paene</strong></span> <span class='ocrx_word' id='word_1_251' title='bbox 1364 3321 1617 3382; x_wconf 85' lang='lat' dir='ltr'><strong>certum</strong></span> <span class='ocrx_word' id='word_1_252' title='bbox 1647 3320 1742 3381; x_wconf 89' lang='lat' dir='ltr'><strong>est</strong></span> <span class='ocrx_word' id='word_1_253' title='bbox 1759 3311 2113 3379; x_wconf 89' lang='lat' dir='ltr'><strong>Eusebium</strong></span> <span class='ocrx_word' id='word_1_254' title='bbox 2142 3307 2620 3377; x_wconf 82' lang='lat' dir='ltr'><strong>Vercellenscm</strong></span> 
     </span>
     <span class='ocr_line' id='line_1_30' title="bbox 345 3412 2627 3511; baseline -0.002 -27"><span class='ocrx_word' id='word_1_255' title='bbox 345 3444 378 3484; x_wconf 93' lang='lat'>«</span> <span class='ocrx_word' id='word_1_256' title='bbox 406 3418 885 3511; x_wconf 88' lang='lat' dir='ltr'><strong>Episcopum...</strong></span> <span class='ocrx_word' id='word_1_257' title='bbox 921 3422 1087 3489; x_wconf 88' lang='lat' dir='ltr'><strong>sacri</strong></span> <span class='ocrx_word' id='word_1_258' title='bbox 1115 3421 1312 3510; x_wconf 85' lang='lat' dir='ltr'><strong>hujus</strong></span> <span class='ocrx_word' id='word_1_259' title='bbox 1337 3421 1614 3488; x_wconf 86' lang='lat' dir='ltr'><strong>instituti</strong></span> <span class='ocrx_word' id='word_1_260' title='bbox 1643 3420 2066 3487; x_wconf 82' lang='lat' dir='ltr'><strong>fundamenta</strong></span> <span class='ocrx_word' id='word_1_261' title='bbox 2086 3415 2336 3506; x_wconf 77' lang='lat' dir='ltr'><strong>Jecisse.</strong></span> <span class='ocrx_word' id='word_1_262' title='bbox 2367 3438 2401 3478; x_wconf 72' lang='lat'><strong>&gt;³</strong></span> <span class='ocrx_word' id='word_1_263' title='bbox 2428 3412 2627 3481; x_wconf 69' lang='lat' dir='ltr'><strong>Caete-</strong></span> 
     </span>
     <span class='ocr_line' id='line_1_31' title="bbox 338 3517 2627 3616; baseline -0.002 -24"><span class='ocrx_word' id='word_1_264' title='bbox 338 3528 573 3616; x_wconf 90' lang='lat' dir='ltr'><strong>roquin</strong></span> <span class='ocrx_word' id='word_1_265' title='bbox 639 3530 908 3596; x_wconf 88' lang='lat' dir='ltr'><strong>sustinet</strong></span> <span class='ocrx_word' id='word_1_266' title='bbox 953 3529 1126 3596; x_wconf 89' lang='lat' dir='ltr'><strong>idem</strong></span> <span class='ocrx_word' id='word_1_267' title='bbox 1174 3527 1487 3597; x_wconf 88' lang='lat' dir='ltr'><strong>Muratori</strong></span> <span class='ocrx_word' id='word_1_268' title='bbox 1530 3527 1797 3594; x_wconf 89' lang='lat' dir='ltr'><strong>clericos</strong></span> <span class='ocrx_word' id='word_1_269' title='bbox 1844 3524 1967 3592; x_wconf 91' lang='lat' dir='ltr'><strong>sub</strong></span> <span class='ocrx_word' id='word_1_270' title='bbox 2022 3524 2233 3591; x_wconf 85' lang='lat' dir='ltr'><strong>forma</strong></span> <span class='ocrx_word' id='word_1_271' title='bbox 2282 3527 2345 3589; x_wconf 92' lang='lat' dir='ltr'><strong>et</strong></span> <span class='ocrx_word' id='word_1_272' title='bbox 2399 3517 2627 3609; x_wconf 84' lang='lat' dir='ltr'><strong>regula</strong></span> 
     </span>
     <span class='ocr_line' id='line_1_32' title="bbox 335 3627 2625 3722; baseline -0.005 -22"><span class='ocrx_word' id='word_1_273' title='bbox 335 3633 541 3702; x_wconf 91' lang='lat' dir='ltr'><strong>sancti</strong></span> <span class='ocrx_word' id='word_1_274' title='bbox 571 3632 833 3702; x_wconf 89' lang='lat' dir='ltr'><strong>Eusebii</strong></span> <span class='ocrx_word' id='word_1_275' title='bbox 867 3630 1297 3701; x_wconf 87' lang='lat' dir='ltr'><strong>Vercellensis</strong></span> <span class='ocrx_word' id='word_1_276' title='bbox 1329 3630 1634 3722; x_wconf 88' lang='lat' dir='ltr'><strong>Episcopi</strong></span> <span class='ocrx_word' id='word_1_277' title='bbox 1658 3632 1970 3709; x_wconf 82' lang='lat' dir='ltr'><strong>viventes,</strong></span> <span class='ocrx_word' id='word_1_278' title='bbox 2011 3627 2377 3695; x_wconf 90' lang='lat' dir='ltr'><strong>nullatenus</strong></span> <span class='ocrx_word' id='word_1_279' title='bbox 2405 3647 2625 3691; x_wconf 85' lang='lat' dir='ltr'><strong>mona-</strong></span> 
     </span>
     <span class='ocr_line' id='line_1_33' title="bbox 332 3730 2624 3833; baseline -0.005 -28"><span class='ocrx_word' id='word_1_280' title='bbox 332 3737 489 3806; x_wconf 90' lang='lat' dir='ltr'><strong>chos</strong></span> <span class='ocrx_word' id='word_1_281' title='bbox 518 3742 778 3830; x_wconf 84' lang='lat' dir='ltr'><strong>proprie</strong></span> <span class='ocrx_word' id='word_1_282' title='bbox 805 3739 1002 3808; x_wconf 87' lang='lat' dir='ltr'><strong>dictos</strong></span> <span class='ocrx_word' id='word_1_283' title='bbox 1031 3739 1253 3823; x_wconf 86' lang='lat' dir='ltr'><strong>fuisse,</strong></span> <span class='ocrx_word' id='word_1_284' title='bbox 1287 3739 1358 3805; x_wconf 92' lang='lat' dir='ltr'><strong>in</strong></span> <span class='ocrx_word' id='word_1_285' title='bbox 1378 3760 1508 3827; x_wconf 92' lang='lat' dir='ltr'><strong>quo</strong></span> <span class='ocrx_word' id='word_1_286' title='bbox 1527 3735 2037 3833; x_wconf 88' lang='lat' dir='ltr'><strong>Thomassinum</strong></span> <span class='ocrx_word' id='word_1_287' title='bbox 2068 3732 2299 3799; x_wconf 88' lang='lat' dir='ltr'><strong>deserit</strong></span> <span class='ocrx_word' id='word_1_288' title='bbox 2321 3752 2338 3810; x_wconf 92' lang='lat'><strong>;</strong></span> <span class='ocrx_word' id='word_1_289' title='bbox 2363 3733 2425 3795; x_wconf 89' lang='lat' dir='ltr'><strong>et</strong></span> <span class='ocrx_word' id='word_1_290' title='bbox 2447 3730 2624 3795; x_wconf 86' lang='lat' dir='ltr'><strong>idem</strong></span> 
     </span>
     <span class='ocr_line' id='line_1_34' title="bbox 331 3834 2624 3933; baseline -0.004 -23"><span class='ocrx_word' id='word_1_291' title='bbox 331 3848 514 3933; x_wconf 88' lang='lat' dir='ltr'><strong>putat</strong></span> <span class='ocrx_word' id='word_1_292' title='bbox 550 3844 901 3912; x_wconf 91' lang='lat' dir='ltr'><strong>dicendum</strong></span> <span class='ocrx_word' id='word_1_293' title='bbox 932 3845 1012 3912; x_wconf 89' lang='lat' dir='ltr'><strong>de</strong></span> <span class='ocrx_word' id='word_1_294' title='bbox 1048 3843 1250 3912; x_wconf 91' lang='lat' dir='ltr'><strong>simili</strong></span> <span class='ocrx_word' id='word_1_295' title='bbox 1298 3844 1504 3912; x_wconf 87' lang='lat' dir='ltr'><strong>sancti</strong></span> <span class='ocrx_word' id='word_1_296' title='bbox 1548 3841 1906 3930; x_wconf 89' lang='lat' dir='ltr'><strong>Augustini</strong></span> <span class='ocrx_word' id='word_1_297' title='bbox 1959 3834 2385 3914; x_wconf 86' lang='lat' dir='ltr'><strong>institutione,</strong></span> <span class='ocrx_word' id='word_1_298' title='bbox 2442 3841 2504 3901; x_wconf 88' lang='lat' dir='ltr'><strong>et</strong></span> <span class='ocrx_word' id='word_1_299' title='bbox 2544 3836 2624 3901; x_wconf 92' lang='lat' dir='ltr'><strong>de</strong></span> 
     </span>
     <span class='ocr_line' id='line_1_35' title="bbox 333 3940 2624 4037; baseline -0.005 -20"><span class='ocrx_word' id='word_1_300' title='bbox 333 3949 672 4017; x_wconf 85' lang='lat' dir='ltr'><strong>subsecuta</strong></span> <span class='ocrx_word' id='word_1_301' title='bbox 700 3949 935 4018; x_wconf 84' lang='lat' dir='ltr'><strong>saeculo</strong></span> <span class='ocrx_word' id='word_1_302' title='bbox 953 3970 1068 4017; x_wconf 85' lang='lat' dir='ltr'><strong>vm</strong></span> <span class='ocrx_word' id='word_1_303' title='bbox 1092 3971 1130 4017; x_wconf 91' lang='lat' dir='ltr'><strong>a</strong></span> <span class='ocrx_word' id='word_1_304' title='bbox 1152 3947 1619 4037; x_wconf 90' lang='lat' dir='ltr'><strong>Chrodogando</strong></span> <span class='ocrx_word' id='word_1_305' title='bbox 1641 3945 1910 4015; x_wconf 87' lang='lat' dir='ltr'><strong>Metensi</strong></span> <span class='ocrx_word' id='word_1_306' title='bbox 1932 3943 2253 4034; x_wconf 90' lang='lat' dir='ltr'><strong>Episcopo</strong></span> <span class='ocrx_word' id='word_1_307' title='bbox 2286 3942 2431 4008; x_wconf 88' lang='lat' dir='ltr'><strong>data</strong></span> <span class='ocrx_word' id='word_1_308' title='bbox 2454 3940 2624 4007; x_wconf 90' lang='lat' dir='ltr'><strong>clero</strong></span> 
     </span>
     <span class='ocr_line' id='line_1_36' title="bbox 331 4048 2621 4144; baseline -0.004 -24"><span class='ocrx_word' id='word_1_309' title='bbox 331 4054 575 4144; x_wconf 90' lang='lat' dir='ltr'><strong>regula.</strong></span> <span class='ocrx_word' id='word_1_310' title='bbox 616 4079 652 4120; x_wconf 90' lang='lat'>«</span> <span class='ocrx_word' id='word_1_311' title='bbox 674 4052 1026 4123; x_wconf 86' lang='lat' dir='ltr'><strong>Saeculares</strong></span> <span class='ocrx_word' id='word_1_312' title='bbox 1048 4054 1288 4140; x_wconf 91' lang='lat' dir='ltr'><strong>adhuc,</strong></span> <span class='ocrx_word' id='word_1_313' title='bbox 1330 4074 1463 4121; x_wconf 92' lang='lat' dir='ltr'><strong>non</strong></span> <span class='ocrx_word' id='word_1_314' title='bbox 1491 4052 1803 4121; x_wconf 89' lang='lat' dir='ltr'><strong>monachi</strong></span> <span class='ocrx_word' id='word_1_315' title='bbox 1837 4075 1854 4118; x_wconf 73' lang='grc' dir='ltr'>ε</span> <span class='ocrx_word' id='word_1_316' title='bbox 1890 4048 2369 4118; x_wconf 89' lang='lat' dir='ltr'><strong>monachorum</strong></span> <span class='ocrx_word' id='word_1_317' title='bbox 2403 4052 2621 4112; x_wconf 90' lang='lat' dir='ltr'><strong>tamen</strong></span> 
     </span>
     <span class='ocr_line' id='line_1_37' title="bbox 335 4151 2625 4251; baseline -0.003 -27"><span class='ocrx_word' id='word_1_318' title='bbox 335 4184 371 4225; x_wconf 92' lang='lat'>«</span> <span class='ocrx_word' id='word_1_319' title='bbox 399 4161 597 4229; x_wconf 87' lang='lat' dir='ltr'><strong>vitam</strong></span> <span class='ocrx_word' id='word_1_320' title='bbox 621 4182 695 4229; x_wconf 92' lang='lat' dir='ltr'><strong>ac</strong></span> <span class='ocrx_word' id='word_1_321' title='bbox 722 4161 1135 4251; x_wconf 89' lang='lat' dir='ltr'><strong>disciplinam</strong></span> <span class='ocrx_word' id='word_1_322' title='bbox 1158 4182 1289 4228; x_wconf 90' lang='lat' dir='ltr'><strong>non</strong></span> <span class='ocrx_word' id='word_1_323' title='bbox 1315 4159 1568 4229; x_wconf 90' lang='lat' dir='ltr'><strong>modica</strong></span> <span class='ocrx_word' id='word_1_324' title='bbox 1598 4181 1674 4242; x_wconf 81' lang='lat' dir='ltr'><strong>ex</strong></span> <span class='ocrx_word' id='word_1_325' title='bbox 1693 4164 1871 4249; x_wconf 89' lang='lat' dir='ltr'><strong>parte</strong></span> <span class='ocrx_word' id='word_1_326' title='bbox 1895 4155 2297 4225; x_wconf 74' lang='lat' dir='ltr'><strong>aemulantes.</strong></span> <span class='ocrx_word' id='word_1_327' title='bbox 2331 4177 2366 4218; x_wconf 88' lang='lat'><strong>&gt;›</strong></span> <span class='ocrx_word' id='word_1_328' title='bbox 2408 4151 2625 4242; x_wconf 86' lang='lat' dir='ltr'><strong>(Anti-</strong></span> 
     </span>
     <span class='ocr_line' id='line_1_38' title="bbox 327 4265 1647 4355; baseline 0 -22"><span class='ocrx_word' id='word_1_329' title='bbox 327 4265 601 4353; x_wconf 90' lang='lat' dir='ltr'><strong>quitates</strong></span> <span class='ocrx_word' id='word_1_330' title='bbox 624 4266 881 4353; x_wconf 70' lang='lat' dir='ltr'><strong>Italicae,</strong></span> <span class='ocrx_word' id='word_1_331' title='bbox 912 4274 1069 4333; x_wconf 89' lang='lat' dir='ltr'><strong>tom.</strong></span> <span class='ocrx_word' id='word_1_332' title='bbox 1103 4266 1191 4353; x_wconf 88' lang='lat' dir='ltr'><strong>V,</strong></span> <span class='ocrx_word' id='word_1_333' title='bbox 1219 4266 1467 4334; x_wconf 89' lang='lat' dir='ltr'><strong>dissert.</strong></span> <span class='ocrx_word' id='word_1_334' title='bbox 1504 4266 1647 4355; x_wconf 77' lang='lat'><strong>62.)</strong></span> 
     </span>
    </p>
   </div>
  </div>
 </body>
</html>
