2930 4982
1164 327 1243 373 DE
1288 320 1614 375 cnrrnus.
2411 322 2448 377 2
2459 324 2491 380 3
2504 324 2529 380 ¹

1201 566 1493 631 CAPUT
1547 568 1599 627 V

296 736 364 780 DE
399 734 667 780 PARocHo
708 734 817 780 SEU
843 734 1082 780 VIGARIO
1120 734 1423 781 PERPETUO
1465 734 1899 795 GATHEDRALIS,
1948 736 2031 781 AN
2077 736 2151 782 AB
2192 739 2486 799 EPISCOPQ

508 841 588 886 AN
625 840 777 886 VERO
812 840 851 885 A
896 840 1181 885 CAPITULO
1219 840 1548 886 ELIGENDUS
1589 842 1669 886 ΕΤ
1709 842 2102 889 DEPUTANDUS
2142 830 2271 889 SIT?

337 1027 567 1097 Gravis
605 1033 699 1094 est
743 1027 885 1094 baec
909 1026 1204 1115 .quaestio
1247 1026 1510 1093 relative
1553 1027 1634 1094 ad
1686 1033 2077 1117 praesentem
2128 1029 2543 1100 ecclesiarum

251 1134 469 1204 Galliae
494 1138 758 1200 statum.
793 1130 868 1199 ln
899 1133 1045 1200 aliis
1073 1153 1226 1199 vero
1252 1131 1630 1222 regionibus
1660 1133 2107 1203 difficultatem
2139 1157 2270 1204 non
2304 1142 2540 1206 movet.

251 1239 411 1308 Eam
459 1240 583 1307 hoc
628 1238 855 1306 ordine
896 1238 1373 1328 expendemus:
1433 1242 1497 1305 1⁰
1543 1238 2026 1309 Praemittentur
2071 1242 2371 1334 quaedam
2424 1265 2543 1313 no-

249 1346 454 1413 tiones
484 1343 563 1411 de
605 1343 865 1412 vicariis
904 1344 1034 1411 illis
1080 1345 1409 1435 perpetuis
1449 1366 1677 1413 curam
1722 1346 2097 1415 animarum
2142 1349 2536 1438 gerentibus,

249 1450 318 1517 2⁰
350 1449 745 1519 Probabitur
785 1449 1056 1519 illorum
1096 1448 1481 1516 electionem
1533 1471 1646 1518 seu
1696 1450 2216 1521 nominationem
2253 1454 2333 1522 ad
2376 1454 2546 1545 capi-

211 1557 461 1629 tulum
498 1557 845 1646 pertinere,
875 1555 1137 1679 quando
1182 1538 1470 1646 capitulo
1511 1577 1760 1624 annexa
1808 1561 1903 1625 est
1948 1559 2319 1628 animarum
2362 1581 2540 1647 cura.

248 1661 312 1730 3⁰
340 1662 749 1753 Expendetur
788 1662 943 1751 quid
986 1663 1156 1753 juris
1207 1662 1399 1729 hodie
1439 1662 1653 1752 quoad
1701 1660 2064 1731 Galliarum
2107 1664 2526 1732 cathedrales.

1332 1920 1438 1997 ξι

275 2085 709 2125 PRAEMITTUNTUR
733 2083 1001 2124 NOTIONES
1032 2084 1269 2129 QUAEDAM
1301 2083 1370 2121 DE
1399 2082 1631 2121 VICARIIS
1670 2083 1954 2124 PFRPETUIS
1985 2086 2044 2125 IN
2069 2085 2504 2126 CATBEDRALIBUS

335 2242 615 2321 Quando
653 2242 865 2328 agitur
904 2242 984 2308 de
1017 2241 1301 2330 parocho
1348 2243 1609 2329 proprie
1664 2240 1864 2324 dicto,
1922 2242 2158 2308 modus
2191 2262 2324 2329 quo
2356 2242 2544 2309 debet

234 2347 624 2438 promoveri
651 2345 728 2413 ad
763 2345 1140 2435 parochiam
1186 2350 1545 2429 vacantem,
1580 2368 1617 2413 a
1653 2367 1833 2414 sacro
1863 2346 2137 2415 concilio
2167 2345 2545 2415 Tridentino

232 2451 718 2522 determinatus
763 2450 909 2520 fuit.
947 2451 1242 2522 Vacante·
1274 2450 1517 2521 scilicet
1544 2452 1763 2543 aliqua
1811 2455 2116 2545 parochia
2152 2453 2341 2523 debet
2377 2452 2540 2546 Epi-

236 2579 479 2649 scopus
510 2574 901 2627 concursum
942 2558 1299 2646 instituere,
1338 2562 1401 2626 et
1429 2565 1691 2649 peracto
1732 2561 2052 2649 examine,
2087 2560 2255 2629 inter
2280 2583 2388 2630 eos
2420 2561 2537 2651 qui

238 2666 325 2735 ab
363 2665 908 2735 examinatoribus
938 2665 1358 2756 synodalibus
1405 2667 1641 2757 reperti
1687 2674 1839 2735 sunt
1876 2668 2119 2749 idonei,
2165 2670 2535 2757 dign-iorem

237 2772 481 2861 eligere
509 2778 572 2838 et
598 2773 657 2838 ei
684 2772 953 2839 titulum
982 2772 1422 2863 parochialem
1451 2773 1770 2840 conferre.

338 2878 428 2945 At
458 2878 788 2967 dispositio
812 2879 925 2945 illa
957 2900 1091 2945 non
1119 2878 1311 2946 habet
1346 2878 1572 2945 locum
1610 2878 1828 2965 quoad
1861 2876 2248 2967 capitulum,
2282 2875 2542 2963 quando

242 3002 482 3052 curam
513 2980 888 3049 animarum
917 2984 1082 3071 gerit
1109 2981 1205 3072 <in
1227 2981 1706 3048 cathedralibus
1735 2984 1950 3047 autem
1971 3001 2129 3048 cura
2156 2980 2540 3071 plerumque

242 3089 574 3181 reperitur
595 3090 690 3158 sic
721 3088 908 3156 unita
937 3085 1269 3177 capitulo).
1304 3084 1474 3153 Nam
1517 3085 1877 3175 capitulum
1904 3107 2036 3153 non
2083 3087 2380 3169 moritur,
2419 3108 2538 3157 nec

247 3195 523 3287 proinde
563 3201 746 3264 vacat
772 3193 1080 3286 parochia
1111 3193 1299 3282 cujus
1345 3197 1439 3260 est
1483 3192 1832 3282 parochuS,
1863 3215 1987 3262 nec
2034 3193 2306 3284 proinde
2349 3194 2539 3264 datur

250 3325 544 3393 unquam
562 3303 743 3372 locus
767 3301 1113 3371 concursui
1130 3322 1248 3391 pro
1274 3305 1536 3368 vacante
1557 3300 1669 3367 tali
1691 3300 2021 3390 parochia.
2368 3317 2371 3322 ·
2528 3333 2533 3340 ·

340 3409 511 3479 Olim
541 3410 822 3501 capitulo
855 3409 1140 3477 liberum
1167 3413 1301 3476 erat
1327 3429 1555 3477 curam
1587 3405 1957 3476 animarum
1990 3428 2283 3476 exercere
2305 3429 2380 3477 eo
2404 3428 2538 3498 quo

254 3516 504 3584 volebat
533 3518 725 3585 modo
755 3541 771 3585 z
823 3516 888 3583 id
918 3520 1035 3598 est,
1069 3514 1176 3581 vel
1199 3514 1569 3605 deputando
1600 3514 1678 3581 ad
1722 3515 1790 3582 id
1832 3515 2123 3604 aliquem
2159 3513 2263 3579 vel
2291 3513 2542 3599 aliquos

256 3621 708 3691 determinatos
717 3672 738 3709 ,
765 3621 870 3687 vel
894 3620 1326 3714 decernendo,
1354 3619 1729 3707 utquisque
1759 3617 2111 3684 canonicus
2129 3637 2246 3703 per
2267 3621 2543 3681 turnum

260 3747 480 3797 curam
505 3730 851 3796 exerceret.

341 3833 527 3902 Hanc
566 3832 935 3901 facultatem
978 3826 1283 3920 capitulis
1328 3824 1594 3894 abstulit
1640 3819 2022 3890 Tridentina
2063 3819 2349 3910 synodus
2382 3823 2540 3894 dum

267 3938 432 4026 (sess
478 3940 546 4020 7,
582 3960 640 4007 c.
690 3938 758 4029 7)
799 3938 1007 4005 voluit
1048 3941 1124 4003 ut
1162 3932 1467 4025 Episcopi
1510 3930 1790 4001 exerceri
1835 3928 2118 3999 facerent
2153 3949 2376 3998 curam
2410 3929 2548 4002 ani-

263 4064 516 4113 marum
535 4066 663 4135 per
675 4041 961 4137 ‚idoneos
1008 4041 1314 4122 vicar-ica,
1363 4040 1568 4107 eciam
1600 4048 1985 4129 perpetuos.
2026 4035 2165 4105 Hoc
2213 4036 2542 4106 decretum

266 4169 412 4222 cum
449 4150 679 4239 exequi
709 4155 1052 4230 teneantur
1086 4147 1416 4237 Episcopi,
1455 4144 1749 4233 sequitur
1785 4142 2025 4210 nullibi
2062 4163 2246 4232 posse
2272 4145 2414 4232 jam
2444 4160 2549 4209 ca-

266 4258 544 4344 pitulum
587 4279 702 4348 per
730 4258 1014 4347 seipsum
1040 4276 1272 4323 curam
1308 4273 1627 4331 exercere,
1665 4248 1772 4317 sed
1802 4254 2060 4317 tantum
2109 4268 2225 4336 per
2263 4248 2547 4331 aliquem

271 4364 584 4433 vicarium
613 4364 695 4433 ab
733 4362 1044 4454 Episcopo
1089 4359 1609 4452 approbandum.
1643 4355 1736 4424 lta
1772 4362 1847 4423 ut
1887 4352 2249 4443 capitulum
2288 4348 2367 4413 sit
2400 4337 2557 4425 qui-
