2930 4982
1133 342 1207 386 nn
1254 341 1584 389 CAPlTULtS.
2394 335 2518 391 453

243 491 276 530 «
305 465 603 532 simoniae
639 464 1076 554 suspicionem
1102 449 1325 549 habet,
1373 465 1481 532 sed
1515 464 1728 553 potius
1761 466 2089 535 laudabile
2136 475 2253 536 est.
2280 494 2313 532 »
2375 468 2524 556 (Hic

236 570 580 640 Monacelli
621 571 775 637 citat
829 571 1070 637 multos
1103 576 1395 636 auctores
1433 571 1516 636 ita
1544 569 1866 655 docentes,
1911 574 2080 642 inter
2104 598 2265 664 quos
2295 574 2533 644 Cardi-

228 678 447 745 nalem
473 677 553 745 de
580 676 779 754 Luca,
811 680 908 742 De
923 674 1294 759 εαηονιὶεἰε,
1322 675 1485 742 disc.
1528 674 1637 754 10,
1665 698 1733 744 n.
1772 676 1878 756 10,
1906 684 1966 744 et
1994 679 2152 747 disc.
2176 679 2289 766 29,
2320 702 2389 747 n.
2426 679 2523 772 7.)

241 810 274 849 «
299 784 379 851 Et
404 783 559 850 hinc
583 789 676 849 est
710 782 883 870 quod
922 779 1087 847 valet
1110 785 1421 848 statutum
1461 782 1597 848 sive
1626 783 1999 850 constitutio
2022 784 2185 852 facta
2206 808 2320 875 per
2339 784 2529 877 capi-

239 889 515 955 «tulum
565 889 941 954 auctoritate
988 885 1319 976 Episcopi,
1374 889 1547 975 quod
1604 889 1844 977 provisi
1892 888 1970 954 de
2008 892 2521 971 canonicatibus»,

237 1021 275 1061 «
301 994 635 1062 beneficiis
665 993 764 1059 vel
794 991 1158 1082 praebendis
1202 993 1268 1059 in
1313 994 1695 1080 cathedrali,
1723 995 1974 1061 solvant
1999 1000 2246 1061 certam
2275 997 2528 1083 quanti-

241 1107 495 1168 «tatem
539 1122 686 1189 quae
731 1098 979 1186 integre
1041 1096 1223 1165 cedat
1261 1120 1376 1188 pro
1416 1098 1663 1166 fabrica
1701 1099 2028 1179 ecclesiae3
2080 1099 2255 1171 nihil
2304 1104 2529 1169 tamen

235 1233 272 1272 «
304 1209 497 1275 detur
526 1206 817 1293 notariis,
845 1204 1274 1294 campanariis
1303 1211 1365 1273 et
1391 1206 1535 1273 aliis
1563 1207 1878 1274 ministris
1903 1212 1966 1274 et
1980 1207 2389 1276 officialibus

333 1339 366 1377 «
403 1314 566 1380 ltem
588 1313 756 1381 valet
790 1315 1101 1380 statutum
1126 1311 1258 1379 sive
1281 1313 1683 1381 consuetudo
1714 1314 1886 1402 quod
1922 1313 2177 1381 noviter
2231 1318 2531 1403 receptus

242 1446 276 1484 «
307 1421 649 1510 solvat-pro
696 1425 787 1486 tot
815 1418 1086 1508 planetis
1114 1424 1177 1485 et
1215 1418 1358 1485 aliis
1398 1419 1907 1509 supellectilibus
1947 1420 2145 1487 sacris
2187 1419 2526 1503 sacristiae;

243 1528 455 1616 «quia
503 1527 624 1595 hoc
670 1527 913 1593 dicitur
955 1524 1196 1592 [actum
1251 1526 1322 1590 in
1366 1524 1651 1592 favorem
1700 1527 1914 1594 cultus
1966 1527 2196 1594 divini.
2233 1553 2267 1591 »
2307 1526 2533 1617 (Addit

230 1633 568 1701 Monacelli
591 1634 676 1699 ita
699 1632 991 1700 decisum
1016 1654 1052 1698 a
1080 1631 1223 1699 Sac.
1248 1630 1454 1719 Cong.
1487 1631 1703 1721 Episc.
1733 1638 1795 1698 et
1814 1632 1983 1722 reg.)

333 1767 369 1806 «
395 1740 540 1807 Non
565 1745 784 1805 tamen
811 1742 984 1804 tenet
1010 1758 1216 1825 neque
1245 1735 1559 1831 servanda
1584 1743 1677 1804 est
1716 1738 2117 1805 consuetudo
2145 1756 2278 1826 qua
2326 1736 2531 1806 intro-

245 1871 277 1910 «
310 1847 580 1912 ductum
610 1845 717 1930 sit,
741 1842 914 1933 quod
940 1843 1234 1910 canonici
1258 1843 1391 1909 sive
1419 1843 1528 1908 alii
1551 1843 1904 1932 presbyteri
1931 1843 2008 1909 de
2036 1844 2311 1910 ecclesia
2339 1864 2529 1933 pran-

242 1977 275 2016 «
307 1952 492 2018 dium
544 1951 780 2017 habere
821 1949 1118 2016 debeant.
1164 1948 1245 2014 Et
1297 1949 1441 2014 ideo
1485 1946 1679 2014 Sacra
1735 1947 2164 2035 Congregatio
2215 1947 2435 2036 Epis&
2468 1953 2531 2016 et

241 2084 273 2121 «
304 2081 443 2144 reg.
475 2057 562 2145 (in
589 2056 1093 2145 Caputaquensi,
1130 2055 1210 2121 17
1248 2055 1468 2122 martii
1504 2054 1701 2141 1692)
1739 2056 1933 2122 talem
1983 2054 2529 2122 consuetudinem

233 2190 272 2228 «
313 2164 697 2228 abolendam
723 2184 854 2229 esse
879 2163 1149 2229 censuit.

335 2292 369 2328 «
392 2265 555 2333 ltem
593 2267 803 2334 valida
837 2274 900 2333 et
932 2269 1111 2334 licita
1160 2273 1314 2333 sunt
1350 2266 1774 2333 ecclesiarum
1805 2265 2294 2347 cathedralium,
2338 2266 2529 2333 colle-

232 2397 269 2435 «
302 2372 636 2459 giatarum
675 2377 738 2439 et
775 2373 1284 2461 receptitiarum,
1321 2393 1467 2460 quae
1509 2371 1820 2437 mandant
1844 2376 1907 2436 et
1944 2369 2328 2457 disponunt,
2356 2367 2531 2457 quod

238 2507 274 2543 «
311 2478 566 2545 noviter
597 2480 838 2570 provisi
891 2486 953 2547 et
1004 2477 1381 2567 aggremiati
1431 2485 1777 2568 antequam
1804 2476 1882 2544 de
1933 2499 2141 2544 massa
2184 2476 2527 2545 communi

238 2610 271 2648 «
302 2585 715 2675 participent,
750 2607 863 2676 per
895 2585 1157 2674 aliquod
1196 2586 1506 2674 temporis
1542 2586 1819 2674 spatium
1848 2586 2047 2672 gratis
2080 2585 2363 2652 ecclesiae
2405 2585 2527 2653 de-

236 2715 270 2754 «
303 2691 542 2757 servire
564 2683 859 2774 debeant,
884 2691 987 2758 vel
1020 2691 1188 2779 quod
1227 2692 1477 2757 fructus
1511 2691 1704 2780 primi
1751 2691 1907 2758 anni
1933 2692 2062 2758 sint
2115 2690 2393 2758 haeredis
2422 2711 2525 2755 ca-

245 2821 282 2859 «
309 2798 528 2865 nonici
555 2796 842 2865 defuncti
864 2822 880 2877 ;
904 2798 1055 2887 quia
1083 2798 1463 2885 hujusmodi
1492 2804 1723 2863 statuta
1748 2818 1867 2862 nec
1921 2797 2045 2862 sub
2076 2797 2341 2861 decreto
2376 2813 2529 2860 con-

243 2927 279 2966 «
312 2904 472 2986 cilii,
497 2926 610 2971 nec
639 2906 764 2971 sub
790 2904 971 2971 bulla
1002 2904 1098 2970 Pii
1127 2904 1184 2971 V
1231 2903 1961 2990 comprehenduntur.»
2009 2896 2157 2987 (Pro
2203 2920 2334 2985 quo
2375 2896 2528 2964 citat

229 3004 575 3076 Monacelli
622 3010 841 3100 plures
883 3008 1343 3076 declarationes
1382 3006 1594 3074 Sacrae
1636 3003 2169 3092 Congregationis
2205 2999 2521 3091 concilii.)

1137 3281 1427 3341 CAPUT
1492 3277 1619 3339 XII

661 3456 1098 3502 PRAEROGATIVAE
1141 3453 1560 3501 GANOMCORUM
1603 3452 1797 3506 QUOAD
1838 3406 2111 3498 xiABI‘rUM

318 3639 835 3731 Expendendum
886 3641 996 3708 hic
1032 3639 1346 3705 habemus
1375 3642 1616 3728 primo,
1659 3661 1742 3705 an
1779 3659 2036 3727 semper
2062 3638 2366 3704 canonici
2399 3638 2517 3704 ha-

230 3735 495 3815 buerint
518 3747 820 3838 insignia,
848 3768 1076 3815 eorum
1094 3746 1476 3833 dignitatem
1498 3766 1696 3834 supra
1716 3746 1999 3833 reliquos
2025 3744 2105 3810 de
2124 3743 2296 3809 clero
2320 3742 2517 3812 deno·

231 3855 432 3921 tantia
472 3878 487 3921 ε
522 3855 832 3939 secund0,
859 3854 1018 3943 quid
1047 3853 1176 3920 sint
1215 3851 1402 3919 solita
1436 3851 1747 3917 hodierna
1779 3852 2106 3939 insignia:
2170 3851 2385 3939 terti0,
2433 3872 2518 3921 an

228 3962 591 4027 necessaria
622 3962 705 4028 sit
731 3959 913 4029 Sedis
957 3958 1339 4050 Apostolicae
1382 3958 1650 4027 facultas
1695 3963 1768 4024 ut
1803 3959 2097 4047 quaedam
2150 3957 2518 4049 insignia‘a

232 4067 531 4156 capitulis
549 4067 790 4135 assumi
814 4066 1078 4157 possint.
