2930 4982
442 420 479 476 Ξ
495 422 512 475 ¹
531 418 566 474 Ξ
1413 418 1755 467 moruus

440 572 510 618 n.
547 548 651 633 10,
681 550 846 637 part.
878 566 943 612 iv
971 541 1161 633 rec.),
1187 541 1394 609 citans
1421 538 1734 609 Gonzalez
1762 538 1866 630 (ad
1887 559 2024 627 reg.
2055 536 2124 623 8,
2152 537 2345 626 gloss.
2388 537 2497 624 16,
2531 559 2602 606 n.
2632 538 2722 628 8).

528 651 847 721 Doctrina
880 645 1209 716 Leurem'i.
1263 671 1299 710 ι(
1329 643 1489 725 Quis
1524 643 1606 711 sit
1635 650 1697 712 et
1728 644 1978 712 dicatur
2016 643 2282 711 collator
2310 642 2726 712 ordinarius?

450 785 483 825 «
509 757 913 847 Respondeo,
943 753 1137 821 illum
1190 750 1305 841 qui
1338 752 1492 840 jure
1535 749 1790 843 proprio
1823 749 2131 817 beneficia
2160 747 2429 827 confert,
2472 750 2725 817 tametsi

446 892 481 932 «
506 862 1026 956 Jurisdictionem
1052 859 1305 927 nullam
1333 857 1597 942 habeat3
1628 865 1690 925 et
1718 858 1851 924 sive
1886 857 2057 924 hanc
2081 859 2457 945 potestatem
2505 855 2723 924 confe-

446 995 480 1036 «
509 969 699 1037 rendi
725 968 956 1035 habeat
990 986 1027 1034 a
1048 968 1222 1055 jure,
1254 964 1387 1033 sive
1415 985 1491 1031 ex
1519 962 2023 1054 praescriptione,
2058 961 2547 1046 consuetudine,
2571 962 2722 1052 vpri-

447 1099 481 1140 α
509 1073 766 1163 vileg'm.
810 1071 891 1139 Et
921 1073 1015 1140 sic
1050 1071 1123 1140 in
1171 1070 1382 1160 specie
1419 1068 1806 1160 capitulum,
1848 1069 2009 1136 dum
2036 1067 2325 1157 legitime
2346 1066 2721 1156 justificavit

443 1204 479 1246 «
506 1177 1046 1247 consuetudinem
1104 1175 1479 1244 conferendi
1525 1175 1834 1265 privative
1890 1174 1969 1241 ad
2024 1173 2443 1265 Episcopum,
2503 1174 2718 1243 venire

442 1312 477 1354 α
512 1287 634 1356 sub
680 1285 944 1353 nomine
980 1283 1295 1352 ordinarii
1333 1282 1679 1366 collatoriS,
1721 1283 1811 1350 ait
1854 1280 2202 1350 cardinalis
2255 1281 2336 1349 de
2381 1280 2559 1349 Luca
2610 1282 2719 1372 (De

444 1418 478 1459 α
517 1390 871 1482 benefic-iac,
917 1389 1214 1457 discursu
1251 1386 1364 1471 31,
1415 1411 1487 1455 n.
1553 1387 1685 1478 15).
1733 1387 2093 1478 Episcopus
2154 1387 2322 1454 inter
2386 1386 2713 1457 collatores

438 1523 475 1565 ι(
499 1497 859 1567 ordinarios
886 1495 1185 1585 primum
1215 1494 1437 1562 locum
1474 1493 1691 1581 habet,
1723 1498 1942 1584 utpote
1972 1494 2079 1561 cui
2109 1514 2185 1561 ex
2201 1494 2351 1582 jure
2380 1496 2710 1563 communi

439 1630 475 1671 c<
502 1609 566 1672 et
582 1604 831 1670 ratione
852 1600 1255 1691 episcopatus
1281 1622 1579 1668 concessa
1603 1605 1697 1668 est
1723 1601 1866 1668 haec
1898 1605 2171 1691 potestas
2197 1600 2577 1670 conferendi
2601 1603 2710 1671 be-

441 1735 475 1775 «
509 1708 741 1777 neficia
764 1728 897 1774 suae
924 1704 1298 1775 dioecesis...
1333 1705 1645 1774 Omnium
1671 1705 2146 1775 beneficiorum
2171 1705 2242 1772 in
2273 1706 2537 1775 dioecesi
2557 1706 2709 1775 exis-

435 1842 471 1883 «
499 1814 778 1883 tentium
802 1811 1054 1881 collatio
1081 1810 1160 1880 de
1180 1812 1332 1900 jure
1353 1810 1694 1879 communi
1714 1798 1955 1901 spectat
1981 1812 2064 1879 ad
2089 1810 2515 1902 Episcopum,
2541 1811 2707 1902 isque

437 1948 473 1988 «
507 1923 584 1990 de
630 1921 710 1989 iis
763 1918 1169 1989 conferendis
1215 1918 1295 1986 de
1332 1920 1485 2007 jure
1526 1917 1869 1986 communi
1906 1918 2250 1986 fundatam
2292 1916 2705 1986 intentionem

439 2052 475 2093 a
501 2027 716 2109 habet,
767 2024 889 2093 sub
941 2023 1326 2092 limitatione
1375 2027 1594 2090 tamen
1651 2028 1714 2091 et
1764 2023 2163 2114 exceptione
2186 2022 2398 2091 danda
2446 2023 2704 2093 inferius

438 2159 472 2199 α
498 2134 672 2201 circa
711 2130 1025 2200 beneficia
1060 2129 1341 2198 ecclesiae
1383 2127 1786 2197 cathedralis.
1829 2167 1923 2180 —
1962 2128 2148 2198 Unde
2190 2130 2315 2198 hoc
2346 2131 2458 2220 jus
2506 2131 2704 2199 confe-

436 2263 472 2304 «
504 2238 691 2308 rendi
721 2239 1083 2326 originetur
1111 2235 1477 2326 Episcopo?
1508 2235 1886 2326 Respondeo
1921 2261 1938 2305 ε
1980 2235 2235 2305 tametsi
2267 2236 2434 2305 bene
2469 2236 2701 2306 dicatur

434 2370 470 2409 «
500 2345 812 2432 originari
849 2344 918 2410 in
955 2342 1272 2433 Episcopo
1318 2363 1356 2409 a
1385 2347 1535 2431 jure
1581 2344 1919 2410 communi
1957 2342 2295 2431 (LotterUS‚
2320 2343 2367 2409 l.
2412 2341 2499 2423 ΙΙ,
2535 2365 2601 2432 q.
2640 2342 2699 2429 2,

435 2476 471 2516 ι(
501 2472 571 2518 n.
637 2449 734 2540 3),
790 2470 924 2517 non
978 2454 1194 2518 tamen
1255 2448 1573 2536 originari
1630 2449 1698 2516 in
1758 2448 2105 2541 Episcopis„
2146 2448 2545 2537 immediate,
2606 2446 2702 2517 sed

435 2581 471 2621 α
500 2556 851 2635 defluxive3
882 2555 1204 2623 nimirum
1233 2555 1519 2623 defluere
1547 2576 1583 2622 a
1615 2555 1787 2646 Papa
1814 2555 1884 2622 in
1909 2577 2038 2639 eos,
2071 2562 2288 2647 utpote
2312 2557 2381 2623 in
2412 2577 2547 2643 quo
2571 2556 2698 2625 solo

436 2688 471 2728 ι(
499 2663 699 2752 hujus
739 2659 1061 2752 potestatis
1115 2660 1459 2752 plenitudo
1505 2660 1761 2744 residet,
1800 2661 1908 2729 cui
1940 2663 2053 2730 alii
2099 2662 2396 2753 Episcopi
2434 2661 2701 2729 subsunt

438 2795 472 2833 ιι
509 2775 819 2859 tanquam
860 2767 1157 2835 membra
1196 2773 1260 2834 et
1299 2767 1510 2835 vocati
1550 2767 1622 2834 in
1670 2772 1923 2856 partem
1968 2768 2446 2837 sollicitudinis.
2491 2806 2577 2819 -—
2604 2768 2696 2835 An

440 2899 474 2942 «
501 2874 642 2943 haec
670 2879 940 2965 potestas
989 2873 1294 2965 Episcopi
1336 2873 1510 2941 circa
1552 2873 1944 2943 conferenda
1991 2875 2309 2946 beneficia
2352 2881 2588 2966 spectet
2626 2873 2694 2942 ad

438 3005 473 3047 α
499 2980 791 3070 ejusdem
855 2979 1373 3071 jurisdictionem
1393 2982 1426 3046 ‘2
1488 2978 1865 3070 Respondeo
1909 3004 1926 3049 :
2012 2963 2413 3069 nullatenus,
2486 2981 2691 3049 saltem

438 3112 474 3153 c<
501 3087 784 3179 proprie,
824 3088 904 3155 ad
940 3092 1313 3178 potestatem
1342 3085 1813 3177 jurisdictionis
1853 3093 2119 3179 spectat,
2165 3110 2277 3157 seu
2314 3087 2610 3179 competit
2641 3084 2693 3152 ei

441 3218 475 3258 α
497 3196 646 3283 jure
668 3192 1098 3283 magistratus,
1122 3191 1272 3260 Non
1291 3193 1474 3259 enim
1497 3192 1718 3260 omnia
1733 3216 1878 3283 quae
1903 3196 2306 3285 magistratui
2323 3195 2520 3264 alicui
2537 3214 2692 3263 com-

442 3320 475 3360 «
506 3304 758 3388 petunt,
805 3304 1181 3389 competunt
1211 3300 1270 3367 ei
1294 3302 1445 3387 Jure
1478 3301 1926 3389 magistratus;
1959 3302 2067 3370 sed
2104 3302 2323 3391 aliqua
2355 3309 2686 3394 competere

439 3430 474 3470 «
501 3409 822 3494 possunta
839 3404 978 3493 lege
998 3405 1158 3474 citra
1180 3405 1541 3495 imperium
1563 3411 1624 3472 et
1642 3428 1907 3475 omnem
1919 3408 2467 3497 jurisdictionem.
2482 3462 2497 3479 .
2512 3462 2526 3478 .
2544 3408 2686 3479 Mul-

437 3533 473 3575 «
496 3513 691 3598 toque
732 3509 953 3577 minus
973 3510 1113 3578 haec
1144 3514 1417 3600 potestas
1436 3516 1531 3577 est
1553 3517 1827 3600 potestas
1846 3512 2092 3581 ordinis
2118 3514 2526 3605 episcopaliS,
2556 3531 2683 3581 cum

441 3641 474 3682 α
506 3615 601 3705 (ut
631 3614 868 3683 dicitur
894 3616 1098 3706 capite
1121 3615 1339 3695 Nosti,
1368 3616 1447 3683 de
1479 3617 1820 3706 electione)
1849 3619 2140 3687 conferre
2165 3622 2366 3711 possit
2401 3621 2685 3688 statimac

439 3745 474 3787 α
499 3720 724 3789 electio
757 3723 898 3812 ejus
933 3728 1027 3790 est
1071 3722 1479 3807 confirmata,
1513 3724 1630 3792 etsi
1667 3726 1967 3794 nondum
1996 3728 2076 3795 sit
2110 3734 2540 3797 consecratus
2578 3722 2684 3793 Sed

436 3851 470 3891 «
497 3833 590 3895 est
617 3828 1026 3897 accidentalis
1057 3830 1398 3921 cujusdam
1425 3832 1773 3920 potestatis,
1816 3833 2039 3901 eodem
2071 3833 2506 3902 nihilominus
2547 3838 2686 3899 tem·

437 3954 471 3994 «
497 3951 653 4020 pore
678 3932 1006 4030 impressae
1033 3954 1161 4023 quo
1189 3933 1665 4035 imprimuntur
1689 3939 2258 4027 jurisdictionalia,
2290 3940 2598 4008 nimirum
2620 3954 2683 4002 ex

437 4058 471 4099 «
499 4023 759 4130 speciali
812 4036 1222 4107 concessione
1277 4039 1542 4132 legis.»
1589 4044 1867 4131 (Forum
1927 4044 2333 4136 beneficiola,
2391 4050 2563 4136 parte
2617 4060 2679 4117 n,

426 4146 577 4209 sect.
614 4139 682 4225 3,
713 4163 768 4207 c.
801 4142 868 4225 2,
896 4150 1121 4232 quaest.
1159 4144 1290 4244 664
1314 4147 1557 4240 etseq.)
2210 4169 2219 4174 “

512 4246 833 4314 Doctrina
847 4249 1173 4338 Riqcmtii.
1192 4290 1284 4303 —
1303 4278 1336 4317 α
1360 4252 1509 4322 Sive
1522 4259 1957 4345 auctoritates,
1979 4256 2112 4326 sive
2129 4256 2682 4352 exempla,sivera·

425 4353 743 4421 «tionum
782 4364 1108 4422 momenta
1135 4360 1599 4454 expendantur,
1647 4365 1962 4433 affirmari
2000 4365 2188 4433 debet
2232 4361 2680 4459 beneficiorum

426 4482 461 4523 «
488 4445 893 4528 collationem
910 4462 1077 4528 nihil
1095 4483 1447 4536 commune
1465 4470 1702 4541 habere
1728 4496 1881 4542 cum
1901 4456 2379 4564 jurisdictione,
2395 4489 2588 4560 neque
2603 4462 2678 4532 ad
