2930 4982
375 333 400 387 1
417 331 497 387 22
1343 334 1687 383 Tumultus

371 462 575 529 tiones
615 458 1030 529 convertendi
1062 457 1318 526 tertiam
1346 469 1595 547 partem
1626 454 1961 524 fructuum
1987 454 2379 546 praebendae,
2407 455 2664 526 videtur

372 567 734 635 etiamnum
755 586 985 654 urgere
1017 563 1228 655 quoad
1257 561 1654 653 stipendium
1682 584 1982 630 annuum
2007 561 2182 651 quod
2199 563 2496 631 canonici
2525 564 2664 635 loco

372 672 735 765 praebendae
767 693 805 739 a
831 669 1166 740 Gubernio
1194 668 1555 759 accipiunt3
1606 673 1795 758 atque
1840 673 2048 759 potest
2072 667 2433 759 Episcopus
2470 690 2662 738 cano·

374 780 554 848 nicos
587 777 975 870 compellere
1004 775 1084 843 ad
1111 774 1554 865 reponendam
1581 775 1838 843 tertiam
1880 774 2064 843 illam
2095 779 2345 866 partem
2392 775 2461 843 in
2503 796 2671 846 mas-

374 907 513 954 sam
547 905 969 954 communem
1004 904 1124 973 pro
1152 881 1549 972 quotidianis
1575 880 2168 953 distributionibus·
2216 881 2406 963 Quod
2446 882 2500 949 si
2531 884 2670 971 fiat,

368 994 508 1083 jam
537 1013 672 1059 non
710 991 930 1058 minus
973 989 1166 1058 hodie
1198 1009 1399 1077 quam
1428 989 1589 1056 olim
1631 989 2069 1058 necessarium
2118 988 2241 1057 erit
2271 991 2670 1079 punctatoris

376 1098 693 1167 officium.
727 1098 812 1166 At
838 1103 1159 1189 praeterea,
1195 1096 1627 1165 abstrahendo
1647 1096 1844 1164 etiam
1868 1118 1906 1164 a
1924 1096 2250 1187 praedictis
2273 1096 2670 1166 distributio-

378 1204 599 1288 nibuS‚
634 1208 888 1272 certum
921 1208 1014 1270 est
1044 1201 1362 1293 Episcopo
1388 1208 1452 1269 et
1484 1202 1714 1292 primae
1742 1201 2044 1292 dignitati
2072 1202 2534 1292 obligationem
2564 1203 2669 1271 in-

380 1309 685 1377 cumbere
707 1307 1095 1397 invigilandi
1131 1313 1204 1375 ut
1226 1329 1455 1376 omnes
1480 1310 1593 1398 qui
1624 1308 1704 1376 ad
1729 1307 1944 1377 officia
1967 1309 2151 1377 chori
2176 1313 2481 1377 tenentur
2509 1309 2589 1376 iis
2610 1315 2672 1378 et

381 1415 681 1483 intersint
703 1419 765 1482 et
792 1414 1003 1481 debite
1032 1413 1447 1483 satisfaciant.
1494 1415 1780 1483 Tenetur
1806 1415 2019 1506 prima
2050 1416 2330 1506 dignitas
2358 1416 2428 1483 in
2456 1415 2677 1483 delin-·

380 1524 649 1610 quentes
674 1519 955 1588 fraterna
987 1519 1382 1588 correctione
1424 1521 1960 1590 animadvertere.
2007 1520 2361 1612 Episcopus
2391 1542 2542 1589 vero
2565 1522 2674 1591 de-

379 1624 489 1692 bet
532 1629 754 1692 contra
785 1645 918 1691 non
948 1623 1307 1693 assistentes
1355 1627 1722 1717 procedere,
1753 1633 1815 1694 et
1842 1626 2064 1711 etiam,
2099 1628 2170 1694 in
2204 1649 2360 1696 casu
2382 1649 2509 1717 quo
2543 1627 2674 1696 alia

375 1731 545 1821 juris
585 1730 872 1799 remedia
902 1752 1035 1798 non
1073 1730 1424 1820 sufficiant,
1464 1734 1547 1802 ad
1595 1734 1976 1825 privationis
2030 1756 2290 1826 poenam
2340 1734 2667 1803 devenire.

385 1836 584 1905 Porro
606 1839 686 1906 ad
710 1837 860 1906 talia
882 1836 1154 1904 omnino
1184 1859 1439 1906 necesse
1463 1845 1560 1907 est
1588 1846 1660 1907 ut
1679 1840 1926 1930 *aliquis
1954 1841 2276 1911 absentias
2299 1840 2590 1911 observet
2613 1847 2676 1909 et

384 1949 671 2031 annotet,
700 1945 834 2012 sive
855 1948 932 2010 ut
955 1944 1354 2033 punctatoris
1378 1945 1667 2014 officium
1690 1947 1960 2038 expleat.

1182 2222 1185 2223 ⁷
1279 2218 1590 2320 CAPUT.
1617 2221 1779 2281 XIII

1187 2401 1271 2445 DE
1328 2400 1877 2447 BENEFICIARIIS

491 2610 529 2649 a
558 2583 741 2651 Ultra
786 2584 1156 2673 dignitateS‚
1203 2585 1624 2654 canonicatus
1671 2607 1782 2654 seu
1833 2586 2229 2676 praebendaS,
2278 2587 2349 2653 in
2396 2585 2686 2656 Ecclesia

398 2715 430 2753 α
459 2688 806 2776 cathedrali
830 2710 943 2758 seu
972 2690 1330 2778 collegiata,
1379 2691 1507 2760 alia
1544 2693 1962 2783 reperiuntur
2003 2692 2313 2761 inferiora
2338 2692 2679 2776 beneficia,

399 2821 433 2860 «
466 2817 610 2886 quae
632 2816 766 2863 non
791 2800 942 2862 sunt
965 2795 1044 2862 de
1075 2817 1342 2887 corpore
1367 2799 1660 2887 capituli.
1693 2798 1822 2888 Huj
1833 2798 2088 2866 usmodi
2117 2805 2270 2866 sunt
2301 2822 2318 2866 ε

487 2925 521 2963 «
548 2898 777 2967 Assisii
819 2920 932 2967 seu
968 2900 1438 2989 Mansionarii‚
1472 2904 1589 2992 qui
1617 2903 1916 2971 videlicet
1941 2904 2015 2970 in
2052 2903 2278 2972 eadem
2301 2902 2562 2971 ecclesia
2585 2924 2682 2970 as-

330 3073 338 3084 ,
400 3005 667 3089 «sidua,
696 3012 757 3073 et
784 3006 981 3074 veluti
1012 3014 1463 3097 permanenter
1496 3008 1788 3077 officium
1833 3009 2106 3078 canendi
2130 3009 2203 3077 in
2226 3010 2447 3093 choro,
2489 3013 2549 3075 et
2575 3007 2681 3076 di·

400 3137 432 3174 «
461 3111 613 3178 vina
636 3110 1007 3180 celebrandi
1034 3113 1215 3181 obire
1243 3119 1570 3182 tenentur.
1599 3114 1930 3183 Antonius
1953 3115 2296 3186 Fabricius
2318 3116 2405 3183 ita
2429 3118 2681 3182 vocatos

399 3242 430 3278 «
460 3217 712 3285 assisios
741 3216 902 3285 dicit
940 3220 1124 3307 quasi
1172 3218 1490 3308 assiduos,
1537 3222 1700 3289 forte
1748 3228 2011 3313 propter
2048 3223 2509 3291 assiduitatem.
2555 3220 2681 3289 Pro

401 3345 432 3383 «
462 3323 837 3411 supplendis
872 3326 1164 3414 ipsorum
1196 3328 1667 3395 canonicorum
1712 3328 2066 3396 defectibus
2103 3328 2347 3412 adsciti,
2382 3333 2443 3396 et
2479 3324 2683 3394 eccle·

400 3452 432 3490 «
461 3427 866 3494 siasticorum
907 3437 1342 3518 proventuum
1372 3433 1716 3523 participes
1743 3433 1975 3502 effecti.
2025 3433 2306 3514 Quidam
2330 3431 2683 3501 hebdoma-

402 3556 435 3595 «
464 3529 644 3598 darii
666 3530 767 3598 vel
795 3532 988 3600 etiam
1014 3533 1317 3605 choristoe
1341 3536 1679 3622 dicuntur,
1715 3544 1778 3604 et
1807 3539 1878 3605 in
1908 3539 2195 3607 secundo
2235 3538 2461 3608 ordine
2500 3536 2694 3606 cleri-'

402 3662 436 3701 «
459 3659 688 3706 corum
713 3640 954 3729 primas
979 3644 1221 3709 tenent.
1257 3641 1391 3710 Alii
1414 3664 1569 3710 vero
1587 3664 1625 3711 a
1649 3643 1980 3712 canonicis
2010 3645 2219 3734 magis
2241 3645 2498 3727 remoti,
2527 3644 2683 3712 sim-

402 3769 433 3809 «
462 3745 722 3835 pliciter
768 3746 850 3813 ad
890 3747 1307 3826 serviendum
1349 3749 1634 3828 ecclesiae
1680 3751 1948 3840 obligati
1994 3759 2171 3836 sunt,
2244 3758 2683 3840 vocanturque

403 3872 437 3910 «
465 3848 817 3938 aliquando
856 3853 1305 3937 mansionarii,
1356 3856 1706 3944 aliquando
1752 3858 2210 3941 matricularii,
2242 3863 2304 3925 et
2337 3856 2684 3947 aliquando

405 3972 438 4011 «
467 3948 779 4019 habituati
800 3982 818 4041 3
870 3957 1110 4046 quibus
1146 3957 1683 4028 beneficiatorum
1736 3983 1978 4030 nomen
2024 3962 2507 4052 denegandum,
2561 3959 2685 4029 nisi

405 4056 551 4120 «eis
578 4079 691 4146 per
714 4061 989 4131 modum
1011 4064 1307 4131 beneficii
1328 4069 1393 4132 et
1414 4085 1548 4132 non
1578 4067 1983 4158 simplicium
2027 4069 2499 4159 stipendiorum
2530 4067 2687 4137 certi

404 4185 436 4222 «
464 4170 815 4249 proventus
862 4169 1277 4239 ecclesiastici
1307 4173 1803 4243 destinarentur.
1839 4201 1872 4239 »

491 4291 527 4332 «
551 4271 962 4342 Portionarii
1004 4275 1186 4357 item,
1233 4280 1349 4365 qui
1391 4280 1700 4349 videntur
1741 4281 1915 4349 idem
1971 4283 2319 4373 importare
2369 4283 2547 4370 quod
2593 4303 2686 4352 as.-

403 4397 437 4436 «
466 4372 628 4455 sisii,
664 4384 725 4445 et
751 4385 904 4448 sunt
941 4379 1019 4446 de
1052 4381 1475 4452 inferioribus
1520 4385 1876 4476 beneficiis,
1925 4407 2058 4455 non
2100 4387 2412 4457 dicuntur
2450 4387 2686 4455 habere
