2930 4982
1090 415 1171 463 nn
1211 412 1535 464 cunum.
2331 420 2402 475 2¹
2428 423 2448 477 1

224 538 332 605 «ob
357 536 530 605 illius
561 535 840 621 obitum,
865 537 975 627 jus
1008 535 1384 605 conferendi
1415 536 1881 607 consolidatum
1922 549 2214 611 remanet
2256 545 2324 613 in
2356 570 2459 617 ca-

220 644 527 734 «pitulo...
571 643 869 733 Cumque
889 645 1000 733 Jus
1041 642 1417 711 conferendi
1460 644 1841 733 praedictum
1889 648 1972 715 sit
2008 647 2454 746 individuum,

221 751 473 818 «divisio
497 748 680 817 illius
707 771 824 839 per
848 753 1128 817 turnum
1152 753 1455 816 censetur
1481 770 1731 839 semper
1757 751 1920 820 facta
1942 756 2151 843 quoad
2177 759 2454 852 simplex

217 856 658 941 «exercitium3
699 855 790 923 ita
836 861 909 923 ut
952 855 1064 922 illa
1112 876 1458 945 nunquam
1505 855 1820 946 impediat
1884 861 2454 937 consolidationem

215 965 395 1053 «juris
437 963 510 1031 in
565 962 871 1053 capitulo,
918 961 1172 1052 quoties
1213 963 1537 1052 contingit
1581 984 1757 1032 mors
1805 962 2132 1057 Episcopi,
2170 971 2267 1037 vel
2320 974 2458 1045 aliis

214 1095 240 1136 (t
261 1070 497 1138 casibus
526 1090 724 1160 supra
763 1070 1077 1161 expressis
1128 1067 1580 1159 (depositionis
1622 1070 1874 1139 scilicet
1910 1071 2025 1140 vel
2068 1074 2461 1147 translatio·

213 1198 237 1240 c(
256 1175 341 1243 nis
359 1174 738 1266 Episcopi).
768 1200 805 1240 »

279 1281 664 1373 «Septimus
701 1285 815 1366 est,
849 1281 1025 1371 quod
1065 1302 1197 1349 non
1251 1282 1593 1352 inducitur
1647 1285 2060 1378 consumptio
2097 1290 2279 1357 turni
2313 1299 2459 1364 ante

212 1386 737 1478 «acceptationem
765 1387 1001 1454 factam
1031 1386 1113 1454 ab
1148 1409 1225 1456 eo
1250 1388 1359 1456 cui
1386 1388 1655 1456 collatus
1677 1388 1804 1455 fuit
1826 1391 2272 1461 canonicatus.
2303 1420 2337 1460 n

279 1496 632 1561 «Octavus
659 1499 775 1578 est,
806 1494 981 1584 quod
1011 1498 1247 1564 turnus
1298 1494 1536 1564 dicitur
1575 1495 1866 1584 legitime
1913 1506 2343 1590 consumptus
2384 1500 2468 1570 ab

209 1623 236 1666 «
258 1621 318 1668 eo
342 1601 427 1669 ad
454 1621 654 1690 quem
698 1600 1023 1692 spectabat
1066 1602 1352 1683 collatio,
1381 1601 1437 1670 si
1467 1606 1683 1670 tacens
1709 1602 2006 1693 permisit
2026 1604 2301 1675 alterum
2333 1628 2466 1676 non

205 1730 232 1771 «
253 1709 622 1776 existentem
649 1706 722 1773 in
744 1710 940 1774 turno
966 1709 1277 1776 conferre.
1312 1731 1348 1773 τ)

283 1837 313 1878 «
338 1817 567 1885 Nonus
594 1818 714 1899 est,
754 1814 928 1903 quod
972 1815 1243 1904 quando
1290 1813 1645 1905 capitulum
1697 1813 1783 1883 ob
1838 1820 2115 1885 mortem
2164 1818 2468 1911 Episcopi

202 1920 493 1987 «confert
527 1919 1013 2006 canonicatum,
1045 1918 1191 1986 sede
1223 1917 1571 2009 episcopali
1602 1924 1892 2004 vacante,
1917 1922 2028 1988 sed
2060 1922 2357 1991 nondum
2388 1923 2470 1990 ab

199 2025 563 2117 «Episcopo
593 2025 883 2092 intumo
907 2025 1211 2092 existente
1238 2023 1572 2105 collatum,
1597 2023 1850 2092 collatio
1875 2032 2035 2096 tune
2074 2027 2319 2118 expleta
2356 2049 2474 2121 per

202 2155 229 2194 «
250 2132 496 2200 dictum
519 2129 883 2220 capitulum
909 2151 1054 2198 non·
1069 2135 1377 2221 operatur
1406 2129 1973 2219 consumptionem
1999 2133 2104 2200 sui
2130 2134 2337 2215 turni,
2364 2132 2475 2200 sed

196 2261 223 2299 (ι
249 2243 458 2328 potest
479 2237 552 2302 in
575 2236 936 2302 successiva
956 2235 1290 2302 vacatione
1307 2233 1626 2300 conferre.
1666 2256 1704 2295 >³

278 2370 318 2407 a
346 2340 654 2407 Decimus
702 2344 822 2420 est,
868 2339 1042 2426 quod
1074 2339 1130 2407 si
1173 2339 1246 2405 in
1290 2336 1631 2405 concordia
1663 2338 1827 2405 inita
1868 2358 2065 2428 super
2107 2338 2481 2409 alternativa

190 2471 221 2512 «
248 2436 626 2538 provisione
686 2443 1003 2512 dictarum
1070 2442 1603 2537 praebendarum,
1692 2449 1959 2513 cautum
2027 2443 2240 2532 fuerit,
2306 2443 2477 2538 quod

196 2579 225 2618 (ι
246 2554 526 2622 existens
562 2551 650 2619 in⁰
670 2557 867 2619 turno
902 2555 1194 2620 teneatur
1230 2549 1524 2619 conferre
1556 2554 1730 2619 certo
1761 2549 1984 2639 generi
2018 2571 2472 2641 personarum,

199 2684 228 2723 «
253 2681 364 2727 seu
401 2657 949 2747 aliquasqualitate
975 2657 1268 2748 pollenti,
1312 2660 1476 2724 esset
1503 2656 1695 2724 etiam
1726 2656 1942 2746 quoad
1978 2655 2104 2724 hoc
2133 2658 2479 2726 concordia

193 2764 550 2853 «religiose
577 2762 1002 2844 observanda3
1031 2762 1328 2853 alioquin
1357 2762 1640 2852 provisio
1671 2765 1834 2828 esset
1862 2759 2085 2842 nulla3
2117 2761 2297 2847 quia,
2326 2781 2481 2829 cum

200 2867 520 2935 «collator
539 2867 864 2956 *metiatur
905 2889 1094 2935 suam
1143 2872 1522 2956 potestatem
1561 2865 1644 2932 ab
1678 2866 1819 2953 ipsa
1857 2862 2227 2949 concordia,
2260 2863 2316 2930 si
2348 2884 2483 2931 non

203 2998 233 3035 α
257 2976 467 3041 servet
492 2971 774 3039 formam
793 2975 1264 3063 praescriptam,
1288 2961 1468 3039 actus
1486 2971 1735 3038 corruit
1750 2989 1827 3035 ex
1849 2968 2103 3035 defectu
2130 2972 2479 3060 potestatis,

205 3080 512 3149 «etiamsi
560 3082 632 3149 in
686 3083 830 3171 ipsa
875 3077 1216 3147 concordia
1265 3098 1403 3144 non
1447 3076 1691 3143 adesset
1740 3073 2070 3140 decretum
2124 3077 2482 3145 annullati-

208 3209 236 3248 «
262 3207 436 3254 vum.
462 3186 809 3278 (LotterUS,
828 3188 925 3253 De
937 3207 1008 3253 re
1022 3181 1422 3273 beneficiali,
1441 3183 1489 3250 l.
1511 3180 1589 3267 ΙΙ,
1605 3184 1832 3271 quaest.
1850 3178 2046 3260 21,n.
2064 3178 2149 3251 33
2176 3187 2239 3251 et
2262 3182 2424 3275 seq.)
2438 3208 2472 3249 ι)

1280 3465 1395 3545 §9

213 3642 275 3681 DE
298 3644 456 3684 FALSA
484 3642 745 3684 OPINIONE
772 3642 953 3681 EORUM
979 3641 1072 3686 QUI
1096 3640 1376 3679 PUTARENT
1399 3641 1489 3680 JUS
1512 3641 1850 3681 CONFERENDI
1875 3642 2162 3681 BENEFlCIA
2189 3641 2485 3680 PERTINERE

276 3740 336 3778 AD
370 3704 610 3781 omnium
647 3736 1007 3780 EPISCOPALEM
1026 3761 1042 3788 ‚
1087 3736 1192 3773 VEL
1227 3723 1299 3772 AD
1337 3734 1686 3773 ESSENTIALIA
1730 3733 2148 3775 mmsmc‘noms
2179 3734 2484 3776 ORDINARIAE

275 3836 616 3880 EPISCOPALIS·

290 4007 606 4075 Doctrina
640 4008 827 4074 Rotae
855 4028 881 4072 .·
919 4000 1287 4072 «Conferre
1321 3997 1636 4068 beneficia
1658 4018 1791 4065 non
1824 4001 1920 4065 est
1946 3995 2216 4082 ordiniS,
2239 4001 2348 4069 sed
2366 4004 2481 4093 ju-

224 4130 255 4171 «
278 4113 693 4199 risdictionis3
721 4134 850 4202 quo
884 4111 959 4179 fit
994 4115 1068 4178 ut
1098 4109 1297 4178 etiam
1334 4105 1408 4186 hi
1436 4106 1552 4194 qui
1580 4102 1842 4172 nullum
1878 4104 2176 4173 ordinem
2211 4106 2476 4197 habent,

228 4238 256 4277 α
280 4220 561 4289 conferre
576 4217 963 4308 quandoque
986 4216 1254 4307 possint.
1281 4239 1315 4278 «
1338 4211 1545 4303 (Rota,
1567 4208 1886 4280 decisione
1909 4210 2016 4301 15,
2034 4234 2101 4280 n.
2128 4213 2157 4279 1
2198 4215 2399 4304 partis
2415 4235 2482 4279 111

219 4331 439 4394 recent.
465 4366 557 4380 —-
578 4325 709 4395 Ubi
730 4325 855 4392 hoc
884 4323 1078 4406 variis
1121 4319 1424 4389 indicatis
1471 4317 1954 4390 auctoritatibus
2003 4311 2482 4395 confirmatur.)

229 4426 530 4501 «Collatio
574 4432 755 4501 enim
799 4434 894 4502 est
930 4428 1104 4517 juris
1148 4421 1502 4495 concessio.
1546 4446 1582 4489 )>
1626 4420 1723 4490 lta
1745 4421 1906 4491 Rota
1937 4420 2285 4510 (decisione
2324 4408 2479 4487 343,
