2930 4982
449 378 574 436 5⁴8
996 420 1011 436 .
1423 374 1773 425 ‘rucuws

530 505 715 575 Unde
739 503 1024 572 vicarius
1055 499 1432 591 capitularis
1456 497 1673 564 statim
1695 516 1769 563 ac
1794 492 2084 583 legitime
2100 491 2338 559 electus
2361 489 2516 573 fuit,
2544 492 2747 580 juris-

443 614 795 681 dictionem
824 627 1117 676 exercere
1146 609 1378 697 potest,
1407 602 1602 671 etiam
1639 606 1785 668 ante
1823 601 2114 688 acceptas
2150 601 2436 687 patentes
2463 595 2740 683 litteras,

441 741 586 810 quae
624 723 842 783 tamen
874 713 999 805 ipsi
1030 733 1066 780 a
1095 709 1380 802 capitulo
1424 708 1591 776 tradi
1630 706 1867 774 debent
1912 702 1993 771 ad
2024 702 2223 770 fidem
2261 700 2629 770 faciendam
2667 703 2744 770 de

447 827 781 895 electione.

1368 1056 1688 1130 SECTIO
1752 1057 1812 1125 11

450 1247 775 1316 QUOMODO
835 1245 997 1303 SESE
1043 1240 1365 1298 HABEANT
1397 1240 1493 1293 AD
1535 1236 1817 1293 1Nv1cEM
1853 1234 2240 1291 CAIPTULUM
2287 1235 2374 1289 ET
2420 1236 2732 1293 VICARIUS

981 1346 1429 1405 CAPITULARIS
1458 1344 1692 1409 QUOAD
1722 1341 2202 1397 POTESTATEM?

534 1566 609 1635 ln
631 1570 758 1632 tota
782 1563 905 1630 hac
926 1558 1193 1628 materia
1215 1557 1447 1625 fallunt
1471 1554 1722 1643 antiqui
1743 1558 2059 1631 auctores,
2079 1575 2153 1619 ex
2174 1574 2250 1620 eo
2264 1553 2439 1642 quod
2461 1562 2732 1644 arguant

445 1679 508 1742 et
534 1670 928 1739 concludant
967 1688 1004 1733 a
1038 1663 1456 1754 dispositione
1491 1661 1666 1750 juris
1712 1681 1859 1748 quae
1888 1661 2031 1748 jam
2063 1659 2409 1727 immutata
2430 1664 2540 1726 est.
2581 1658 2725 1726 lmo

445 1781 567 1847 hoc
589 1799 719 1844 non
752 1774 1149 1840 advertentes
1166 1789 1299 1835 non
1325 1766 1517 1857 pauci
1542 1769 1654 1855 qui
1675 1787 1900 1834 recens
1916 1767 2341 1856 scripserunt,
2354 1766 2455 1834 vel
2472 1768 2734 1835 contusa

444 1885 544 1953 vel
568 1903 798 1974 parum
826 1883 1125 1947 accurata
1146 1873 1579 1943 tradiderunt.

1418 2152 1709 2215 CAPUT
1762 2153 1788 2212 1

447 2323 778 2372 Exl’oul‘rtm
810 2319 1151 2368 PRINCIPIUM
1176 2319 1254 2364 Ex
1283 2317 1394 2370 QUO
1428 2316 1848 2363 DETmtmNAlu
1875 2317 2071 2369 QUEAT
2098 2317 2374 2363 CAPITULI
2399 2319 2480 2363 m·
2509 2317 2725 2365 vlcann

1056 2424 1446 2472 CAPITULARIS
1473 2424 1540 2468 IN
1567 2423 1816 2469 mvlcnu
1846 2423 2139 2469 POTESTAS

533 2607 881 2675 Probatum
912 2611 1007 2672 est
1045 2625 1241 2693 supra
1274 2603 1446 2690 (sect.
1488 2605 1552 2679 1,
1589 2625 1732 2693 cap.
1770 2602 1813 2670 9
1840 2608 1903 2670 et
1936 2602 2042 2694 10)
2076 2608 2277 2671 totam
2318 2603 2729 2692 jurisdictio-

446 2736 594 2782 nem
615 2709 881 2801 capituli
908 2708 1186 2776 transire
1225 2707 1308 2773 ad
1351 2706 1675 2773 vicarium
1702 2708 2174 2797 capitularem3
2212 2710 2289 2776 ita
2325 2713 2397 2774 ut
2445 2714 2735 2796 nequeat

443 2819 802 2912 capitulum
839 2812 1358 2906 jurisdictionem
1400 2812 1571 2880 hanc
1616 2813 1755 2881 ullo
1798 2814 1993 2882 modo
2016 2815 2295 2896 limitare
2336 2815 2470 2881 sive
2511 2812 2729 2902 quoad

443 2938 730 3018 tempuS‚
751 2925 885 2992 sive
898 2921 1113 3012 quoad
1139 2920 1458 2988 materias·
1497 2918 1614 2986 llla
1642 2924 1860 2987 autem
1885 2922 2055 3009 juris
2081 2921 2415 3012 dispositio
2443 2926 2619 2989 certa
2640 2925 2729 2987 est

446 3056 625 3103 nunc
659 3057 676 3101 ε
714 3036 779 3099 at
804 3036 975 3098 certa
1022 3049 1151 3096 non
1183 3027 1307 3093 fuit
1342 3031 1436 3093 sat
1470 3026 1665 3116 longo
1711 3032 1854 3117 post
1885 3026 2341 3096 Tridentinam
2388 3028 2709 3117 synodum

446 3149 757 3233 tempore.
811 3136 952 3204 Imo
981 3140 1141 3203 tunc
1177 3134 1390 3222 viguit
1433 3135 1644 3222 magis
1685 3134 1909 3224 opinio
1946 3136 2298 3214 contraria,
2327 3141 2393 3203 et
2421 3136 2500 3203 ob
2541 3134 2728 3202 illam

448 3248 823 3339 opinionem
853 3243 1065 3332 viguit
1119 3240 1439 3309 contraria
1477 3241 1691 3330 praxis
1737 3238 1948 3310 Sacrae
1995 3239 2534 3332 Congregationis
2576 3263 2730 3309 con-

451 3352 611 3434 cilii,
663 3352 852 3438 cujus
892 3349 1342 3440 responsiones
1389 3348 1760 3416 facultatem
1804 3348 2125 3418 faciebant
2178 3354 2242 3416 et
2289 3349 2736 3439 supponebant

453 3454 752 3546 capitulis
779 3453 905 3520 sibi
961 3458 1211 3542 partem
1253 3454 1729 3541 jurisdictionis
1760 3455 2154 3539 reservandi,
2193 3461 2256 3523 et
2282 3456 2613 3525 vicariurn
2639 3456 2736 3523 de·

455 3561 727 3659 putandi
750 3560 830 3628 ad
858 3564 1116 3655 tempus
1140 3563 1202 3625 et
1218 3558 1676 3628 revocabilem.
1707 3551 1893 3629 Unde
1916 3562 2089 3629 idem
2113 3563 2333 3630 evenit
2356 3585 2435 3631 ac
2453 3563 2512 3630 si
2534 3563 2737 3654 primo

454 3677 582 3745 lata
605 3670 830 3761 fuisset
844 3671 909 3735 et
930 3665 1241 3754 viguisset
1275 3665 1376 3731 lex
1412 3667 1531 3733 ista
1569 3667 1923 3736 canonica:
1955 3670 2183 3736 Potest
2218 3669 2609 3758 capitulum
2649 3669 2742 3736 vi-

457 3779 638 3851 cario
692 3797 811 3844 suo
845 3769 1392 3865 jurisdictionem
1448 3774 1748 3862 conferre
1790 3774 1909 3841 sub
1960 3774 2507 3845 restrictionibus
2550 3789 2616 3845 et
2651 3775 2743 3844 ad

460 3902 720 3977 tempus
740 3881 877 3952 sibi
909 3878 1393 3969 beneplacitum
1413 3900 1437 3944 .·
1467 3885 1529 3945 et
1558 3886 1774 3968 postea
1801 3882 1919 3948 ista
1946 3880 2047 3948 lex
2074 3880 2144 3947 in
2173 3884 2574 3950 contrariam
2602 3905 2748 3951 mu-

459 3998 588 4058 tata
606 3993 829 4059 fuisset
855 3989 976 4056 hoc
1002 3984 1237 4053 modo:
1280 3988 1442 4052 Tota
1488 3983 1880 4073 jurisdictio
1920 3986 2243 4054 transibit
2280 3987 2377 4055 ad
2414 3989 2744 4057 vicarium

463 4096 700 4182 absque
723 4095 865 4161 ulla
893 4089 1311 4160 restrictione
1335 4101 1401 4156 et
1417 4112 1551 4180 pro
1583 4101 1720 4157 toto
1751 4091 2085 4159 vacantioe
2106 4103 2421 4182 tempore.
2454 4092 2659 4161 Porro
2675 4117 2746 4161 ex

457 4199 660 4296 priori
691 4199 835 4285 lege
862 4220 1009 4285 quae
1041 4203 1212 4267 certa
1262 4197 1775 4288 supponebatur,
1818 4197 2027 4266 multa
2075 4197 2463 4267 concludere
2505 4200 2745 4268 debue-

424 4406 431 4414 .
461 4312 618 4378 runt
644 4306 706 4370 et
732 4300 810 4366 de
830 4300 994 4367 tacto
1019 4303 1469 4370 concluserunt
1496 4303 1869 4389 canonistas,
1903 4325 2050 4392 quae
2080 4325 2281 4382 nunc,
2312 4303 2581 4393 vigente
2608 4327 2752 4396 pos-

458 4414 717 4496 teriore,
749 4405 1021 4474 omnino
1052 4408 1399 4492 reficienda
1437 4417 1612 4477 sunt.
1657 4409 2002 4499 Legitime‚'
2033 4412 2210 4480 verbi
2248 4412 2485 4500 gratia,
2515 4433 2750 4503 argue-
