2930 4982
414 369 541 426 3o6
1389 371 1730 419 macutus

498 498 566 565 4⁰
595 495 702 564 An
730 496 1122 561 excusentur
1150 490 1632 579 septuagenarii
1658 489 1844 558 titulo
1873 489 2292 573 infirmitatis,
2320 512 2395 559 ac
2422 491 2700 581 proinde

407 607 494 674 ita
543 607 618 671 ut
653 599 851 668 etiam
889 595 1384 665 distributiones
1419 594 1814 663 lucrentur?
1850 633 1943 647 —
1989 596 2345 665 Affirmant
2383 597 2498 664 alii
2542 599 2699 667 :alii

401 731 552 780 vero
576 707 1051 796 distinguentes
1071 705 1339 791 negant,
1372 702 1427 769 si
1449 702 1583 768 sint
1607 702 1888 784 robusti3
1923 703 2310 790 concedunt,
2335 704 2389 771 si
2414 704 2690 775 debiles.

405 817 497 909 (S.
534 812 917 904 Liguorius,
948 809 996 876 l.
1024 830 1116 892 w,
1148 829 1208 876 c.
1242 807 1310 891 2,
1339 829 1408 874 n.
1439 806 1618 897 130.)

494 922 562 990 50
578 921 683 989 An
704 921 1086 986 excusentur
1106 915 1258 983 caeci
1276 914 1412 983 ‘t—
1436 912 1600 980 Rem
1612 913 1888 984 dubiam
1902 916 2218 1006 relinquit
2241 914 2308 985 S.
2338 915 2695 1007 Liguorius

402 1029 543 1098 loco
592 1023 834 1113 citato),
880 1021 1162 1089 referens
1201 1018 1270 1086 id
1306 1040 1344 1086 a
1386 1018 1612 1086 multis
1655 1021 2010 1089 canonistis
2061 1022 2374 1090 affirmari
2417 1046 2432 1090 ε
2471 1022 2698 1112 negari

401 1155 552 1203 vero
593 1130 676 1198 ab
707 1128 877 1205 aliis,
906 1147 982 1194 eo
1023 1126 1202 1215 quod
1229 1123 1468 1192 talibus
1513 1146 1647 1193 non
1697 1132 1924 1194 noceat
1949 1128 2213 1216 chorus,
2244 1133 2306 1196 et
2335 1129 2461 1218 ipsi
2501 1129 2697 1200 assis-

403 1238 594 1307 tendo
630 1231 1071 1302 auctoritatem
1113 1236 1182 1297 et
1220 1228 1636 1319 splendorem
1681 1233 2035 1320 quemdam
2083 1234 2279 1302 choro
2325 1238 2628 1324 praestent
2669 1256 2688 1300 ε

397 1348 568 1414 certo
595 1348 817 1408 tamen
846 1335 1343 1417 affirmandum,
1378 1336 1597 1402 sinon
1628 1343 1888 1426 possent
1912 1338 1993 1405 ad
2021 1339 2358 1408 ecelesiam
2395 1340 2698 1408 accedere

399 1449 536 1519 sine
562 1442 837 1515 notabili
861 1441 1302 1510 incommodo.
1334 1438 1460 1509 Sed
1487 1441 1842 1511 dicendum
1869 1465 2069 1512 caecos
2097 1443 2235 1510 sine
2267 1443 2471 1512 dubio
2501 1466 2697 1513 excu-

401 1554 554 1632 sari,
602 1573 756 1621 cum
788 1549 875 1617 ita
902 1548 1321 1616 declaraverit
1346 1546 1544 1617 Sacra
1577 1547 2003 1637 congregatio
2043 1550 2300 1619 concilii
2337 1574 2354 1618 ε
2400 1577 2436 1617 «
2467 1552 2704 1620 Caecus

405 1686 438 1725 α
467 1658 847 1738 canonicus,
886 1655 977 1722 ait
1018 1654 1410 1723 Benedictus
1453 1653 1607 1722 XIV
1647 1654 1812 1746 (loeo
1853 1655 2064 1746 citato)
2105 1656 2271 1723 inter
2307 1662 2708 1745 aegrotantes

406 1794 441 1835 «
469 1765 915 1834 numerandus
939 1766 1067 1840 est;
1104 1761 1226 1851 ipsi
1257 1760 1450 1851 plura
1480 1759 1695 1829 Sacrae
1716 1760 2246 1850 Congregationis
2269 1761 2526 1828 decreta
2556 1763 2707 1831 suf-

403 1899 440 1940 «
467 1871 804 1960 fragantur
841 1891 857 1934 ε
888 1870 1044 1938 Non
1076 1868 1289 1936 teneri
1321 1867 1487 1957 (ipsa
1513 1868 1870 1958 respondit)
1896 1868 2081 1935 horis
2110 1868 2450 1936 canonicis
2487 1868 2703 1942 inter-

408 2008 443 2047 «
467 1999 622 2057 esse,
647 1972 864 2043 necin
885 1972 1079 2041 choro
1122 1995 1271 2041 eam
1314 1973 1542 2062 officii
1554 1986 1828 2063 partem
1855 1995 2062 2063 quam
2099 1974 2490 2041 memoriter
2522 1982 2702 2041 tenet

405 2112 440 2152 «
470 2084 771 2161 recitare,
809 2092 872 2147 et
902 2079 1356 2146 nibilominus
1385 2079 1642 2146 lucrari
1678 2077 2187 2147 distributiones
2225 2078 2695 2169 quotidianae,

406 2217 441 2258 κ
473 2185 757 2280 perinde
800 2207 879 2252 ac
917 2183 978 2251 si
1008 2185 1428 2252 interesset.»

490 2292 770 2373 6⁰Quid
811 2289 893 2357 de
922 2290 1194 2358 surdis?
1205 2326 1295 2340 —-
1319 2287 1467 2357 De
1450 2289 1611 2378 lpsis
1659 2288 1836 2356 idem
1872 2290 2065 2358 tradit
2100 2310 2174 2358 ac
2205 2271 2285 2358 de
2331 2290 2520 2359 caecis
2552 2310 2693 2357 san-

403 2403 545 2469 ctus
569 2395 925 2484 Liguorius
956 2394 1120 2486 (loco
1150 2391 1391 2483 citato).

493 2504 560 2570 70
595 2500 999 2569 Excusantur
1026 2500 1142 2589 qui
1167 2506 1507 2566 morantur
1535 2499 1715 2568 domi
1743 2500 1823 2568 ad
1854 2500 2249 2568 medicinam
2277 2480 2690 2581 sumendam,

404 2612 516 2679 aut
541 2627 777 2675 venam
800 2603 1264 2686 scindendam3
1299 2605 1413 2693 qui
1444 2604 1528 2671 ob
1553 2605 2004 2673 rationabilem
2033 2607 2317 2698 corporis
2345 2605 2693 2672 necessita·

403 2722 532 2785 tem
562 2711 1061 2805 proficiscuntur
1084 2707 1166 2777 ad
1190 2709 1422 2778 balnea
1448 2716 1562 2778 aut
1583 2710 1666 2778 ad
1692 2711 1915 2780 locum
1938 2712 2316 2782 salubrioris
2345 2733 2548 2791 aer1s;
2577 2711 2693 2801 qui

406 2822 488 2890 ab
507 2818 802 2888 hostibus
831 2818 1207 2908 capiuntur,
1236 2822 1349 2885 aut
1381 2817 1724 2939 patiuntur
1754 2820 2077 2909 injustum
2107 2820 2402 2904 exilium,
2439 2824 2555 2886 aut
2590 2818 2694 2886 in-

399 2929 645 3017 justam
690 2925 1124 2993 detentionem
1173 2945 1287 3014 per
1335 2925 1507 3009 vim3
1551 2925 1657 2993 vel
1707 2926 2158 3016 impediuntur
2201 2927 2436 2995 timore
2475 2926 2690 3015 gravis

406 3032 787 3099 nocumenti
807 3032 927 3098 ab
910 3031 1222 3099 mimicis.
1247 3029 1544 3117 (Sanctus
1570 3033 1949 3121 LiguoriuS,
1978 3033 2119 3104 loco
2148 3035 2358 3156 citato.
2366 3031 2498 3123 )1is
2529 3054 2691 3100 om-

411 3133 608 3202 nibus
630 3130 947 3199 debentur
974 3133 1168 3199 etiam
1199 3131 1708 3201 distributiones.

500 3239 568 3306 80
600 3236 770 3317 Quid
807 3236 885 3303 de
925 3236 1185 3304 absente
1223 3235 1307 3303 ob
1335 3242 1585 3303 metum
1636 3238 1829 3327 pestis
1870 3236 1938 3305 in
1979 3237 2121 3308 loco
2168 3236 2572 3329 grassantis?
2609 3274 2698 3289 —-

411 3344 575 3412 Rem
601 3341 872 3409 dubiam
902 3342 1215 3432 relinquit
1256 3347 1519 3410 sanctus
1545 3340 1900 3430 Liguorius
1940 3342 2105 3435 (loco
2151 3344 2391 3436 citato),
2427 3367 2697 3437 praeser·

410 3451 531 3518 tim
560 3445 774 3537 quoad
799 3446 1146 3516 lucrandas
1182 3447 1690 3515 distributiones.
1727 3447 1851 3516 Sed
1891 3448 2242 3520 dicendum
2279 3452 2477 3523 talem
2508 3474 2698 3521 excu-

409 3554 535 3626 sari
558 3559 623 3621 et
635 3550 1120 3622 distributiones
1143 3551 1385 3620 lucrari
1409 3576 1426 3636 ;
1459 3554 1618 3642 quia
1640 3554 1917 3624 dubium
1948 3558 2403 3649 theologorum
2432 3558 2698 3630 diremit

410 3662 561 3734 satis
594 3658 788 3730 Sacra
816 3656 1237 3748 Congregatio
1262 3659 1528 3727 concilii
1554 3659 1621 3750 (9
1651 3682 1802 3730 nov,
1844 3663 2042 3749 1630,
2082 3665 2252 3735 libro
2279 3690 2391 3735 xlv
2418 3667 2699 3735 decreto·

416 3791 596 3852 rum,
629 3786 779 3858 pag.
824 3763 981 3849 337)
1008 3764 1111 3831 his
1144 3763 1357 3834 verbis
1390 3789 1407 3833 z
1447 3767 1804 3837 Canonicis
1833 3792 2034 3838 eausa
2057 3773 2273 3863 pestis
2320 3772 2700 3842 absentibus

414 3872 637 3940 deberi
684 3867 1121 3961 quotidianas
1170 3869 1701 3956 distributiones,
1723 3874 1793 3941 si
1826 3877 2038 3965 pestis
2080 3892 2446 3969 qrassetur,
2479 3891 2547 3946 et
2582 3896 2702 3968 pe-

415 3988 623 4044 tentes
666 3975 857 4043 soliti
903 3976 1046 4043 sint
1090 3974 1433 4060 inservire,
1488 3989 1552 4043 et
1588 3979 1915 4067 probetur
1949 3984 2264 4075 leqitima
2297 3981 2702 4054 consuetudo

413 4079 594 4170 quod
640 4080 1145 4150 distributiones
1196 4079 1586 4172 hujusmodi
1631 4081 1876 4154 dentur
1937 4089 2325 4161 absentibus
2374 4115 2459 4160 ez
2502 4092 2704 4184 justa

414 4204 637 4253 eausa.
705 4185 985 4264 Quando
1041 4199 1269 4257 autem
1314 4185 1577 4255 dicatur
1621 4191 1832 4280 pestis
1875 4198 2192 4284 qrassari,
2243 4211 2321 4266 ut
2369 4198 2468 4265 sit
2501 4198 2704 4289 justa

418 4311 616 4360 eausa
651 4287 992 4372 absentiae,
1019 4292 1291 4382 judicio
1324 4293 1650 4386 Episcopi
1678 4319 1810 4366 esse
1837 4300 2367 4392 relinquendum.

506 4393 993 4468 Advertendum
1020 4400 1273 4473 estnon
1305 4402 1602 4470 sufficere
1622 4409 1693 4472 ut
1715 4407 1906 4496 pestis
1934 4408 2016 4475 sit
2041 4409 2450 4500 aliquatenus
2487 4412 2708 4484 vicina
