2930 4982
377 340 497 396 522
1411 342 1623 388 mnu.

565 466 663 517 tuit
690 467 1031 516 transitorium
1060 478 1151 516 sen
1184 466 1249 515 ad
1279 470 1505 527 tempus,
1532 476 1652 514 eum
1675 464 1850 526 primis
1875 473 2059 522 nempe
2089 472 2336 510 novarum
2358 460 2520 509 eecle-

564 550 753 598 siarum
776 547 1028 608 Episcopis
1051 548 1144 595 aut
1163 557 1343 594 eorum
1376 544 1620 607 proximis
1655 540 2023 591 successoribus
2049 538 2442 601 extinguendum
2465 541 2518 589 et

565 628 841 675 extinctum
867 655 2506 676 .....................................................

375 711 579 763 CAPUT
614 711 673 760 V.
707 711 773 760 De
796 714 914 773 jure
948 712 1158 775 capituli
1189 711 1355 774 quoad
1392 710 1646 774 synodum
1674 711 1726 757 et
1757 706 2015 769 synodalia
2042 711 2238 755 statuta
2246 743 2507 757 .........

375 799 571 850 CAPUT
611 799 692 848 VI.
732 798 960 848 Potestas
977 798 1186 862 capituli
1207 797 1372 860 quoad
1397 796 1614 859 poenalia
1625 830 2510 846 .............................

375 887 582 937 CAPUT
618 885 726 935 vii.
751 885 820 935 De
836 888 952 947 jure
977 879 1210 949 capitulis
1230 886 1431 949 proprio
1455 897 1566 934 sese
1589 881 1923 946 congregandi
1945 881 2135 943 absque
2158 881 2360 931 licentia
2384 880 2519 944 Epis-

435 968 567 1029 copi,
599 968 652 1015 et
673 979 772 1028 quo
796 978 916 1015 casu
939 967 1273 1029 exceptionali
1301 965 1433 1015 idem
1461 968 1548 1026 jus
1575 964 1683 1013 aliis
1707 963 1770 1012 de
1797 963 1932 1012 clero
1957 964 2213 1023 competat
2222 998 2510 1012 ..........

438 1046 471 1109 ἓ
505 1049 547 1097 i.
586 1046 662 1094 An
686 1044 909 1109 capitula
935 1048 1020 1107 jus
1050 1044 1275 1095 habeant
1298 1057 1407 1095 sese
1431 1043 1770 1106 congregandi
1799 1042 1990 1103 absque
2019 1041 2223 1090 licentia
2255 1040 2522 1105 Episcopi?

441 1125 472 1187 ἓ
506 1128 552 1175 2.
589 1123 787 1186 Reliqui
816 1124 879 1174 de
906 1124 1038 1175 clero
1068 1124 1366 1187 regulariter
1391 1137 1495 1173 non
1525 1123 1714 1172 babent
1730 1125 1816 1183 jus
1840 1133 1950 1172 sese
1971 1120 2308 1185 congregandi
2334 1120 2523 1184 absque

504 1201 708 1252 licentia
736 1201 965 1264 Episcopi
976 1234 2513 1253 ..................................................

444 1280 473 1343 ς
507 1284 552 1331 3.
590 1280 748 1331 Casus
776 1280 1133 1344 exceptionalis
1166 1294 1266 1342 quo
1297 1280 1383 1330 alii
1413 1280 1477 1329 de
1504 1279 1638 1330 clero
1671 1283 1855 1343 praeter
1880 1277 2156 1342 capitulum
2181 1282 2394 1339 possunt
2414 1290 2525 1328 sese

506 1371 807 1421 congregare
836 1361 945 1409 sine
972 1359 1175 1408 lieentia
1201 1358 1429 1422 EpIscopi
1440 1393 2515 1409 ...................................

381 1447 587 1498 CAPUT
622 1446 749 1496 viil.
782 1446 806 1495 J
814 1461 871 1496 us
892 1447 1353 1497 administrativum
1379 1446 1589 1510 capituli
1609 1448 1741 1495 circa
1760 1444 1891 1493 bona
1909 1444 1975 1493 ad
1996 1444 2314 1494 beneficiatos
2337 1457 2429 1494 seu
2449 1458 2529 1495 ca·

445 1526 671 1590 pellanos
702 1526 1007 1576 cathedralis
1034 1529 1316 1590 spectantia
1338 1561 2518 1577 ......................................

382 1613 590 1663 CAPUT
626 1614 708 1663 lx.
746 1613 815 1662 De
850 1614 967 1673 jure
999 1616 1051 1662 et
1093 1612 1252 1663 officio
1297 1612 1508 1675 capituli
1547 1611 1854 1661 admonendi
1891 1610 2194 1673 Episcopum
2236 1614 2279 1661 si
2323 1611 2525 1673 quando

445 1692 574 1742 forte
598 1704 629 1741 a
653 1696 790 1742 recto
821 1694 1025 1742 tramite
1049 1691 1307 1742 aberraret
1314 1727 2518 1742 .......................................

445 1771 475 1834 ἓ
515 1776 557 1822 1.
595 1771 861 1833 Quomodo
880 1775 1027 1831 juxta
1052 1770 1331 1818 doctrinam
1361 1768 1663 1818 catholicam
1687 1768 1954 1830 procedere
1978 1770 2135 1832 possit
2154 1774 2206 1818 et
2223 1768 2403 1819 debeat
2421 1782 2527 1819 cor·

505 1852 659 1900 rectio
693 1850 757 1898 ab
790 1849 1014 1898 interiori
1041 1848 1105 1897 ad
1134 1851 1445 1911 superiorem
1465 1886 2517 1902 ..................................

445 1929 476 1992 ἓ
508 1931 556 1978 2.
593 1929 725 1991 Quid
747 1928 1050 1991 particulare
1078 1927 1300 1991 capitulo
1325 1928 1590 1978 incumbat
1614 1927 1781 1991 quoad
1802 1928 2022 1978 officium
2050 1930 2319 1979 caritativae
2344 1930 2528 1979 admo-

508 2011 716 2059 nitionis
752 2020 869 2070 erga
902 2008 1202 2071 Episcopum
1214 2046 2519 2061 ..........................................

386 2097 591 2148 CAPUT
623 2097 682 2147 X.
717 2096 808 2166 Ius
841 2095 1046 2158 capituli
1076 2096 1246 2159 quoad
1278 2099 1610 2146 seminarium
1630 2132 2241 2149 ....................
2254 2123 2260 2127 -
2260 2134 2520 2149 .........

448 2177 478 2240 ἓ
515 2185 556 2227 i.
593 2178 740 2239 Legis
758 2175 1066 2226 Tridentinae
1090 2179 1262 2226 textus
1285 2177 1587 2239 expenditur
1596 2213 2518 2228 ..............................

448 2257 479 2319 5
513 2260 559 2306 2.
598 2256 667 2306 De
706 2257 1059 2305 commissione
1096 2254 1457 2318 deputatorum
1497 2267 1587 2318 pro
1626 2254 2065 2304 administratione
2101 2254 2349 2317 spirituali
2378 2257 2528 2303 semi-

509 2337 638 2384 narii
648 2371 2516 2388 ............................................................

2583 622 2673 670 400

2583 709 2674 757 400

2584 797 2675 845 405

2582 964 2670 1012 408

2583 1043 2670 1090 409

2584 1202 2669 1251 413

2584 1359 2682 1409 415⁴

2585 1527 2668 1575 416

2588 1694 2667 1741 417

2587 1852 2665 1898 417

2588 2011 2670 2058 423

2587 2098 2671 2146 423

2588 2177 2669 2226 424

2587 2334 2666 2383 427

511 2415 546 2463 1.
584 2414 774 2463 Electio
803 2414 1018 2463 duorum
1043 2413 1403 2478 deputatorum
1427 2427 1517 2477 pro
1545 2414 1983 2464 administratione
2004 2415 2253 2478 spirituali
2277 2414 2343 2463 ad
2362 2413 2527 2463 solum
2578 2447 2587 2456 ·

574 2493 878 2558 Episcopum
902 2497 1122 2557 pertinet
1130 2530 2517 2547 .............................................

513 2573 575 2622 ll.
607 2574 714 2622 Duo
739 2574 967 2636 deputati
991 2588 1081 2636 pro
1103 2574 1541 2625 administratione
1566 2575 1834 2638 spirituali,
1863 2576 2038 2624 statim
2063 2586 2122 2623 ac
2148 2573 2293 2623 electi
2319 2573 2528 2624 fuerunt

573 2652 635 2701 ab
658 2652 921 2714 Episcopo,
943 2655 1177 2715 perpetui
1202 2657 1345 2715 sunt,
1366 2659 1416 2703 et
1434 2667 1540 2704 non
1563 2655 1627 2704 ad
1650 2654 1855 2703 libitum
1875 2654 2106 2718 Episcopi
2133 2653 2450 2704 revocabiles.
2469 2692 2482 2704 .
2501 2692 2515 2706 .

513 2729 600 2781 111.
634 2728 850 2780 Omnino
873 2734 1078 2780 tenetur
1100 2730 1373 2793 Episcopus
1396 2731 1458 2780 de
1480 2735 1595 2792 jure
1620 2733 1907 2792 communi,
1931 2734 2292 2782 commissionis
2319 2744 2409 2794 pro
2437 2731 2523 2781 ad·

576 2811 946 2859 ministratione
970 2809 1218 2872 spirituali
1242 2810 1506 2860 consilium
1539 2813 1798 2873 requirere
1826 2813 1878 2859 in
1903 2812 1964 2860 iis
1992 2825 2106 2875 quae
2133 2811 2197 2860 ad
2223 2811 2352 2860 hanc
2379 2823 2526 2860 com-

577 2891 874 2939 missionem
908 2890 1160 2951 spectant.
1187 2926 2519 2942 ...........................................

514 2968 595 3017 lV.
632 2968 905 3031 Episcopus
938 2980 1116 3017 eorum
1148 2969 1413 3018 eonsilium
1445 2970 1589 3030 sequi
1618 2981 1722 3018 non
1755 2972 1961 3018 tenetur
1974 3006 2518 3021 ..................

514 3046 574 3096 V.
611 3046 851 3108 Quaenam
879 3051 1168 3109 pertineant
1186 3048 1253 3098 ad
1273 3050 1679 3099 commissionem
1709 3061 1801 3111 pro
1826 3047 2263 3098 administratione
2285 3049 2532 3112 spirituali

579 3128 904 3177 institutam?
913 3165 2517 3181 ....................................................

519 3205 597 3255 VI.
632 3206 877 3257 Absentes
905 3219 936 3255 a
963 3206 1116 3257 choro
1139 3207 1204 3256 ad
1231 3207 1525 3257 obeundum
1561 3220 1751 3257 munus
1779 3207 1903 3257 illud
1926 3220 2030 3257 non
2059 3209 2324 3269 privantur
2355 3208 2527 3258 distri-

578 3285 870 3335 butionibus
880 3323 1802 3339 ..............................
1809 3312 1824 3315 4
1822 3324 2520 3339 .......................

455 3363 485 3425 ἓ
520 3366 568 3413 3.
602 3366 672 3412 De
712 3366 1063 3416 commissione
1101 3367 1463 3428 deputatorum
1499 3379 1591 3430 pro
1620 3366 2054 3417 administratione
2089 3367 2360 3428 temporali
2381 3369 2531 3418 semi-

515 3443 644 3491 narii
656 3479 2521 3499 ............................................................

515 3522 558 3597 1.
587 3520 662 3569 Ad
691 3533 816 3582 quos
844 3522 1093 3582 pertineat
1114 3521 1290 3571 electio
1309 3522 1671 3585 deputatorum
1696 3537 1787 3586 pro
1808 3524 2239 3574 administratione
2267 3527 2532 3590 temporali

581 3600 868 3651 seminarii?
876 3636 2521 3656 .....................................................

517 3681 582 3731 11.
620 3679 783 3729 Semel
806 3679 971 3736 electi,
1000 3683 1122 3728 sunt
1149 3680 1497 3731 inamovibiles
1505 3718 2523 3736 .................................

516 3759 602 3809 111.
634 3758 712 3808 Ita
742 3759 945 3807 tenetur
981 3754 1258 3821 Episcopus
1284 3761 1539 3820 requirere
1570 3758 1839 3808 consilium
1876 3760 2031 3821 hujus
2062 3762 2446 3824 commissionis,
2473 3767 2534 3812 ut

582 3841 694 3889 acta
713 3839 902 3900 absque
924 3836 1023 3886 hoc
1044 3837 1252 3887 consino
1271 3839 1374 3887 sint
1399 3840 1541 3887 irrita
1544 3872 2521 3893 ................................

517 3916 595 3966 lV.
629 3917 900 3980 Episcopus
919 3929 1021 3965 non
1042 3919 1244 3965 tenetur
1267 3917 1414 3978 sequi
1432 3916 1700 3966 eonsilium
1719 3916 2081 3980 deputatorum
2096 3931 2195 3980 pro
2217 3918 2534 3968 administra·

579 3998 716 4045 tione
747 3997 1010 4058 temporali
1038 3996 1295 4044 seminarii
1318 4032 2522 4053 .......................................

518 4069 575 4118 V.
614 4069 946 4123 Determinari
982 4077 1197 4136 possunt
1238 4077 1462 4124 materiae
1500 4074 1633 4124 hane
1673 4079 2081 4127 commissionem
2123 4080 2412 4141 spectantes
2435 4076 2532 4127 hoc

579 4148 731 4197 modo
758 4166 771 4195 ε
793 4156 1000 4215 excepta
1021 4155 1280 4205 exactione
1301 4158 1449 4216 taxae,
1478 4154 1752 4218 Episcopus
1781 4159 1985 4206 tenetur
2004 4157 2140 4207 illius
2166 4158 2433 4207 consilium
2456 4169 2533 4205 re-

582 4227 781 4292 quirere
808 4229 862 4275 in
887 4233 994 4280 tota
1030 4232 1467 4285 administratione
1500 4236 1762 4299 temporali
1794 4238 2072 4297 seminarii,
2104 4240 2262 4287 etiam
2297 4240 2351 4287 in
2379 4237 2531 4299 depu-

581 4303 751 4355 tandis
783 4307 971 4354 rectore
995 4314 1047 4357 et
1069 4308 1378 4374 officialibus,
1404 4318 1456 4364 et
1479 4317 1532 4364 in
1555 4315 1838 4378 recipienda
1865 4316 2060 4366 ratione
2083 4315 2533 4366 administrationis

586 4383 860 4448 quotannis
886 4381 1140 4434 reddenda
1163 4425 1861 4447 .......................
1865 4446 1870 4449 Α
1882 4428 2525 4448 ....................

2588 2496 2671 2543 427

2587 2655 2669 2704 427

2590 2891 2672 2939 428

2590 2971 2673 3018 429

2590 3129 2672 3177 430

2588 3288 2672 3336 433

2591 3448 2673 3498 433

2592 3607 2675 3654 433

2593 3686 2676 3734 435

2592 3840 2675 3889 436

2593 3998 2676 4046 437

2597 4392 2677 4441 437
