2930 4982
361 303 486 360 392
1325 313 1668 359 internus

356 432 670 502 Praesules
700 454 830 500 non
858 431 983 522 ipsi
1006 437 1238 500 statuta
1267 432 1700 500 condiderunt
1726 439 1789 499 et
1811 433 2141 500 canonicis
2169 431 2643 522 imposuerunt.

356 539 501 609 Non
525 540 700 606 enim
745 538 1100 628 potuissent
1134 560 1210 606 ea
1247 540 1591 606 decernere
1625 560 1774 628 quae
1811 539 1924 628 jus
1949 558 2303 606 commune
2329 538 2649 607 exclusive

356 645 655 737 capitulis
686 643 1025 711 statuenda
1053 645 1371 735 permisit.

444 752 820 819 Pnorosmo
858 749 991 816 10⁶.
1019 787 1111 800 —
1141 750 1254 818 Ad
1278 749 1531 818 eosdem
1554 749 1857 841 pertinet
1893 760 2309 817 statutorum
2343 751 2652 818 correctio

352 870 416 925 et
451 856 740 923 mutatio
789 854 883 922 ad
917 877 1078 940 quos
1105 856 1446 945 pertinuit
1485 855 1563 923 de
1589 856 1751 945 jure
1787 854 2129 922 communi
2167 854 2507 944 confectio.
2557 895 2653 908 —

350 959 445 1029 Ea
491 961 739 1029 scilicet
785 983 931 1051 quae
973 963 1334 1051 capitulum
1384 963 1595 1052 potuit
1638 962 1880 1050 absque
1923 960 2229 1051 Episcopi
2280 961 2652 1029 auctoritate

353 1074 657 1151 statuere,
681 1090 717 1135 a
746 1068 1028 1157 capitulo
1054 1068 1188 1135 solo
1216 1073 1409 1135 erunt
1437 1066 1819 1155 corrigenda
1836 1072 1904 1151 et
1926 1066 2364 1134 immutanda.
2393 1067 2481 1134 Ea
2502 1089 2648 1156 quae

352 1173 710 1265 Episcopus
740 1174 947 1263 potuit
967 1174 1206 1262 absque
1231 1194 1547 1241 consensu
1576 1171 1847 1262 capituli
1876 1166 2251 1261 injungere‚‘
2283 1177 2587 1262 poterunt
2610 1194 2646 1241 a

353 1280 488 1348 solo
533 1279 851 1369 Episcopo
887 1278 1188 1367 abrogari
1225 1286 1287 1347 et
1320 1278 1584 1368 corrigi.
1629 1277 1720 1346 Ea
1757 1300 1911 1345 vero
1939 1299 2086 1367 quae
2124 1277 2462 1366 utriusque
2499 1299 2649 1345 con·

352 1405 542 1453 sensu
574 1384 941 1453 debuerunt
965 1384 1093 1468 edi,
1126 1407 1259 1453 non
1282 1390 1589 1475 poterunt
1615 1384 1743 1451 nisi
1763 1407 1839 1452 ex
1860 1384 2205 1472 utriusque
2233 1383 2646 1452 consensione

352 1493 488 1581 pati
515 1492 1065 1559 reformationem.

443 1595 826 1665 Pnorosmo
861 1598 990 1665 11⁸.
1025 1637 1116 1649 —
1152 1597 1418 1665 Videtur
1428 1608 1838 1686 potestatem
1869 1594 2195 1663 condendi
2215 1607 2469 1663 statuta
2493 1619 2644 1685 quoe

356 1704 675 1792 capitulis
716 1703 1031 1793 competit
1071 1726 1200 1771 esse
1226 1703 1714 1794 jurisdictionis
1753 1703 2032 1794 proprie
2086 1701 2315 1784 dictoe,
2367 1703 2512 1770 licet
2549 1701 2647 1770 ad

357 1808 609 1875 leviora
647 1808 955 1898 quoea’am
996 1811 1336 1878 restrictoe.
1374 1846 1465 1861 —·
1492 1810 1801 1879 Vidimus
1828 1811 1898 1876 in
1925 1809 2314 1900 praecedenti
2352 1831 2645 1900 paragra-

356 1914 488 2004 pho
510 1916 896 1983 sententiam
926 1915 1109 1983 illam
1140 1937 1177 1983 a
1205 1915 1503 1984 Suaresio
1530 1916 1821 1983 habitam
1851 1914 2047 1983 fuisse
2081 1920 2425 2004 tamquam
2450 1914 2631 1982 valde

354 2021 777 2111 probabilem
796 2042 827 2104 ;
853 2026 1212 2112 oppositam
1237 2029 1454 2090 autem
1486 2028 1822 2111 tamquam
1860 2027 1956 2090 sat
1984 2022 2417 2112 probabilem.
2452 2021 2631 2089 Porro

359 2126 533 2215 quod
561 2126 862 2194 Suarezio
889 2127 1083 2195 valde
1098 2128 1448 2219 probabile
1481 2128 1714 2214 fuerat,
1755 2133 2068 2217 tanquam
2096 2127 2371 2192 omnino
2403 2129 2641 2220 certum

359 2231 590 2298 babuit
616 2232 816 2301 Rota:
851 2238 945 2301 De
973 2234 1132 2324 jure
1168 2235 1510 2303 communi
1532 2244 1831 2325 potestas
1854 2231 2116 2323 ferendi
2159 2232 2336 2321 leqes
2367 2253 2488 2299 seu
2521 2241 2645 2297 sta-

363 2348 518 2405 tuta
559 2339 907 2420 condendi,
946 2363 1142 2431 super
1178 2341 1370 2408 rebus
1403 2351 1468 2407 et
1507 2338 1792 2430 neqotiis
1820 2336 1912 2405 ad
1938 2336 2282 2405 ecclesiam
2319 2336 2647 2426 pertinen-

363 2442 543 2511 tibus
583 2457 646 2512 et
672 2467 806 2536 pro
844 2446 1051 2536 ipsius
1096 2447 1467 2537 tranquillo
1498 2445 1846 2536 reqimine,
1894 2443 2134 2512 residet
2149 2465 2358 2535 penes
2393 2443 2645 2534 capitu·-

361 2546 503 2614 lum
513 2568 543 2629 ,·
592 2550 718 2628 cui,
780 2561 1128 2638 tamquam
1158 2552 1421 2643 corpori
1465 2551 1772 2641 mystico,
1824 2550 2183 2639 Pontifices
2233 2551 2640 2617 contulerunt

354 2650 967 2742 jurisdictionem...
1010 2667 1089 2720 ut
1131 2655 1286 2722 bene
1323 2654 1581 2723 disserit
1622 2658 1903 2728 Suarez.
1954 2656 2074 2745 (De
2121 2654 2379 2745 leqibu3‚
2444 2652 2492 2719 l.
2543 2674 2626 2735 w,

363 2782 423 2827 c.
458 2758 527 2845 6,
553 2781 621 2826 n.
656 2759 729 2825 11
768 2763 831 2825 et
864 2758 1002 2846 12.)

452 2870 829 2933 Pnoposmo
858 2865 989 2932 12³.
1021 2904 1112 2915 —
1134 2867 1414 2934 Statuta
1440 2892 1484 2935 a
1507 2868 1646 2935 solo
1674 2868 1975 2959 capitulo
2007 2868 2308 2959 leqitime
2330 2868 2636 2958 confecta,

363 2982 428 3037 et
450 2993 493 3037 a
523 2971 799 3059 fortiori
829 2971 891 3039 si
924 2972 1007 3039 ab
1031 2972 1357 3063 Episcopo
1385 2973 1494 3041 vel
1528 2997 1571 3041 a
1604 2974 1768 3043 Sede
1802 2975 1852 3040 A
1853 2974 2192 3065 postolica
2223 2974 2486 3063 fuerint
2522 2994 2641 3063 ap-

358 3077 677 3168 probata,
703 3078 1008 3168 obliqant
1028 3079 1329 3169 sinqulos
1350 3082 1772 3172 capitulareS,
1796 3082 2000 3148 etiam
2015 3101 2404 3147 successores
2428 3096 2641 3145 eorum

362 3183 483 3272 qui
517 3195 855 3270 statutum
899 3184 1356 3255 condiderunt.
1401 3226 1492 3237 —
1541 3213 1576 3252 «
1621 3186 1937 3256 Canonici
1991 3188 2064 3253 in
2115 3186 2396 3254 comitiis
2451 3181 2643 3252 coacti

361 3289 747 3355 contrariam
814 3288 1094 3379 antiquae
1154 3292 1605 3360 consuetudini
1663 3291 2184 3381 subscripserunt
2247 3290 2513 3378 legem3
2579 3305 2642 3353 ac

362 3396 694 3480 propterea
728 3414 931 3479 nunc,
978 3390 1180 3463 velint
1205 3397 1442 3477 nolint,
1476 3398 1686 3465 eidem
1719 3420 1946 3487 parere
1987 3398 2519 3485 obstringuntur,
2561 3394 2642 3463 si-

360 3497 630 3588 quidem
668 3500 1152 3571 constitutiones
1193 3510 1253 3571 et
1299 3508 1532 3571 statuta
1579 3504 1836 3591 collegii
1883 3504 2206 3595 peculiare
2248 3502 2643 3570 constituunt

356 3606 466 3697 jus
493 3605 575 3674 ab
603 3607 908 3680 omnibus
943 3608 1022 3676 de
1058 3611 1305 3697 gremio
1333 3610 1626 3700 ejusdem
1660 3611 1916 3699 collegii
1946 3609 2406 3678 inviolabiliter
2432 3610 2641 3677 obser-

360 3714 673 3782 vandum.
713 3739 748 3780 >³
802 3713 1211 3804 (Thesaurus
1250 3716 1738 3784 resolutionum
1776 3716 2310 3806 Congregationis
2357 3713 2638 3796 concilii,

358 3824 536 3888 tomo
554 3822 711 3889 anni
735 3820 930 3904 1829,
956 3843 1104 3911 pag.
1133 3821 1320 3911 200.)
1347 3822 1595 3891 Ibidem
1619 3826 1901 3892 citantur
1924 3825 2069 3891 duae
2097 3822 2273 3890 Rotae
2293 3819 2644 3888 decisiones

358 3922 430 3991 in
455 3930 762 3996 eumdem
794 3949 1082 4007 sensum,
1116 3950 1348 4018 nempe
1380 3930 1455 3995 in
1493 3930 1968 4019 Neapolitana,
2013 3930 2054 3997 9
2081 3928 2417 4020 februarii
2449 3925 2639 4010 1753,

362 4047 583 4093 coram
620 4036 813 4102 Bussi
832 4085 851 4122 ,
892 4042 954 4101 et
997 4034 1069 4106 in
1109 4034 1626 4120 Barcinonensi‚
1681 4037 1760 4104 21
1797 4036 2117 4127 januarii
2160 4036 2373 4122 1752,
2426 4053 2642 4103 coram

366 4132 734 4203 Camilliac.

351 4269 374 4292 ι
457 4262 491 4302 «
517 4235 844 4307 Statutum
874 4264 1180 4333 namque,
1217 4248 1415 4316 veluti
1446 4249 1693 4339 privata
1715 4248 1837 4332 lex,
1872 4248 2048 4317 venit
2074 4269 2328 4337 semper
2352 4248 2640 4336 religiose

366 4344 800 4415 «servandum
826 4367 944 4437 per
972 4370 1419 4442 quoscumque
1438 4356 1516 4423 de
1535 4345 1781 4444 gremio
1809 4356 2063 4446 collegii
2085 4356 2181 4423 vel
2201 4354 2470 4445 capituli
2487 4352 2638 4422 exis·
2745 4352 2754 4364 ’
