2930 4982
1162 358 1241 402 nn
1286 357 1607 405 enimus.
2388 349 2511 404 473

1314 599 1429 679 §3

587 772 656 812 DE
682 771 1057 813 PRAECEDENTIA
1085 771 1344 812 RELATIVE
1383 771 1453 810 Ab
1488 769 1749 811 VICARIUM
1789 771 2151 813 CAPITULARBM

312 942 616 1013 Vicarius
668 947 799 1010 tam
855 941 1223 1033 capitularis
1266 962 1464 1031 quam
1527 941 1871 1031 generalis,
1932 939 2158 1029 nequit
2210 963 2512 1032 peragere

228 1050 590 1119 functiones
630 1071 776 1139 quae
804 1050 1064 1117 absente
1086 1048 1406 1140 Episcopo
1440 1049 1766 1139 pertinent
1789 1049 1871 1116 ad
1898 1048 2184 1139 primam
2234 1047 2512 1136 dignita-

224 1163 354 1227 tem
382 1154 1254 1249 (188-335-464-548-555).

308 1261 614 1331 Vicarius
637 1260 1003 1353 capitularis
1028 1261 1526 1352 praecedentiam
1550 1260 1745 1330 habet
1773 1282 1971 1353 supra
1993 1280 2220 1329 omnes
2243 1266 2385 1351 post
2412 1260 2512 1328 di-

221 1369 483 1458 gniores
511 1370 590 1437 de
620 1369 941 1460 capitulo:
976 1370 1192 1437 sedere
1215 1368 1488 1461 proinde
1529 1367 1717 1436 debet
1754 1374 1896 1459 post
1935 1366 2294 1457 Dignitates
2318 1367 2508 1458 (866-

220 1474 1051 1566 910-1810-2256-2861).
1808 1526 1814 1537 ,

304 1580 379 1650 Si
408 1586 500 1649 est
522 1582 897 1664 canonicm,
930 1580 1146 1648 sedere
1174 1578 1360 1647 debet
1387 1580 1458 1646 in
1489 1600 1608 1647 suo
1646 1579 1830 1646 stallo
1857 1582 2177 1668 quatenus
2202 1575 2332 1644 frui
2360 1577 2514 1646 velit

218 1686 778 1755 distributionibus
811 1686 1065 1778 (1484),
1097 1691 1160 1754 et
1176 1690 1337 1754 tunc
1357 1684 1617 1753 nullam
1644 1683 1884 1752 habere
1912 1688 2116 1774 potest
2136 1684 2509 1774 praeceden-

216 1792 377 1861 tiam
406 1790 663 1882 (2265).

304 1897 383 1965 ln
421 1897 940 1988 processionibus
969 1897 1157 1964 debet
1186 1897 1485 1965 incedere
1517 1918 1554 1964 a
1582 1894 1860 1964 sinistris
1882 1894 2228 1985 Dignitatis
2256 1916 2508 1985 reprae-

214 2006 524 2073 sentantis
550 2004 914 2096 capitulum
946 2003 1173 2096 (1730)
1192 2029 1208 2087 ;
1231 2004 1319 2071 ita
1341 2010 1417 2071 ut
1435 2006 1769 2072 censeatur
1790 2002 2061 2071 inferior
2080 2007 2211 2070 toto
2237 2024 2504 2094 corpore

212 2111 508 2200 capituli.
1544 2131 1549 2134 ’

305 2213 549 2303 Nequit
569 2217 640 2283 in
670 2213 1187 2305 expeditionibus
1214 2213 1310 2282 uti
1340 2212 1604 2305 proprio
1643 2213 1883 2304 sigillo,
1918 2216 2026 2283 sed
2060 2215 2364 2285 adhibere
2397 2215 2506 2284 de-

211 2314 326 2383 bet
348 2317 635 2407 sigillum
676 2318 943 2410 capituli
976 2317 1227 2407 (3656).

1283 2577 1410 2658 §4

868 2744 934 2783 DE
970 2744 1352 2784 PRAECEDEN'DA
1381 2746 1561 2792 QUOAD
1598 2744 1851 2785 SYNODtm

299 2902 616 2971 Canonici
642 2906 1152 2996 metropolitanae
1193 2911 1464 2997 possunt
1493 2906 1564 2973 in
1600 2907 1845 2996 synodo
1886 2906 2103 2975 sedere
2142 2905 2214 2973 in
2239 2926 2501 2976 scamno

204 3009 496 3077 duorum
514 3010 864 3098 graduum,
884 3012 1241 3080 dummodo
1261 3013 1440 3081 sedes
1463 3012 2050 3104 Archiepiscopalis
2067 3013 2151 3082 sit
2167 3012 2493 3082 elevatior.

206 3114 295 3203 (S.
332 3113 654 3206 Congreg.
690 3118 965 3201 rituum,
991 3119 1165 3209 apud
1179 3117 1565 3206 Gardellini‚
1597 3140 1666 3187 n.
1699 3118 1931 3209 2400.)
1959 3118 2035 3186 In
2057 3118 2335 3188 sedendo
2363 3141 2500 3188 ser-

204 3242 356 3290 vare
386 3222 620 3291 debent
664 3222 941 3292 formam
972 3223 1439 3293 caeremonialis
1471 3223 1708 3316 (ibid.).
1750 3225 1825 3293 In
1863 3247 2053 3294 causa
2087 3217 2490 3310 Novariensi‚

205 3326 245 3396 8
287 3330 445 3398 maii
479 3329 679 3418 1700,
728 3332 1069 3422 propositis
1117 3330 1284 3399 inter
1311 3330 1438 3399 alia
1483 3332 1903 3421 sequentibus
1930 3331 2188 3401 dubiis:
2229 3358 2263 3398 «
2291 3334 2354 3400 1⁰
2383 3333 2493 3401 An

211 3460 243 3501 «
270 3436 341 3503 in
372 3437 669 3526 proxime
715 3437 1012 3506 habenda
1063 3436 1308 3526 synodo
1338 3437 1727 3523 dioecesana,
1790 3438 2151 3530 capitulum
2190 3444 2252 3508 et
2276 3438 2489 3508 clerus

209 3566 243 3607 «
272 3542 564 3611 ecclesiae
604 3543 986 3613 cathedralis
1031 3545 1249 3613 sedere
1302 3543 1579 3613 debeant
1617 3545 1786 3614 intra
1828 3545 2302 3636 presbyterium
2328 3546 2489 3614 hinc

210 3673 241 3712 «
267 3650 425 3719 inde
444 3672 483 3717 a
510 3649 819 3719 lateribus
841 3649 1169 3742 Episcopi,
1201 3652 1302 3719 vel
1333 3656 1509 3719 extra
1542 3643 2016 3742 presbyterium
2041 3657 2190 3720 ante
2217 3650 2486 3742 Episco-

207 3777 240 3819 «
262 3778 429 3847 pum
458 3756 528 3823 in
557 3755 764 3824 forma
799 3756 1246 3825 semicirculi?
1288 3757 1357 3824 2⁰
1382 3756 1713 3838 Quatenus
1753 3758 1972 3828 sedere
2012 3757 2288 3826 debeant
2315 3756 2480 3826 intra

208 3883 240 3922 α
266 3859 741 3949 presbyterium
766 3861 1100 3930 hincinde
1122 3883 1160 3929 a
1180 3861 1493 3931 lateribus
1523 3862 1855 3956 Episcopi,
1880 3885 1966 3931 an
1994 3861 2237 3931 ibidem
2261 3861 2479 3931 sedere

209 3965 539 4035 «debeant
563 3968 757 4035 etiam
794 3967 1088 4036 canonici
1120 3967 1476 4058 collegiatae
1513 3970 1724 4038 sancti
1748 3968 2100 4039 Gaudentii
2137 3972 2279 4061 post
2300 3961 2480 4060 terga

208 4093 241 4135 «
276 4074 742 4143 canonicorum
769 4070 1193 4142 cathedralis?
1218 4072 1285 4143 3⁰
1305 4073 1638 4155 Quatenus
1661 4074 1860 4145 iidem
1879 4076 2173 4146 canonici
2195 4073 2476 4145 ecclesiae

209 4178 645 4249 «cathedralis
671 4180 886 4249 sedere
909 4179 1184 4249 debeant
1202 4184 1376 4248 extra
1404 4182 1880 4271 presbyterium
1906 4188 2052 4250 ante
2080 4181 2474 4274 Episcopum

204 4306 238 4345 κ
273 4283 581 4353 informa
630 4285 1047 4374 semicirculi,
1077 4306 1163 4355 an
1205 4285 1485 4375 intelligi
1527 4287 1754 4356 debeat
1775 4287 1857 4356 de
1893 4289 2300 4358 semicirculo
2326 4305 2472 4373 per-

205 4411 240 4453 «
263 4388 424 4462 fecto
442 4396 506 4463 et
525 4392 837 4484 rigoroso,
866 4414 950 4462 an
969 4414 1124 4468 vero
1147 4391 1544 4464 satisfactum
1563 4398 1899 4466 censeatur
1921 4390 2324 4487 dispositioni
2350 4406 2472 4456 cae·
