2930 4982
336 294 462 350 582
1300 301 1649 350 ‘raAcu'rus

332 422 415 491 tis
446 424 526 490 ad
556 420 911 511 capitutum
944 420 1294 509 pertinent.
1324 419 1538 502 Unde,
1569 422 1731 487 dum
1764 420 1832 486 in
1863 419 2028 503 aliis,
2059 442 2209 508 quae
2239 420 2318 486 de
2350 418 2619 508 capituli

332 534 635 620 potestate
659 527 962 608 dicimus,
986 526 1066 592 de
1092 526 1333 593 vicario
1351 528 1543 594 etiam
1580 526 1945 617 capitulari,
1977 527 2192 592 statim
2214 548 2289 593 ac
2311 526 2624 592 constitu-

334 641 438 703 tus
460 636 608 714 fuit,
639 632 1059 720 intelligenda
1083 632 1379 714 veniunt,
1411 633 1520 701 hic
1549 632 1950 700 contrarium
1975 631 2479 721 intelligendum
2499 638 2618 699 est.

1417 916 1531 994 §3

334 1092 405 1130 AN
444 1092 510 1130 m·
546 1090 799 1137 Quouono
856 1088 1029 1127 Possm·
1055 1089 1392 1142 ,mmmmm
1433 1089 1531 1127 SEU
1571 1089 1754 1127 POTIUS
1792 1088 2037 1126 VICARIUS
2089 1087 2456 1139 CAPiTULARlS,
2496 1088 2626 1126 SEDE

404 1188 683 1242 vACANTE,
735 1186 1013 1225 DEPUTARE
1065 1186 1325 1226 vchmnn
1379 1186 1501 1224 SIVE
1555 1185 1866 1225 OEcoNonUu
1906 1185 1996 1229 0131
2039 1183 2306 1222 VACANTIA
2343 1183 2628 1223 BENEFICIA

404 1284 758 1324 Anmmswm·

425 1462 475 1532 1.
526 1463 715 1532 Certa
749 1471 844 1532 est
875 1463 1097 1551 regula
1135 1459 1481 1550 generalis,
1513 1481 1697 1551 posse
1726 1459 2113 1550 capitulum,
2150 1458 2302 1546 'sede
2337 1466 2623 1542 vacante,

338 1569 725 1637 constituere
749 1568 1073 1636 vicarium
1099 1589 1213 1634 seu
1242 1587 1661 1634 oeconomum
1692 1565 1807 1653 qui
1831 1585 2065 1636 vacans
2093 1562 2486 1634 beneficium
2514 1565 2624 1631 in-

341 1675 527 1742 terim
559 1673 990 1748 administret.
1026 1699 1059 1739 «
1086 1671 1460 1762 Respondeo
1494 1671 1563 1737 in
1596 1692 1829 1758 genere
1861 1668 1974 1762 (ait
2003 1669 2389 1749 LeureniuS,
2413 1667 2616 1736 Tract.

349 1804 383 1842 ι(
417 1782 516 1845 De
533 1778 857 1868 capitula,
883 1776 1030 1844 sede
1057 1800 1228 1856 vae„
1257 1782 1484 1865 quaest.
1516 1775 1699 1866 532),
1734 1798 1917 1867 posse
1937 1776 2323 1866 capitulum,
2357 1776 2503 1843 sede
2528 1797 2634 1842 va·

349 1908 385 1948 ι(
416 1888 627 1969 cante,
671 1885 961 1950 vacantia
1006 1883 1342 1966 beneficia,
1399 1884 1596 1951 etiam
1655 1905 1803 1972 quae
1844 1881 2138 1950 conferre
2191 1882 2503 1950 attinebat
2557 1882 2634 1948 ad

353 1987 839 2081 «Episcopum,
892 1990 1348 2058 commendare
1389 1990 1472 2080 ad
1518 1996 1798 2080 tempuS,
1855 1989 2247 2080 providendo
2286 1989 2367 2056 de
2408 1988 2636 2056 idoneo

353 2120 389 2160 a
419 2095 661 2164 vicario
685 2103 748 2164 et
775 2118 1113 2165 oeconomo
1137 2096 1254 2185 qui
1278 2118 1352 2163 ca
1373 2096 1805 2180 administret,
1839 2097 1985 2164 dato
2005 2096 2064 2163 ei
2083 2118 2373 2184 congruo
2397 2098 2479 2164 sti
2489 2118 2636 2185 pen-

356 2229 390 2267 «
417 2202 549 2286 dio,
601 2204 805 2271 donec
852 2204 1164 2271 beneficia
1199 2204 1282 2271 ab
1326 2225 1400 2271 eo
1448 2204 1866 2271 conferantur
1900 2203 2008 2270 cui
2052 2204 2360 2293 competit
2409 2225 2634 2271 eorum

358 2333 392 2372 ι(
427 2309 706 2377 collatio.
741 2308 813 2377 ld
841 2310 1018 2377 enim
1044 2310 1122 2376 ad
1143 2316 1384 2377 rectam
1412 2309 1707 2377 dioecesis
1725 2308 2349 2376 administrationem
2371 2316 2633 2398 spectat.

358 2438 394 2479 «
419 2412 492 2480 ln
518 2415 697 2482 hisce
717 2417 1012 2483 terminis
1038 2415 1818 2505 generalibusloquuntur
1839 2413 2117 2481 Barbosa
2145 2413 2285 2504 (lus
2305 2415 2462 2481 eccl.
2478 2467 2496 2497 ,
2527 2415 2570 2482 Ι.
2595 2438 2637 2501 ι,

358 2545 392 2585 a
421 2541 480 2587 c.
533 2520 644 2606 32,
677 2543 744 2587 n.
785 2521 925 2610 94),
963 2522 1277 2621 Rebuffus
1308 2523 1428 2613 (tit.
1464 2522 1545 2590 de
1581 2521 1925 2601 Devolut„
1949 2544 2017 2589 n.
2057 2523 2139 2589 77
2168 2529 2232 2588 et
2254 2522 2447 2607 80)...
2486 2522 2638 2589 Res-

360 2650 392 2689 «
421 2624 672 2715 pondeo
702 2627 771 2692 in
797 2628 1009 2715 specie
1038 2650 1223 2716 posse
1249 2650 1511 2717 quoque
1534 2629 1920 2718 capitulum,
1949 2629 2095 2695 sede
2121 2636 2396 2708 vacante,
2427 2629 2630 2693 eccie-

362 2731 553 2799 «sias
606 2731 1001 2821 parochiales
1043 2733 1531 2813 commendare,
1579 2735 2100 2823 constituereque
2145 2732 2450 2802 vicarium
2510 2731 2633 2820 qui

360 2862 394 2902 «
428 2837 713 2906 ecclesiae
742 2837 1057 2906 deserviat
1090 2842 1153 2907 et
1185 2844 1586 2906 sacramenta
1614 2838 2046 2921 administret,
2081 2838 2286 2906 donec
2326 2838 2522 2905 fuerit
2558 2835 2640 2905 de

358 2969 392 3009 «
420 2950 669 3034 pastore
698 2945 1055 3034 provisum.
1093 2946 1184 3013 lta
1213 2945 1492 3014 Barbosa
1518 2947 1681 3035 (loco
1714 2943 1962 3036 citato),
1983 2945 2206 3012 dicens
2231 2967 2366 3013 esse
2385 2946 2637 3036 praxim

357 3077 392 3115 «
420 3072 842 3119 communem
870 3054 1172 3120 omnium
1197 3055 1712 3143 episcopatuum,
1741 3061 1805 3120 et
1830 3053 2036 3119 multo
2066 3054 2276 3140 magis
2304 3053 2371 3120 id
2414 3073 2631 3143 proce-

355 3180 389 3219 «
420 3157 569 3224 dere
597 3157 668 3223 in
691 3157 1016 3227 beneficiis
1045 3160 1282 3227 curatis
1305 3159 1967 3248 quamrsimplicibus.
1983 3183 2034 3225 x»

434 3262 517 3328 Il.
566 3263 695 3330 Ubi
740 3270 956 3332 tamen
1006 3266 1299 3354 vigerent
1346 3267 1588 3354 regulae
1631 3265 1938 3335 Romanae
1974 3267 2399 3349 cancellariae,
2446 3267 2638 3333 etiam

343 3369 668 3456 deputatio
690 3370 915 3436 vicarii
939 3392 1053 3437 seu
1087 3373 1409 3440 oeconomi
1442 3375 1522 3440 ad
1562 3374 1912 3442 Summum
1942 3374 2321 3441 Pontificem
2368 3373 2642 3463 pertinet

342 3478 406 3539 et
438 3494 571 3539 non
607 3473 688 3540 ad
728 3474 1112 3564 capitulum.
1179 3500 1213 3540 «
1251 3476 1425 3544 Dum
1465 3479 1645 3546 enim
1678 3479 2034 3548 hodiedum
2073 3480 2295 3546 omnia
2330 3478 2642 3546 beneficia

349 3605 384 3646 ι(
417 3579 767 3670 spectantia
807 3580 887 3649 ad
934 3581 1346 3649 collationem
1387 3582 1695 3676 Episcopi
1732 3587 2066 3672 vacantia,
2087 3586 2239 3654 >sede
2274 3583 2644 3676 Episcopali

349 3712 381 3751 «
412 3692 696 3774 vacante,
744 3694 1154 3767 reservantur
1181 3687 1394 3779 Papae,
1437 3698 1653 3759 censet
1687 3691 2026 3783 (Lotterus)
2073 3713 2205 3759 non
2241 3713 2428 3782 posse
2469 3693 2639 3782 capi-

348 3816 382 3856 «
409 3793 623 3860 tulum
674 3793 743 3859 in
796 3793 1277 3884 parochialibus
1322 3794 1597 3884 aliisque
1636 3797 1970 3865 beneficiis
2010 3818 2335 3887 apponere
2386 3817 2642 3864 oecono-

345 3920 379 3959 «
411 3917 597 3964 mum
616 3906 726 3967 aut
749 3900 1187 3991 temporaliter
1205 3902 1664 3968 commendare
1681 3929 1709 3990 .;
1743 3925 1818 3971 eo
1840 3905 2013 3992 quod
2035 3926 2111 3971 ex
2160 3902 2444 3991 eoquod
2477 3901 2644 3992 Papa

345 4023 378 4061 ι(
405 3997 636 4068 habeat
685 4005 1046 4093 providere,
1084 4010 1150 4073 et
1180 4008 1434 4075 collatio
1464 4010 1944 4098 non-pertineat
1985 4009 2065 4076 ad
2092 4029 2529 4077 successorem
2573 4008 2644 4075 in

340 4129 375 4170 «
402 4103 795 4195 episcopatu,
838 4112 959 4179 soli
980 4111 1167 4202 Papae
1213 4135 1326 4180 seu
1349 4112 1665 4181 ministris
1687 4116 1828 4203 ejus
1853 4115 2159 4205 competit
2177 4112 2342 4181 iuud
2362 4114 2476 4201 jus
2498 4134 2646 4180 cus·

338 4236 372 4278 «
401 4213 588 4280 todiae
639 4218 752 4278 aut
795 4214 1118 4304 deputatio
1157 4220 1503 4300 oeconomi,
1548 4225 1662 4288 aut
1700 4224 2087 4312 temporaria
2131 4219 2546 4289 commenda·
2601 4243 2633 4282 »

334 4317 740 4407 (Lem-euius,
771 4319 896 4387 loc.
931 4323 1071 4410 cit.)
