2930 4982
1110 350 1188 395 oe
1233 350 1559 399 cunnus.
2351 347 2474 405 565

203 494 236 533 «
264 467 493 534 naliter
514 473 578 535 et
603 467 932 536 actualiter
959 468 1374 559 degradatur,
1400 472 1680 557 exuitur,
1708 481 1769 542 et
1796 475 2110 563 spoliatur
2140 477 2478 546 ordinibus

200 574 724 662 «ecclesiasticis,
757 578 946 665 cujus
995 577 1265 644 modum
1314 578 1499 667 ponit
1540 576 1998 650 Tridentinum
2042 583 2182 651 loco
2219 584 2472 672 citato);

201 710 233 747 «
260 682 431 750 hanc
460 683 634 749 enim
665 705 777 773 per
799 682 1196 774 Episcopum
1234 684 1376 751 fieri
1402 683 1544 751 vult
1566 683 2063 772 Tridentinum3
2098 695 2159 756 et
2183 690 2274 757 sic
2302 690 2479 758 vide-

197 813 230 851 «
257 794 367 855 tur
399 809 472 854 ea
498 809 630 855 esse
653 787 898 856 ordinis
926 788 1358 879 Episcopalis;
1393 791 1566 878 quod
1607 791 1824 881 ipsum
1853 792 2057 881 aliqui
2099 795 2358 862 tradunt
2394 797 2472 864 de

198 893 708 982 «degradatione
747 916 860 962 seu
902 893 1300 985 depositione
1342 896 1609 964 verbali.
1648 922 1682 960 »
1732 896 1909 987 (Haec
1950 901 2474 991 transcripsimus

189 1022 258 1067 ex
284 999 630 1087 Leureni0,
666 1001 720 1066 T
713 1012 880 1068 raet.
916 997 995 1067 de
1022 1000 1351 1092 capitula,
1380 1000 1528 1069 sede
1558 1025 1735 1084 vac„
1761 1010 1993 1093 quaest.
2024 1003 2210 1094 472.)

189 1451 261 1488 AN
300 1450 602 1489 CAPITULuu
646 1450 751 1488 AU'r
780 1449 1027 1488 VICARIUS
1064 1449 1416 1488 CAPITULARIS
1459 1450 1657 1502 POSSIT,
1704 1450 1836 1488 SEDE
1878 1450 2144 1504 VACANTE,
2185 1452 2480 1494 SYNDICARE

618 1547 726 1585 TAM
766 1548 896 1587 SUOS
941 1548 1092 1593 QUAM
1134 1548 1402 1587 DEFUNCTI
1433 1548 1671 1587 EPISCOPI
1708 1536 2055 1588 OFFICIALES?

279 1723 826 1813 Respondendum
880 1723 1289 1790 affirmative.
1349 1749 1383 1787 «
1424 1721 1777 1811 Syndicare
1830 1724 2006 1791 enim
2058 1725 2254 1818 (quod
2303 1728 2481 1796 aliud

195 1857 232 1894 «
261 1830 427 1897 nihil
473 1830 792 1917 significat
833 1852 1030 1920 quam
1075 1831 1442 1898 examinare
1484 1829 1554 1897 in
1590 1852 1803 1897 mores
1846 1831 2149 1921 alicujus,
2194 1834 2293 1901 vel
2343 1841 2481 1903 acta

195 1963 227 2001 «
263 1936 618 2027 inquirere,
649 1944 894 2022 notare,
928 1959 1200 2006 censura
1232 1935 1515 2028 carpere)
1546 1942 1640 2004 est
1671 1944 1849 2005 actus
1872 1939 2366 2026 jurisdictionis,
2403 1939 2481 2009 Et

195 2071 231 2109 «
262 2045 329 2112 in
357 2045 467 2113 illo
492 2046 865 2134 proceditur
885 2050 1019 2110 tam
1043 2066 1118 2111 ex
1142 2042 1380 2126 officie,
1409 2065 1611 2133 quam
1638 2044 1715 2111 ad
1743 2044 2117 2112 instantiam
2150 2049 2373 2136 partis,
2404 2049 2479 2115 In

198 2175 232 2213 «
253 2152 878 2237 jurisdictionalibus
905 2157 1120 2219 autem
1154 2137 1860 2241 succedit'capitulum,
1888 2153 2256 2220 exercendis
2284 2155 2478 2221 etiam

198 2281 232 2318 «
266 2262 485 2325 contra
511 2280 618 2325 eos
655 2262 878 2326 contra
907 2279 1066 2346 quos
1084 2257 1605 2347 jurisdictionem
1647 2280 1831 2324 suam
1872 2258 2269 2326 ordinariam
2300 2283 2477 2328 exer-

197 2387 231 2426 «
262 2385 404 2431 cere
439 2370 679 2455 poterat
719 2363 1100 2455 Episcopus.
1134 2362 1215 2430 Et
1251 2364 1328 2430 de
1366 2363 1571 2431 fiscali
1617 2362 1909 2431 defuncti
1935 2362 2266 2453 Episcopi,
2301 2365 2477 2453 quod

196 2494 230 2533 «
262 2491 413 2538 euin
434 2471 769 2560 syndicare
790 2471 989 2561 possit
1014 2468 1399 2559 capitulum,
1426 2469 1574 2537 sede
1598 2461 2111 2553 vacante,'tradit
2131 2468 2479 2559 Fagnanus

195 2604 230 2643 «
264 2578 357 2670 (in
399 2601 458 2647 c.
511 2580 636 2646 His
678 2601 852 2669 quae,
886 2577 980 2644 De
1024 2576 1303 2665 majorit.
1356 2580 1418 2641 et
1443 2575 1665 2664 obed.,
1697 2597 1764 2642 n.
1810 2573 1946 2665 52).
1981 2600 2015 2638 x>
2061 2574 2472 2666 (LeureniuS,

188 2687 326 2753 loco
361 2686 572 2770 citato,
606 2691 832 2775 quaest.
866 2683 1022 2752 473.
1031 2683 1054 2773 )

278 2791 613 2861 Vicarium
659 2791 1082 2883 capitularem
1123 2811 1305 2881 posse
1346 2788 1672 2878 syndicari
1717 2810 1755 2855 a
1804 2786 2125 2877 capitulo,
2172 2760 2476 2855 tenebant

184 2899 349 2967 olim
381 2898 572 2965 multi
614 2898 986 2981 canonistae,
1028 2904 1090 2964 et
1129 2896 1288 2963 huic
1319 2895 1650 2963 sententiae
1678 2895 1977 2962 favebant
2018 2886 2475 2963 declarationes

184 3005 474 3093 antiquae
523 3001 731 3072 Sacrae
774 3001 1307 3092 Congregationis
1359 3001 1626 3069 concilii
1676 3025 1691 3069 ε
1749 3000 2199 3091 supponebant
2243 3022 2477 3091 nempe

184 3111 555 3203 capitulum
596 3133 779 3201 posse
803 3110 1318 3198 jurisdictionem
1358 3110 1601 3177 vicario
1642 3107 1997 3199 Capitulari
2046 3109 2477 3175 transmittere

186 3241 348 3286 cum
397 3214 931 3286 restrictionibus.
981 3216 1149 3284 Illud
1198 3221 1413 3284 autem
1458 3238 1665 3299 nunc,
1705 3221 1776 3282 ut
1822 3215 2005 3283 toties
2049 3215 2357 3297 diximuS,
2391 3219 2482 3279 est

186 3324 467 3391 omnino
499 3325 811 3412 rejectum
855 3328 919 3391 et
960 3321 1431 3412 rejiciendum3
1474 3321 1646 3388 unde
1681 3321 1821 3411 jam
1864 3312 2478 3411 nequit'capitulum

186 3430 509 3498 rationem
555 3430 1131 3498 administrationis
1179 3430 1432 3520 exigere
1468 3452 1515 3507 ,a
1562 3428 1803 3497 vicario
1847 3420 2218 3520 capitulari,
2265 3425 2481 3514 'neque

187 3554 350 3602 eum
397 3534 755 3622 syndicare.
786 3534 968 3615 Quod
1013 3537 1218 3624 liquet
1253 3559 1326 3602 ex
1364 3535 1695 3603 multoties
1743 3540 2100 3603 memorato
2134 3533 2481 3623 principiO,

191 3663 429 3731 nempe
459 3640 624 3707 nihil
650 3641 1121 3731 jurisdictionis
1149 3639 1510 3707 exercibilis
1543 3663 1877 3709 remanere
1915 3642 1987 3710 in
2029 3640 2335 3737 capitulo,
2364 3644 2485 3745 sta-

185 3752 314 3816 tim
341 3770 416 3817 ac
441 3750 831 3816 constitutus
854 3748 977 3815 fuit
1000 3748 1278 3817 vicarius
1303 3746 1703 3838 capitularis.
