2930 4982
1197 348 1278 393 DE
1324 346 1651 395 cunnus.
2479 346 2510 400 8
2524 347 2558 400 7

287 484 317 523 «
356 467 421 530 et
439 463 979 533 archidiaconum
999 468 1221 553 postea
1231 464 1583 555 interrogat
1609 488 1691 535 an
1718 466 1877 537 sciat
1900 490 2036 537 esse
2060 467 2340 560 dignum
2367 492 2565 561 quem

283 594 313 632 «
355 569 793 637 ordinandum
812 568 1107 638 exhibet:
1134 568 1244 636 cui
1274 568 1766 642 archidiaconus
1794 573 2177 666 respondet:
2215 577 2567 657 Quantum

284 700 313 738 ι(
355 674 659 744 humana
698 676 1051 768 fraqilitas
1091 697 1278 743 nosse
1313 674 1505 763 sinit,
1561 689 1625 744 et
1661 678 1792 746 scio
1838 691 1902 747 et
1952 678 2350 770 testificor...
2397 680 2568 762 Quia

285 807 313 847 α
350 805 549 873 porro
597 784 897 875 praedicta
946 781 1391 851 archidiaconi
1445 785 1760 853 attestatio
1804 807 1983 854 nunc
2027 808 2249 855 merus
2290 787 2456 855 ritus
2504 794 2568 856 et

281 915 311 955 α
350 889 743 957 caeremonia
756 895 873 977 est,
901 890 1201 980 cumJam
1217 889 1481 958 aliunde
1497 890 1850 960 ordinandi
1873 890 2068 959 vitam
2100 898 2161 960 et
2186 914 2395 962 mores
2418 891 2568 985 Epi-

282 1021 312 1059 «
352 1017 593 1087 scopus
615 1002 800 1064 antea
824 994 1275 1087 exploraverit,
1301 994 1548 1063 idcirco
1572 995 1993 1065 Innocentius
2013 995 2094 1063 lll
2116 995 2205 1085 (in
2226 1019 2367 1088 cap.
2384 998 2560 1068 unic.

282 1128 311 1166 «
355 1099 437 1169 de
465 1102 801 1169 Scrutinio
822 1102 897 1170 in
920 1100 1151 1169 ordine
1168 1100 1501 1192 faciendo)
1525 1102 1718 1193 culpa
1745 1123 1975 1171 vacare
1999 1100 2159 1170 dixit
2179 1102 2570 1173 archidiaco-

278 1234 311 1273 «
357 1230 552 1288 num,
587 1208 782 1275 illum
831 1207 1108 1299 dignum
1149 1207 1583 1275 affirmantem
1626 1231 1823 1298 quem
1865 1207 2219 1297 indignum
2252 1230 2390 1278 esse
2437 1231 2569 1278 non

283 1339 317 1380 «
359 1313 563 1398 novit,
599 1314 894 1405 quamvis
930 1314 1187 1404 ignoret
1219 1335 1302 1381 an
1345 1335 1571 1383 revera
1615 1314 1857 1403 dignus
1897 1314 2208 1383 exsistat»
2258 1313 2361 1403 (de
2400 1314 2563 1406 Syn.

272 1421 461 1519 dioec.
487 1421 538 1489 l.
570 1444 637 1505 v,
666 1444 722 1490 c.
766 1421 834 1502 3,
864 1432 938 1489 n⁰
962 1422 1055 1513 4).

356 1526 455 1595 Ne
488 1526 684 1596 nimis
711 1533 1034 1597 excrescat
1059 1526 1142 1595 de
1171 1549 1243 1595 re
1270 1529 1414 1617 jam
1444 1527 1597 1594 satis
1634 1528 1957 1619 explorata
1984 1524 2214 1607 oratio,
2252 1525 2573 1617 praedictis

273 1633 758 1703 auctoritatibus
777 1634 1160 1725 adjiciemus
1182 1639 1438 1701 tantum
1463 1640 1794 1702 recentem
1821 1654 2015 1700 sacrae
2035 1631 2575 1722 Congregationis

271 1741 529 1808 concilii
558 1741 948 1811 decisionem
984 1742 1094 1831 (10
1116 1740 1295 1831 junii
1330 1740 1530 1832 1848)
1560 1741 1629 1808 in
1663 1762 1857 1809 causa
1885 1741 2077 1830 cujus
2112 1738 2573 1830 expositionem

278 1868 351 1912 ex
369 1847 511 1916 folio
529 1847 670 1940 ipso
685 1852 883 1917 sacrae
900 1846 1433 1939 Congregationis
1451 1846 2007 1938 transcripsimus.
2042 1871 2078 1911 (ι
2098 1845 2572 1936 Mastrojacono

280 1978 313 2017 «
359 1954 857 2023 archidiaconus
889 1954 1175 2023 ecclesiae
1222 1953 1611 2022 cathedralis
1652 1952 2073 2040 Triventinae‚
2113 1974 2372 2020 necnon
2414 1975 2573 2022 exa-

275 2082 307 2122 «
352 2060 637 2128 minator
668 2059 1139 2151 prosynodalis‚
1187 2079 1344 2126 cum
1391 2080 1469 2126 ex
1499 2080 1773 2126 munere
1803 2058 2032 2126 debeat
2060 2057 2129 2123 in
2160 2055 2569 2146 generalibus

276 2189 308 2228 «
354 2166 878 2234 ordinationibus
957 2188 1088 2233 non
1168 2170 1424 2234 tantum
1501 2163 1893 2231 ordinandos
1965 2168 2381 2247 praesentare‚
2456 2161 2568 2229 sed

272 2294 307 2333 «
355 2270 685 2359 Episcopo
706 2269 1133 2356 interroganti
1155 2269 1544 2357 respondere
1567 2265 2040 2355 promovendos
2060 2265 2142 2329 ad
2162 2265 2571 2331 diaconatum

280 2397 319 2437 «
367 2378 433 2439 et
457 2372 538 2438 ad
569 2372 1083 2462 presbyteratum
1120 2370 1356 2460 diqnos
1386 2392 1540 2450 esse,
1575 2368 1831 2459 exponit
1855 2389 1893 2435 a
1925 2389 1992 2435 se
2020 2366 2085 2435 id
2115 2367 2405 2435 muneris
2435 2374 2571 2437 tuta

273 2505 309 2542 «
351 2476 748 2545 conscientia
770 2476 1011 2568 expleri
1036 2500 1168 2547 non
1184 2500 1366 2568 posse
1384 2475 1547 2566 quin
1573 2474 2083 2543 ordinandorum
2111 2473 2387 2543 examini
2412 2498 2567 2544 cum

274 2609 308 2648 «
355 2583 503 2651 aliis
539 2582 1084 2652 examinatoribus
1109 2583 1519 2652 interveniat.
1554 2581 1916 2673 Episcopus
1952 2586 2172 2650 autem
2210 2582 2562 2651 consilium

276 2715 309 2754 «
354 2688 503 2756 iniit
543 2689 623 2756 de
669 2689 1122 2757 archidiacono
1172 2688 1452 2777 amplius
1496 2710 1628 2756 non
1673 2687 2042 2755 advocando
2086 2687 2167 2755 ad
2216 2690 2560 2778 praefatum

280 2820 314 2859 «
353 2815 646 2873 examen,
676 2794 864 2862 sicuti
887 2816 1097 2883 neque
1115 2793 1195 2861 ad
1221 2793 1398 2861 aliud
1419 2795 1594 2883 quod
1622 2793 1696 2859 fit
1710 2814 1905 2882 super
1922 2792 2261 2881 qualitates
2288 2815 2560 2863 concur-

279 2925 312 2964 «
353 2900 642 2967 rentium
678 2901 756 2967 ad
777 2900 1090 2969 beneficia
1122 2900 1520 2990 parochialia
1544 2898 1977 2966 obtinenda...
2011 2895 2223 2976 Quare
2257 2904 2467 2965 orator
2494 2898 2564 2966 in

283 3031 318 3071 «
358 3006 606 3098 duplici
634 3027 753 3073 suo
781 3027 1053 3073 munere
1081 3004 1529 3073 archidiaconi
1556 3011 1620 3070 et
1645 3000 2097 3069 examinatoris
2118 3004 2562 3092 prosynodalis

284 3137 317 3177 α
360 3134 491 3180 sese
519 3113 750 3180 laesum
780 3132 918 3178 esse
942 3110 1337 3197 existimanS‚
1366 3109 1448 3177 ad
1474 3109 1645 3176 hanc
1667 3106 2247 3196 Congregationem
2268 3108 2563 3197 confugit

285 3244 317 3280 «
360 3224 433 3286 ut
455 3219 582 3309 ipsi
607 3215 977 3287 facultatem
1003 3216 1194 3284 faciat
1214 3216 1476 3304 utrique
1501 3213 1782 3282 examini
1805 3213 2397 3303 promovendorum
2419 3220 2560 3283 tum

287 3349 318 3386 «
358 3327 433 3392 ad
471 3347 683 3393 sacros
718 3324 1001 3409 ordines,
1041 3328 1183 3390 tum
1217 3321 1298 3389 ad
1334 3320 1633 3389 ecclesias
1672 3319 2094 3409 parochiales,
2130 3320 2321 3388 etiam
2353 3318 2560 3389 invito

291 3454 322 3493 «
359 3429 698 3521 Episcopo,
724 3429 1219 3498 interveniendi.
1268 3452 1305 3493 »

363 3537 419 3603 A
446 3558 565 3604 suo
597 3536 842 3625 duplici
878 3536 1195 3626 postulato
1224 3533 1553 3623 dejectum
1588 3531 1814 3601 fuissse
1850 3532 2305 3600 Triventinum
2343 3531 2560 3600 archi-

282 3638 620 3708 diaconum
645 3639 839 3706 refert
872 3639 977 3706 his
1009 3639 1221 3706 verbis
1265 3638 1621 3728 publicatio
1659 3637 1984 3728 periodica
2015 3639 2117 3704 La
2159 3639 2563 3724 Correspon-

283 3744 479 3814 clance
507 3743 826 3813 de'Ro‘me
866 3742 1099 3834 (annee
1137 3743 1250 3819 48,
1294 3745 1570 3810 seconde
1608 3744 1873 3828 edition,
1916 3768 1985 3834 p.
2030 3742 2146 3831 2):
2192 3744 2293 3808 La
2326 3741 2566 3811 double

285 3850 599 3920 demande-
648 3851 727 3919 de
785 3847 1246 3917 l'arclzidiacre
1295 3846 1375 3915 de
1435 3847 1749 3913 Trivento
1805 3872 1847 3915 α
1894 3849 2002 3917 έιέ
2048 3847 2279 3939 rejete'e
2320 3872 2455 3940 par
2496 3850 2564 3917 la

286 3960 347 4023 S.
393 3956 907 4048 Conqre'qation.

364 4064 539 4153 Ergo
562 4066 700 4154 jam
735 4068 810 4130 ut
847 4058 1094 4130 certum
1120 4063 1475 4131 tenendum
1503 4066 1599 4129 est
1620 4060 2148 4131 archidiaconum
2180 4066 2439 4136 nullum
2454 4071 2566 4160 jus

291 4169 406 4237 sibi
422 4170 751 4238 vindicare
770 4191 953 4260 posse
965 4168 1438 4237 interveniendi
1454 4167 1861 4236 examinibus
1875 4174 2014 4237 tum
2033 4172 2565 4257 ordinandorum,

295 4282 429 4344 tum
464 4273 1052 4370 promovendorum
1088 4277 1169 4344 ad
1216 4275 1610 4367 parochialia
1642 4275 1967 4347 beneficia.
2012 4276 2169 4348 Item
2198 4286 2448 4348 certum
2478 4284 2575 4344 est

302 4403 474 4469 posse
493 4385 1029 4455 archidiaconum
1045 4388 1185 4451 tuta
1200 4382 1468 4452 omnino
1487 4387 1877 4456 conscientia
1893 4381 2215 4478 Episcopo
2228 4379 2579 4449 sciscitanti
