2930 4982
319 378 446 437 350
1296 376 1636 424 TnAcnws

312 505 658 577 formulam
693 503 1096 593 abjecerunt,
1127 497 1306 589 quod
1342 497 1497 567 satis
1531 495 1776 565 indicat
1802 517 1909 565 eos
1950 518 2016 564 se
2058 496 2298 566 liberos
2326 497 2602 568 voluisse

314 611 398 679 ab
422 610 811 699 obligatione
848 604 1228 695 requirendi
1261 602 1705 693 capitulorum
1739 622 2012 670 suorum
2042 604 2318 689 consilii,
2351 605 2419 673 in
2449 606 2605 675 casi-

313 717 437 785 bus
465 738 503 784 a
524 718 675 805 jure
700 713 1042 782 communi
1072 709 1481 799 praescriptis.

403 822 468 891 5.
492 819 649 901 Quae
674 841 830 886 cum
859 820 947 885 ita
976 838 1042 884 se
1073 815 1375 895 habeant,
1414 813 1545 880 duo
1571 811 2020 881 concludenda
2040 812 2333 881 veniunt.

400 926 742 1006 Primum,
773 924 1107 1013 subjacere
1127 920 1470 989 hodiernos
1489 917 1713 986 Galliae
1741 917 2088 1010 Episcopos
2110 920 2244 1009 juri
2269 922 2613 988 communi

317 1022 667 1104 consilium
701 1030 1133 1121 capitulorum
1161 1027 1542 1116 requirenti,
1569 1026 1694 1093 nisi
1716 1027 2036 1094 contraria
2053 1026 2448 1095 consuetudo
2468 1033 2616 1117 post

318 1139 780 1211 concordatum
806 1136 1044 1203 alicubi
1064 1133 1427 1203 introducta
1438 1133 1578 1221 jam
1609 1133 1895 1221 legitime
1923 1132 2404 1223 praescripserit.
2439 1132 2611 1201 Nam

317 1244 703 1338 per-bullam
740 1242 874 1325 Qui
890 1240 1171 1309 ‘Christi
1200 1239 1473 1307 Domini
1504 1240 1722 1328 positae
1753 1244 1905 1306 sunt
1934 1245 2221 1307 recentes
2251 1238 2474 1307 Galliae
2501 1262 2614 1309 ec-

319 1353 527 1420 clesiae
564 1349 690 1418 sub
709 1351 859 1440 jure
889 1348 1253 1430 communi,
1291 1348 1368 1414 iis
1395 1347 1675 1435 exceptis
1716 1346 1783 1412 in
1830 1346 2071 1435 quibus
2102 1348 2239 1437 ipsa
2266 1346 2469 1434 bulla,
2498 1353 2616 1414 aut

317 1457 673 1526 recentiora
701 1455 882 1524 Sedis
909 1454 1292 1545 Apostolicae
1316 1453 1570 1519 decreta
1598 1451 1696 1518 illi
1713 1452 1849 1541 juri
1883 1452 2296 1542 derogarunt.
2323 1452 2616 1542 Antiqua

315 1587 469 1633 vero
488 1565 829 1655 privilegia
853 1562 1110 1629 sedibus
1128 1580 1395 1641 annexa,
1429 1559 1787 1648 suppressis
1811 1557 2072 1626 sedibus
2098 1559 2222 1626 hoc
2255 1560 2393 1648 ipso
2412 1559 2618 1628 inter-

318 1673 468 1741 iere.
504 1670 580 1737 Et
604 1676 932 1758 praeterea,
962 1669 1030 1735 in
1051 1690 1128 1735 ·re
1152 1669 1229 1734 de
1267 1688 1396 1755 qua
1421 1666 1705 1754 agimus,
1734 1666 1844 1755 jus
1881 1686 2230 1733 commune
2255 1667 2613 1763 generatim

318 1776 386 1842 in
408 1772 616 1841 Gallia
638 1774 895 1862 vigebat
923 1780 1054 1840 toto
1081 1778 1250 1839 retro
1273 1777 1565 1861 tempore
1592 1777 1740 1838 ante
1769 1772 2252 1839 concordatum.
2288 1771 2457 1862 Ergo
2483 1773 2618 1840 nisi

319 1878 716 1947 consuetudo
761 1879 1144 1946 concordato
1184 1876 1499 1968 posterior
1529 1879 1639 1966 jus
1688 1898 2037 1947 commune
2074 1878 2153 1945 de
2190 1901 2320 1968 quo
2361 1879 2616 1967 agimus

317 1983 559 2052 alicubi
617 1983 966 2065 sustulerit,
1024 1985 1240 2073 ipsum
1306 1983 1659 2050 hodiedum
1730 1984 1947 2073 vigere
2008 1986 2364 2053 necessario
2419 1985 2613 2052 faten-

321 2090 481 2158 dum
500 2098 615 2159 est.

408 2195 814 2281 Secundum,
870 2194 1410 2265 consuetudinem
1455 2195 1872 2279 contrariam,
1925 2217 2157 2288 nempe
2197 2218 2331 2265 non
2386 2198 2610 2286 requi-

323 2304 510 2372 rendi
540 2304 810 2394 capituli
841 2304 1214 2388 consilium,
1247 2302 1489 2370 nullibi
1519 2301 1589 2368 in
1617 2300 1825 2370 Gallia
1855 2303 2143 2392 legitime
2173 2305 2611 2394 praescriptam

321 2410 552 2503 videri.
587 2412 785 2497 Nam,
815 2418 889 2477 ut
934 2411 1184 2478 dictum
1214 2413 1327 2493 est,
1377 2431 1422 2476 a*
1454 2410 1680 2500 paucis
1709 2415 1964 2478 tantum
1997 2411 2185 2479 annis
2213 2411 2519 2503 Episcopi
2548 2412 2610 2479 in

318 2513 525 2582 Gallia
551 2515 1052 2604 ‹ab-obligatione
1082 2515 1465 2582 consulendi
1496 2516 1761 2605 capituli
1790 2517 2096 2585 videntur
2122 2539 2255 2586 sese
2278 2518 2603 2585 exemisse.

318 2620 629 2688 Praeterea
652 2621 902 2687 etiamsi
928 2621 1142 2688 statim
1172 2644 1208 2688 a
1244 2622 1628 2690 concordato
1657 2623 1814 2689 anni
1848 2623 2009 2690 1801
2048 2623 2287 2692 alicubi
2309 2622 2602 2713 incoepis-

321 2731 415 2793 set
441 2724 555 2792 illa
579 2726 998 2809 consuetudo,
1019 2747 1166 2794 non
1199 2727 1434 2793 valeret
1463 2727 1519 2794 si
1548 2729 1910 2818 capitulum
1942 2729 2397 2799 reclamaverit.
2434 2726 2598 2796 Nul-

320 2830 441 2898 libi
469 2836 687 2898 autem
717 2832 980 2900 existere
1006 2832 1313 2900 videtur
1297 2855 1367 2900 m
1399 2832 1608 2902 Gallia
1637 2835 2173 2914 consuetudinem
2201 2837 2280 2905 de
2311 2857 2438 2927 qua
2466 2834 2603 2925 agi·

322 2957 495 3019 mus,
528 2959 673 3026 quae
702 2960 836 3005 non
863 2938 1085 3027 aliquo
1111 2961 1187 3006 ex
1215 2939 1353 3008 istis
1385 2939 1741 3008 defectibus
1767 2940 2036 3010 laboret.

406 3042 617 3129 Unde,
651 3043 826 3112 salvo
851 3045 1216 3113 doctiorum
1245 3052 1306 3114 et
1331 3048 1692 3135 praesertim
1728 3048 2140 3139 superiorum
2170 3049 2454 3139 judicic,
2488 3067 2608 3116 no-

321 3147 421 3217 bis
441 3170 577 3222 non
610 3148 864 3217 videtur
904 3151 1193 3240 legitime
1230 3159 1294 3220 et
1326 3154 1465 3220 sine
1508 3153 1726 3243 aliqua
1753 3174 1906 3243 erga
1943 3155 2355 3246 capitulum
2337 3156 2605 3247 injuria,

321 3274 504 3343 posse
524 3257 718 3323 etiam
739 3257 933 3326 hodie
964 3257 1313 3348 Episcopos
1335 3256 1562 3325 Galliae
1591 3257 2055 3348 obligationem
2086 3259 2470 3330 consulendi
2498 3282 2610 3328 ca·-

322 3358 514 3448 pituli
546 3360 848 3448 abjicere,
893 3364 962 3429 in
993 3364 1247 3431 casibus
1275 3386 1312 3431 a
1336 3367 1485 3485 Jure
1510 3364 1850 3433 communi
1881 3368 2295 3458 praescriptis.

409 3465 475 3532 6.
536 3464 979 3548 Nihilominus
1034 3474 1251 3537 tamen
1308 3472 1361 3537 si
1417 3472 1608 3539 duret
1663 3474 1876 3541 adhuc
1928 3473 1997 3541 in
2052 3481 2384 3565 posterum
2446 3475 2611 3544 dicta

320 3573 780 3660 consuetudo,
822 3596 955 3643 non
1017 3576 1525 3645 reclamantibus
1591 3579 1921 3671 capitulis,
1988 3581 2337 3671 aliquando
2405 3581 2611 3670 legitiss

322 3700 496 3747 mam
525 3701 861 3748 evasuram
910 3684 1133 3800 negari
1173 3685 1424 3773 nequit.
1477 3686 1786 3754 Versatur
1822 3688 2000 3755 enim
2045 3689 2116 3755 in
2152 3691 2422 3757 materia
2451 3707 2609 3780 prae·

321 3785 728 3876 scriptibili.
2668 3868 2680 3878 ,

380 3891 568 3969 Quae
592 3893 671 3960 de
698 3833 906 3961 Gallia
931 3895 1124 3962 modo
1156 3896 1633 3985 adnotavimus,
1682 3899 1894 3968 valent
1922 3922 2038 3991 pro
2065 3900 2355 3969 ecclesiis
2400 3899 2608 3989 Belgii

321 4000 383 4061 et
410 3994 683 4064 aliarum
729 4000 1104 4087 regionum,
1153 4024 1297 4090 quae
1344 4007 1728 4073 concordato
1764 4007 1923 4074 anni
1958 4008 2153 4092 1801,
2195 4014 2306 4076 aut
2341 4029 2609 4076 concor·

327 4098 488 4168 datis
511 4099 837 4170 similibus
862 4107 1167 4197 subjectae
1193 4116 1363 4176 sunt.
