2930 4982
438 359 560 414 532
1350 366 1692 412 ‘rnAcrA‘rus

442 515 477 551 α
510 510 686 579 posse
716 487 896 575 eligi,
928 485 1029 552 vel
1054 486 1411 569 doctorem,
1442 486 1540 551 vel
1565 485 1717 552 alias
1737 485 2044 551 idoneum
2076 505 2091 564 ;
2123 485 2237 572 qui
2260 505 2441 551 error
2460 493 2722 554 excusat

441 617 534 662 «a
564 615 751 686 poena
782 617 798 674 ;
834 599 907 659 ut
938 600 1198 660 excusat
1225 593 1530 681 quaelibet
1561 614 1753 659 causa
1783 591 1975 657 etiam
2006 591 2466 658 irrationabilis
2496 620 2517 680 3
2557 598 2620 659 et
2647 594 2720 660 ad

437 728 471 765 ι(
500 702 623 768 hoc
667 699 905 768 sufficit
949 698 1361 788 probabilitas
1394 699 1786 767 credulitatis
1795 748 1927 765 .....
1969 695 2373 784 Regulariter
2410 700 2720 766 concedi-

435 813 607 873 «tur
635 805 883 893 aliquid
930 804 1070 871 fieri
1109 828 1222 895 per
1264 806 1627 873 secundum
1656 811 1903 887 actum,
1942 802 2206 891 quando
2252 825 2369 893 per
2423 805 2719 894 primum

437 938 471 976 α
498 935 632 980 non
670 912 896 990 valuit,
938 933 1053 978 nec
1098 911 1652 979 fuit-satisfactum
1708 910 1913 977 menti
1960 908 2382 998 disponentis,
2416 935 2457 975 »·
2501 910 2716 980 Postea

428 1020 658 1110 probat
688 1018 1084 1107 Pignatellus
1132 1018 1221 1085 ita
1251 1017 1486 1085 sentire
1519 1016 1779 1084 Sacram
1810 1015 2394 1103 Congregationem
2426 1018 2709 1098 concilii,

427 1123 805 1191 adducendo
837 1123 1007 1188 inter
1036 1122 1194 1189 alias
1236 1126 1612 1209 sequentem
1646 1120 2060 1187 decisionem.
2098 1119 2170 1187 ln
2200 1119 2603 1207 Mazariensi‚
2638 1123 2711 1190 19

425 1229 782 1297 decembris
816 1228 988 1296 1569
1019 1252 1034 1295 ι
1067 1228 1614 1318 Archiepiscopus
1633 1228 2025 1294 constituere
2048 1225 2233 1293 debet
2256 1228 2553 1316 capitulo
2576 1241 2708 1296 octo

423 1332 679 1401 dierum
724 1334 1022 1423 spatium
1061 1332 1574 1422 adgeliqendum
1610 1333 1930 1401 vicarium
1977 1331 2332 1416 doctorem,
2385 1356 2545 1400 casu
2589 1359 2708 1424 quo

422 1442 710 1531 eleqisset
740 1464 871 1507 non
911 1439 1238 1507 doctorem
1255 1463 1281 1521 ‚·
1313 1452 1375 1508 et
1413 1463 1484 1507 eo
1513 1462 1647 1507 non
1678 1440 1872 1507 eleeto
1902 1439 2114 1506 omnis
2130 1451 2432 1529 potestas
2462 1440 2557 1508 ad
2577 1444 2707 1510 Ar-

424 1547 908 1637 clu'episcopum
940 1548 1367 1637 transfertur.
1399 1546 1600 1614 Addit
1623 1552 1834 1614 autem
1868 1545 2307 1635 Pignatellus:

518 1653 805 1741 «Neque
851 1653 984 1719 vim
1034 1653 1241 1719 facere
1294 1651 1529 1718 debent
1576 1653 1642 1718 in
1698 1651 2099 1719 contrarium
2151 1652 2482 1721 declaratio
2534 1655 2702 1723 facta

427 1786 460 1822 «
491 1760 577 1825 24
629 1760 930 1825 februarii
986 1758 1158 1825 1594
1206 1764 1266 1825 et
1314 1760 1458 1826 aliae
1507 1760 1987 1843 concordantes,
2046 1761 2221 1849 quod
2274 1763 2588 1830 stantibus
2634 1763 2703 1831 in

426 1891 458 1928 «
488 1865 772 1955 capitulo
802 1865 1198 1948 doctoribuS,
1231 1865 1587 1932 necessario
1611 1888 1784 1932 unus
1814 1888 1895 1932 ex
1928 1866 2058 1933 illis
2085 1867 2391 1955 eligatur,
2425 1870 2702 1960 alioquin

383 2006 392 2015 ·
426 1972 810 2062 «deputatio
863 1971 941 2037 ad
998 1970 1568 2060 Metropolitanum
1619 1973 2011 2040 devolvatur.
2070 1973 2320 2053 Quia...
2386 1976 2701 2045 devolutio

425 2103 458 2177 ξ(
491 2077 791 2167 praedicta
840 2077 1227 2164 intelligitur
1270 2078 1338 2142 in
1384 2099 1535 2144 casu
1578 2078 1907 2145 electionis
1955 2100 2089 2145 non
2133 2079 2412 2147 doctoris
2456 2081 2702 2170 quando

423 2189 625 2272 «post
667 2189 810 2250 octo
842 2182 977 2249 dies
1026 2206 1068 2250 a
1109 2182 1488 2249 remissione
1528 2184 1608 2251 ad
1654 2184 1825 2251 idem
1872 2185 2230 2274 capitulum
2273 2207 2445 2279 nova
2491 2187 2702 2254 electio

420 2314 457 2354 ι(
487 2289 649 2357 facta
684 2313 814 2357 non
841 2295 1023 2375 esset,
1055 2297 1122 2356 ut
1163 2290 1326 2356 bene
1366 2291 1638 2379 explicat
1660 2291 1832 2358 dicta
1860 2291 2200 2359 declaratio
2224 2291 2297 2358 in
2332 2280 2700 2360 Mazariensi

420 2420 454 2458 «
484 2397 639 2462 anni
671 2397 865 2479 1569,
903 2396 997 2463 ibi
1028 2419 1043 2463 :
1074 2407 1136 2463 et
1172 2418 1242 2462 eo
1272 2418 1406 2463 non
1435 2396 1637 2464 electo
1675 2398 1749 2464 in
1788 2399 2070 2466 termino
2099 2398 2441 2488 assiqnato
2468 2399 2554 2466 ab
2582 2402 2703 2466 Ar-

418 2526 451 2562 «
489 2502 918 2591 chiepiscopO.
950 2527 984 2564 »

498 2602 945 2671 Nihilominus
971 2604 1312 2672 Monacelli
1342 2606 1886 2696 (Formularium,
1917 2607 2012 2674 tit.
2058 2608 2120 2689 1,
2165 2606 2432 2674 formula
2470 2606 2536 2693 2,
2583 2608 2700 2674 ad-

409 2717 546 2779 not.
596 2709 660 2801 5)
707 2710 1023 2777 existimat
1064 2709 1645 2799 derelinquendam
1683 2733 1814 2778 esse
1858 2711 2040 2778 illam
2080 2710 2406 2801 Pignatelli
2438 2718 2700 2780 senten-

408 2819 592 2903 tiam,
638 2824 698 2884 et
736 2821 946 2908 potius
976 2818 1438 2886 adhaerendum
1467 2816 1812 2897 Quarantae
1843 2817 2153 2908 (Summa
2180 2817 2473 2900 bullarii,
2504 2819 2702 2888 verbo

410 2925 905 3016 Arela'episeopi
937 2928 1323 3003 auctoritas,
1358 2948 1423 2991 n.
1458 2924 1594 3015 35),
1623 2924 1921 2992 Barbosae
1950 2924 2052 3015 (ad
2090 2948 2274 2992 conc.
2307 2925 2520 3009 Trid.,
2550 2948 2693 2995 sess·

413 3034 523 3120 14,
557 3054 614 3099 c.
661 3033 766 3115 16,
807 3055 873 3099 n.
916 3032 1045 3114 283
1089 3072 1180 3084 -—
1217 3036 1333 3099 Jus
1373 3032 1676 3115 ecelesiae,
1716 3032 1760 3098 l.
1806 3056 1851 3114 ι,
1898 3031 2059 3115 (3.7,
2104 3055 2172 3099 n.
2213 3032 2404 3119 102);
2440 3032 2695 3101 Ventri-

409 3141 555 3229 gliae
588 3138 877 3230 (Praoeis,
903 3140 999 3205 tit.
1034 3138 1128 3205 De
1156 3139 1387 3226 jurisd.
1421 3138 1940 3228 Archiepiscopi‚
1975 3161 2032 3206 c.
2064 3138 2178 3226 49,
2200 3161 2266 3204 n.
2300 3136 2448 3228 23);
2483 3137 2695 3206 Cardi-

408 3245 540 3309 nali
563 3246 641 3309 de
667 3246 843 3310 Luca
867 3242 984 3333 (De
1008 3244 1341 3311 canonicis
1368 3245 1664 3311 discursu
1692 3244 1806 3332 24,
1834 3267 1898 3311 n.
1919 3245 1955 3311 7
1979 3272 1994 3324 ;
2025 3283 2115 3294 —
2142 3250 2203 3311 et
2232 3245 2560 3312 discursiu
2585 3245 2687 3330 25,

407 3371 474 3415 n.
515 3348 606 3436 4).
655 3349 737 3413 Hi
773 3370 1005 3437 nempe
1042 3356 1335 3416 auctores
1369 3355 1584 3415 tenent
1621 3351 1733 3416 illa
1766 3350 2031 3418 concilii
2066 3349 2436 3418 Tridentini
2479 3352 2687 3433 verba,

406 3453 468 3521 si
488 3473 667 3519 secus
679 3452 935 3542 factum
957 3452 1193 3540 fuerit,
1227 3451 1320 3517 ad
1332 3454 1932 3542 Metropolitanum
1944 3455 2296 3546 deputatio
2311 3454 2695 3546 hujusmodi

409 3558 842 3644 devolvatur,
872 3560 1229 3646 utrumque
1275 3580 1495 3637 casum
1545 3560 1987 3649 pariformiter
2028 3563 2580 3652 comprehendere
2618 3562 2694 3629 ad

408 3667 709 3752 effectum
754 3665 1224 3747 devolutionis3
1275 3665 1361 3731 ita
1405 3666 1648 3733 scilicet
1692 3674 1763 3734 ut
1801 3669 2189 3758 capitulum,
2238 3669 2371 3734 sive
2416 3669 2697 3757 negligat

408 3794 594 3838 suam
623 3773 981 3839 facultatem
1009 3792 1299 3848 exercere
1326 3773 1500 3837 intra
1518 3777 1660 3839 octo
1683 3773 1843 3855 dies,
1865 3774 1994 3840 sive
2015 3774 2185 3841 male
2209 3783 2500 3841 exerceat
2517 3774 2701 3840 inha-

409 3874 610 3942 bilem
642 3878 963 3965 eligendO,
1012 3899 1129 3966 pro
1159 3878 1268 3943 illa
1304 3877 1441 3943 vice
1482 3879 1771 3965 privetur
1801 3879 1910 3945 tali
1947 3879 2269 3960 facultate,
2310 3900 2459 3965 quae
2490 3877 2702 3945 devol-

403 3988 590 4049 vatur
626 3986 705 4049 ad
749 3984 1336 4075 Metropolitanum,
1373 3982 1477 4049 vel
1524 3983 1901 4051 viciniorem
1939 3983 2338 4074 Episcopum
2359 3983 2547 4073 juxta
2575 3985 2706 4052 dis-

404 4088 792 4180 positionem
823 4091 1105 4158 concilii.
2672 4163 2679 4166 .

493 4193 628 4281 Ego
663 4197 879 4259 tamen
918 4200 1212 4265 existimo
1259 4197 1600 4265 tenendam
1640 4198 1854 4288 potius
1888 4197 2270 4265 sententiam
2315 4194 2700 4284 Pignatelli‚

401 4302 486 4370 oh
510 4298 900 4368 decisionem
925 4308 1277 4387 praesertim
1309 4304 1518 4373 Sacrae
1538 4304 2064 4393 Congregationis
2091 4301 2375 4385 concilii,
2405 4302 2476 4367 in
2503 4301 2706 4367 citata

400 4429 592 4472 causa
632 4405 1027 4472 Mazariensi.
2348 4403 2353 4408 ’
