2930 4982
1124 317 1203 360 nc
1250 314 1574 360 offricus.
2376 307 2450 361 53
2467 310 2498 362 7

207 434 490 529 jusmodi
537 433 783 502 electio,
843 433 937 501 lta
1001 434 1180 500 enim
1236 455 1523 524 expresse
1574 433 1900 501 decretum
1958 440 2052 501 est
2102 434 2173 499 in
2227 436 2501 505 concilio

213 542 498 635 generali
527 540 965 619 Lateranensi,
1008 541 1129 607 sub
1163 537 1533 607 Innocentio
1561 538 1640 604 lll
1670 538 1836 628 (cap.
1872 540 2375 631 Quiaproptert,
2405 547 2501 611 De

216 647 547 727 electione,
572 646 712 713 inl.
750 645 778 712 1
823 644 1287 726 Decretalium,
1343 644 1439 713 tit.
1491 643 1580 735 6).
1617 643 1778 711 ltem
1811 651 2061 712 certum
2107 655 2201 714 est
2236 647 2304 714 in
2338 650 2502 717 elec-

215 754 385 822 tione
428 752 844 819 Praelatorum
879 760 940 818 et
980 752 1358 818 officialium
1384 752 1558 841 apud
1589 751 1845 818 ordines
1875 752 2205 840 religiosos
2244 757 2501 845 procedi

213 861 444 929 dehere
491 881 604 949 per
646 863 886 926 secreta
918 863 1093 937 vota3
1132 864 1205 924 ut
1244 858 1458 925 stricte
1501 858 1767 925 mandat
1806 855 2189 923 Tridentina
2220 861 2501 945 synodus

215 967 390 1058 (sess
422 965 535 1048 25,
560 987 618 1031 c.
650 963 715 1050 6,
745 967 842 1032 De
865 963 1333 1055 reqularz'bus).
1371 965 1529 1032 Inde
1548 965 1705 1032 olim
1734 962 1935 1052 aliqui
1958 966 2249 1029 auctores
2276 963 2502 1030 infere-

211 1074 373 1142 bant
416 1073 694 1139 formam
724 1071 1016 1159 suffragii
1046 1060 1270 1140 secreti
1303 1094 1438 1139 esse
1469 1073 1708 1162 pariter
1739 1070 2097 1137 necessario
2125 1069 2505 1137 servandam

213 1200 248 1246 a
272 1178 558 1269 capitulo
575 1177 645 1243 in
678 1178 987 1245 electione
1005 1178 1230 1244 vicarii
1252 1177 1651 1268 capitulariS,
1679 1182 1946 1245 vacante
1973 1176 2143 1243 sede.

307 1284 384 1353 ll.
431 1283 637 1352 «Non
695 1290 913 1352 tamen
970 1284 1187 1352 subest
1231 1285 1570 1353 necessitas
1628 1282 1928 1353 servandi
1980 1282 2158 1348 illam
2208 1283 2507 1351 scrutinii

220 1416 255 1456 «
286 1391 568 1460 formam
602 1414 745 1482 quae
768 1414 885 1482 per
913 1413 1125 1459 sacros
1148 1412 1423 1457 canones
1456 1391 1825 1481 praescripta
1849 1394 1942 1455 est
1972 1390 2041 1455 in
2081 1388 2391 1456 electione
2417 1392 2508 1458 sa-

225 1526 259 1564 «
294 1498 523 1566 cienda
577 1500 657 1567 de
721 1499 990 1567 Praelato
1037 1500 1140 1567 vel
1179 1505 1431 1588 pastore
1476 1498 1756 1566 ecclesiae
1807 1498 2116 1584 viduatae3
2178 1519 2331 1563 cum
2392 1498 2511 1565 ista

226 1632 257 1670 «
289 1606 548 1696 (nempe
583 1607 815 1673 electio
861 1606 1103 1674 vicarii
1150 1605 1580 1697 capitularis)
1630 1627 1777 1671 vere
1819 1627 1948 1671 non
1983 1605 2063 1672 sit
2115 1606 2365 1688 electi0,
2398 1606 2508 1673 sed

224 1737 257 1775 «
288 1711 561 1801 simplex
580 1713 907 1801 deputatio
927 1737 972 1798 3.
989 1762 998 1779 .
1018 1763 1032 1778 .
1063 1713 1218 1779 adeo
1243 1719 1315 1779 ut
1348 1712 1474 1779 alia
1496 1733 1624 1778 non
1666 1712 1956 1798 exigatur
1982 1710 2329 1800 superioris
2355 1732 2508 1778 con-

220 1845 256 1882 «
288 1818 685 1906 firmatiO...‚
739 1818 869 1886 sive
927 1819 1253 1887 concessio
1292 1820 1655 1886 litterarum
1684 1818 2068 1908 patentium,
2102 1818 2239 1884 sine
2264 1818 2507 1906 quibus

225 1949 261 1987 «
290 1924 629 2014 deputatus
658 1924 828 1992 illico
870 1925 1322 1992 administrare
1379 1930 1602 2015 potest.
1640 1949 1674 1988 >³
1750 1923 2132 2010 (Cardinalis
2176 1924 2253 1990 de
2301 1924 2502 2006 Luca,

213 2029 703 2096 Adnotatz’ones
735 2029 1029 2096 adeone.
1079 2033 1133 2096 T
1134 2029 1301 2110 rid„
1326 2031 1487 2098 disc.
1539 2031 1647 2115 31,
1685 2052 1752 2097 n.
1801 2030 1942 2118 24.)
1970 2028 2114 2097 Non
2165 2029 2370 2094 teneri
2408 2049 2509 2094 ca-

214 2135 525 2221 pitulares
550 2137 629 2202 ad
659 2137 1039 2203 servandam
1084 2137 1359 2204 sormam
1402 2137 1630 2225 capitis
1690 2135 1871 2218 Quia
1909 2139 2209 2225 propter,
2267 2135 2507 2200 iterum

215 2246 445 2306 monet
465 2241 636 2307 idem
661 2240 1015 2309 Cardinalis
1044 2242 1121 2309 de
1142 2242 1319 2309 Luca
1348 2243 1470 2309 sub
1493 2244 1677 2309 titulo
1698 2245 1793 2307 De
1814 2240 2149 2308 canonicis
2192 2241 2509 2328 (discursu

210 2342 335 2425 26,
366 2367 434 2410 n.
469 2345 533 2435 4)
561 2370 575 2425 ;
607 2352 669 2412 et
693 2353 1007 2413 memorat
1035 2348 1531 2415 declarationem
1562 2347 1772 2415 Sacrae
1797 2345 2332 2435 Congregationis
2359 2367 2510 2413 con-

211 2450 360 2518 cilii
390 2473 425 2518 a
449 2451 672 2520 Garzia
719 2453 980 2520 relatam
1012 2452 1130 2545 (De
1173 2453 1536 2544 beneficiiS,
1566 2459 1730 2545 part.
1768 2452 1834 2536 5,
1870 2475 1928 2520 c.
1960 2451 2026 2532 7,
2080 2474 2147 2522 n.
2186 2452 2323 2544 22),
2368 2474 2512 2540 quae

211 2578 419 2624 omne
439 2558 719 2625 dubium
754 2558 941 2626 tollit.
972 2559 1218 2642 Postea,
1244 2565 1483 2627 testans
1512 2561 1600 2627 ita
1636 2560 1831 2627 etiam
1859 2560 2233 2647 frequenter
2285 2581 2321 2626 a
2352 2558 2512 2627 Rota

211 2661 417 2729 fuisse
448 2664 769 2753 decisum,
815 2665 1084 2733 remittit
1125 2666 1206 2733 ad
1258 2671 1593 2754 sequentes
1644 2665 2046 2732 decisiones:
2096 2664 2252 2743 289,
2309 2688 2376 2732 n.
2426 2665 2513 2736 30

212 2775 278 2835 et
307 2767 422 2855 38,
474 2769 740 2858 partisss
788 2771 1261 2858 recentiorum3
1293 2810 1383 2821 —
1435 2771 1593 2854 210,
1644 2792 1714 2837 n.
1770 2769 1838 2851 9,
1883 2770 2081 2858 partis
2113 2768 2190 2852 93
2227 2809 2318 2821 —
2367 2770 2511 2835 Ad-

211 2874 421 2941 dend.
444 2870 520 2941 ad
550 2875 830 2955 Buratt„
859 2877 1051 2943 decis.
1090 2877 1247 2959 809,
1262 2898 1348 2942 n.
1375 2876 1479 2944 19.
2155 2943 2159 2948 .

309 2978 423 3045 lll.
454 2979 588 3047 Nec
625 2983 761 3048 erui
787 2987 987 3071 potest
1009 2981 1314 3070 obligatio
1337 2984 1673 3052 servandae
1697 2984 2000 3050 scrutinii
2027 2984 2252 3051 formae
2283 3005 2383 3050 ex
2398 3005 2510 3050 su-

210 3106 335 3174 pra
368 3091 725 3154 memorato
755 3088 960 3176 capite
989 3087 1030 3155 6
1059 3086 1351 3154 sessionis
1368 3087 1453 3154 25
1487 3089 1749 3156 concilii
1774 3087 2181 3173 Tridentini3
2221 3110 2375 3155 cum
2404 3087 2513 3154 de-

212 3200 480 3258 cretum
508 3193 670 3259 illud
692 3193 1020 3281 regulares
1043 3198 1300 3260 tantum
1326 3194 1647 3283 respiciat.

308 3295 431 3365 lv.
470 3297 640 3385 Ergo
665 3304 804 3364 tum
829 3298 911 3365 ob
956 3320 1379 3365 communem
1429 3299 1770 3365 doctorum
1801 3258 2208 3384 sententiam,
2266 3303 2404 3365 tum
2437 3319 2513 3365 ex

211 3401 556 3492 praedictis
606 3403 986 3487 rationibUS,
1039 3408 1179 3470 tum
1227 3404 1551 3493 praecipue
1601 3402 1686 3470 ob
1717 3403 2173 3471 declarationes
2226 3403 2401 3471 Rotae
2453 3408 2515 3469 et

210 3508 282 3575 S.
313 3508 857 3596 Congregationis
878 3509 1162 3591 concilii,
1197 3515 1508 3596 tanquam
1536 3515 1782 3575 certum
1804 3509 2152 3575 tenendum
2178 3514 2301 3585 est,
2335 3507 2514 3572 nullo

211 3615 424 3681 modo
444 3615 715 3702 obligari
745 3615 1125 3705 capitulares
1157 3616 1234 3682 ad
1265 3616 1751 3704 procedendum
1800 3638 1915 3705 per
1942 3621 2180 3681 secreta
2209 3611 2515 3700 suffragia

211 3720 285 3787 in
307 3720 618 3807 eligendo
647 3721 887 3788 vicario
915 3721 1276 3811 capitulari.
1304 3720 1747 3789 Laudabiliter
1775 3726 1992 3787 tamen
2025 3720 2202 3787 illam
2235 3719 2512 3786 formam

209 3825 652 3906 adhibebunt,
681 3832 899 3917 utpote
945 3827 1023 3895 ad
1063 3828 1318 3895 vitanda
1342 3828 1548 3895 multa
1595 3827 2009 3895 incommoda
2054 3827 2376 3892 idoneam.
2437 3866 2441 3873 ·
