2930 4982
1104 388 1181 432 DE
1229 386 1558 434 cfflwus.
2347 382 2423 436 59
2436 383 2468 434 3

196 532 229 570 α
276 503 599 592 dicatum,
651 508 785 574 sive
828 512 995 575 stare
1037 507 1427 596 syndicatui‚
1478 508 1652 597 quod
1691 508 1860 576 nihil
1907 513 2002 575 est
2053 508 2227 576 aliud
2278 531 2472 599 quam

195 636 231 676 ι(
275 614 481 681 teneri
506 613 698 680 illum
716 614 1037 705 Episcopo
1060 615 1338 682 rationes
1357 614 1624 682 reddere
1652 615 2226 683 administrationis
2249 638 2404 684 suae.
2436 643 2469 677 ι»

287 743 322 784 «
367 718 559 788 Hunc
604 727 819 789 autem
871 720 1283 810 syndicatum
1330 722 1440 812 (ait
1473 721 1836 803 Monacelli‚
1885 727 2051 814 part.
2110 720 2149 789 3
2180 775 2197 805 ‚
2256 723 2354 790 tit.
2411 724 2473 800 1,

199 850 232 889 «
280 824 563 894 formula
619 827 728 911 41,
780 827 996 895 adnot.
1061 829 1121 917 1)
1183 828 1538 919 Episcopus
1585 829 1791 896 facere
1844 849 1976 897 non
2028 830 2300 915 omittat,
2360 850 2478 897 nec

194 956 229 995 «
280 937 529 1022 reputet
560 933 731 1000 hanc
775 933 1195 1001 omissionem
1246 956 1381 1002 esse
1422 934 1636 1001 levem
1669 960 1687 1020 ;
1730 933 1884 1023 quia
1938 932 2295 1001 concilium
2335 932 2480 1000 Tri-

199 1063 235 1103 «
282 1036 624 1105 dentinum
656 1037 886 1129 (capite
920 1039 1003 1107 16
1049 1041 1345 1108 sessionis
1385 1040 1497 1131 24)
1529 1061 1662 1107 non
1701 1040 2000 1123 consulit,
2046 1045 2158 1106 aut
2186 1041 2479 1108 hortatur

201 1170 235 1208 «
284 1143 707 1236 Episcopum,
765 1151 838 1213 ut
886 1147 1157 1236 recipiat
1204 1149 1525 1215 rationem
1577 1147 2158 1214 administrationis
2208 1146 2404 1214 officii
2450 1170 2486 1214 a

201 1278 236 1315 «
282 1251 521 1319 vicario
546 1257 607 1318 et
635 1252 778 1319 aliis
816 1251 1201 1320 officialibus
1240 1252 1535 1343 capituli,
1569 1253 1677 1320 sed
1706 1252 1766 1320 ei
1796 1252 2092 1343 praecipit
2114 1259 2176 1318 et
2205 1253 2484 1342 imperat

199 1386 236 1424 ι(
289 1357 417 1425 illis
457 1359 695 1447 verbis,
736 1360 1068 1427 rationem
1127 1359 1399 1450 exiqat,·
1428 1365 1490 1427 et
1529 1381 1644 1449 per
1678 1381 2077 1448 consequens
2129 1358 2486 1449 Episcopus

203 1494 237 1530 «
287 1466 560 1533 scienter
582 1466 884 1533 omittens
906 1466 972 1534 id
1002 1466 1210 1533 faeere
1236 1472 1455 1533 contra
1487 1470 1880 1556 praeceptum
1913 1464 2200 1546 concilii,
2237 1485 2368 1530 non
2397 1470 2490 1532 est

206 1602 238 1637 «
289 1571 606 1640 immunis
635 1595 672 1639 a
704 1571 897 1661 culpa
935 1571 1217 1659 mortali,
1265 1594 1378 1661 per
1423 1576 1667 1637 textum
1699 1571 1850 1637 satis
1890 1570 2140 1637 clarum
2174 1571 2243 1635 in
2286 1571 2491 1660 capite

207 1705 240 1742 «
290 1676 495 1746 Nulli
518 1679 632 1767 fas
670 1675 781 1764 (19
807 1675 985 1766 dist.)
1025 1683 1087 1743 et
1109 1698 1184 1744 ex
1209 1677 1352 1744 aliis
1369 1676 1641 1766 juribus
1668 1675 1747 1742 ad
1777 1676 1901 1742 hoc
1936 1674 2343 1764 probandum
2376 1677 2492 1743 ad-

208 1812 240 1848 «
290 1783 505 1850 ductis
535 1805 571 1849 a
596 1782 904 1870 Fagnano
937 1781 1028 1872 (in
1055 1804 1112 1849 c.
1149 1783 1506 1865 Quoniam,
1531 1805 1599 1849 n.
1623 1781 1734 1865 22,
1768 1784 1863 1849 De
1890 1781 2154 1848 constit.
2184 1805 2317 1864 3—-
2342 1788 2402 1847 et
2425 1783 2490 1848 in

209 1918 243 1954 (ι
293 1912 352 1956 e.
377 1888 431 1955 A
465 1888 767 1978 crapula,
799 1910 867 1955 n.
899 1888 1011 1971 21,
1036 1891 1132 1955 De
1159 1888 1305 1955 vita
1335 1900 1397 1954 ec
1428 1887 1679 1954 lzonesc.
1709 1887 1953 1978 derio.)
1982 1887 2206 1975 ,quue
2249 1887 2493 1978 optima

208 2024 245 2059 «
286 1995 534 2062 ratione
562 2015 599 2061 a
628 1994 909 2062 concilio
933 1994 1307 2059 ordinatum
1337 1992 1487 2078 ruit,
1519 1992 1673 2080 quia
1710 1989 1863 2057 inde
1893 2012 2022 2057 non
2056 2012 2249 2079 parva
2274 2012 2497 2080 prove·

213 2126 247 2164 ι(
293 2101 488 2166 niunt
530 2098 701 2165 bona
747 2119 762 2162 ε
808 2098 932 2164 hoc
994 2099 1175 2164 enim
1226 2097 1458 2165 timore
1528 2096 1854 2186 perterriti
1906 2096 2133 2164 vicarii
2199 2096 2491 2187 capituli,

216 2229 252 2267 «
295 2205 544 2291 aequius
571 2202 789 2269 officio
818 2202 1187 2290 funguntur
1208 2225 1351 2270 suo,
1385 2229 1418 2266 »

299 2309 675 2377 Formulam
710 2330 839 2398 qua
869 2308 1234 2399 Episcopus
1272 2309 1556 2376 notificet
1598 2307 1975 2375 habendum
2012 2307 2146 2376 sore
2188 2308 2497 2394 syndica-

210 2424 356 2483 tum
380 2416 606 2484 vicarii
633 2415 1025 2507 capitularis,
1064 2417 1205 2483 vide
1229 2415 1296 2481 in
1327 2414 1707 2507 appendice,
1744 2438 1810 2481 n.
1842 2413 2017 2482 XVI.

2148 4548 2213 4592 38
