2930 4982
347 368 382 424 6
394 371 429 423 4
624 370 627 373 ’
1317 372 1354 415 Τ
1356 368 1660 416 ΒΑΕΤΑΊἩΒ

346 492 609 561 dentina
654 491 958 579 synoduS,
1010 490 1120 558 sed
1164 489 1438 581 ipsamet
1480 508 1615 554 non
1666 485 1839 554 fecit.
1893 486 2062 554 Hinc
2110 487 2225 555 ubi
2278 488 2635 557 executioni

347 600 643 668 nondum
700 597 920 665 fuisset
979 595 1061 664 ab
1109 595 1448 686 Episcopis
1509 593 1812 661 mandata
1885 593 1988 661 lex
2045 595 2162 662 illa
2223 594 2634 682 Tridentina,

345 706 629 775 occurrit
675 705 900 794 magni
954 703 1268 771 momenti
1329 701 1851 769 consectarium:
1913 701 2007 768 ibi
2061 723 2295 791 nempe
2347 722 2482 770 non
2526 724 2639 792 ap-

344 814 571 905 plicari
635 835 816 904 posse
856 814 966 902 jus
1020 809 1484 877 Tridentinum
1541 809 1755 898 quoad
1802 814 2056 878 aetatem
2099 815 2164 876 et
2192 808 2491 877 ordinem
2540 831 2642 878 sa·

344 943 537 990 crum
591 919 927 1009 requisita,
967 918 1076 985 sed
1106 915 1321 983 adhuc
1367 936 1444 982 ea
1501 916 1782 1005 pendere
1832 937 1868 981 a
1912 917 2063 1003 jure
2112 916 2452 984 communi
2489 921 2636 983 ante

346 1024 797 1094 Tridentinam
824 1024 1143 1114 synodum
1183 1022 1453 1111 vigenti.
1497 1047 1533 1086 «
1560 1020 1930 1089 Dicendum
1959 1027 2075 1107 est,
2112 1028 2260 1089 ante
2289 1022 2637 1113 specialem

353 1159 390 1200 α
418 1134 847 1201 annexionem
904 1129 1232 1220 Episcopi,
1290 1129 1369 1196 ad
1429 1128 1816 1196 obtinendos
1870 1129 2286 1196 canonicatus
2331 1129 2434 1194 vel
2491 1150 2638 1218 por-

353 1243 622 1307 «tiones
661 1240 730 1306 in
762 1231 1112 1306 cathedrali
1150 1235 1419 1303 ecclesia
1462 1257 1596 1301 non
1644 1233 1811 1323 exigi
1858 1240 2126 1302 aetatem.
2153 1236 2232 1302 ad
2285 1234 2498 1301 ullum
2523 1252 2637 1302 'sa-

355 1374 389 1410 «
419 1368 609 1413 crum
671 1343 969 1412 ordinem
1020 1340 1436 1430 requisitam3
1490 1340 1616 1407 sed·
1651 1340 1949 1408 sufficere
1998 1340 2400 1408 habilitatem
2464 1362 2637 1431 prae-

352 1479 388 1518 «
417 1452 725 1542 scriptam
754 1472 793 1518 a
825 1451 978 1539 jure
1007 1446 1370 1516 communi.
1419 1446 1500 1514 Et
1547 1446 1721 1514 hanc
1762 1446 2148 1514 sententiam
2191 1448 2332 1536 jam
2376 1447 2634 1538 pridem

354 1587 390 1624 «
416 1558 711 1650 probavit
772 1579 952 1624 sacra
1010 1554 1424 1644 congregatio
1501 1551 1947 1621 Cardinalium
2024 1546 2311 1643 ejusdem
2371 1554 2634 1621 concilii

352 1666 871 1753 «interpretum.
928 1660 1094 1728 Nam
1147 1658 1622 1742 FerdinanduS,
1665 1659 1869 1726 aetatis
1920 1681 2247 1727 annorum
2308 1659 2416 1742 18,
2460 1658 2637 1726 obti-

354 1795 389 1834 «
420 1769 565 1835 nuit
597 1768 1054 1836 canonicatum
1077 1768 1146 1833 in
1177 1764 1527 1832 cathedrali
1565 1763 1899 1849 Ovetensi3
1935 1786 2068 1853 quo
2096 1786 2253 1832 cum
2276 1764 2632 1855 Episcopus

353 1901 390 1939 α
418 1874 606 1941 vellet
632 1895 787 1942 eum
819 1874 1101 1963 privare,
1134 1870 1289 1959 quia
1312 1872 1447 1937 non
1478 1874 1612 1937 erat
1646 1869 1716 1935 in
1744 1871 1856 1937 tali
1886 1876 2064 1938 aetate
2089 1877 2163 1937 ut
2185 1871 2354 1938 infra
2378 1877 2633 1960 tempus

354 2002 445 2046 «a
479 1981 628 2069 jure
667 1985 980 2048 statutum
1019 1978 1243 2045 saltem
1281 1977 1361 2044 ad
1410 1975 1950 2044 subdiaconatum
1989 1978 2356 2067 promoveri
2400 1982 2629 2068 posset,

351 2110 386 2149 «
416 2086 574 2153 adiit
625 2106 874 2152 sacram
922 2083 1492 2171 congregationem
1515 2082 1800 2149 2concilii
1837 2082 2085 2163 dicenS,
2135 2084 2428 2151 sufficere
2451 2089 2525 2151 ut
2548 2084 2630 2150 sit

349 2214 386 2255 α
413 2191 483 2258 in
517 2198 696 2260 aetate
727 2191 931 2259 habili
953 2191 1034 2258 de
1050 2191 1200 2278 jure
1229 2189 1572 2257 communi
1592 2189 1672 2255 ad
1692 2188 2123 2257 obtinendum
2146 2192 2626 2274 canonicatum,

354 2324 389 2363 «
416 2319 652 2388 nempe
686 2298 770 2365 14
798 2297 988 2366 annis
1010 2297 1392 2387 completis.
1437 2294 1607 2362 Nam
1642 2294 2000 2363 concilium
2025 2295 2093 2364 in
2136 2298 2262 2365 hoc
2309 2319 2460 2366 casu
2498 2317 2629 2362 non

355 2408 620 2491 «potest
658 2402 896 2468 habere
950 2402 1194 2484 locum,
1246 2424 1403 2469 cum
1440 2401 1525 2467 ,in
1582 2401 1754 2468 dicta
1799 2403 2066 2470 ecclesia
2111 2403 2324 2471 adhuc
2364 2425 2497 2470 non
2550 2403 2631 2470 sit

352 2532 388 2569 «
416 2506 580 2573 facta
607 2508 916 2574 ordinum
959 2507 1353 2574 distributio.
1396 2542 1490 2555 —
1522 2503 1719 2573 Sacra
1759 2509 2169 2596 congregatio
2206 2508 2456 2574 censuit
2495 2530 2629 2574 non

354 2636 388 2674 «
415 2633 599 2700 posse
632 2611 895 2702 privari,
934 2619 995 2679 et
1031 2614 1086 2680 si
1124 2635 1256 2680 non
1288 2613 1369 2679 sit
1396 2612 1468 2677 in
1506 2633 1581 2678 ea
1608 2618 1790 2679 aetate
1817 2635 1945 2701 qua
1971 2613 2051 2679 ad
2092 2611 2630 2680 subdiaconatum

353 2742 388 2781 «
415 2718 780 2807 promoveri
826 2718 1071 2809 possit,
1098 2718 1154 2786 si
1216 2718 1583 2809 Episcopus
1642 2718 1938 2785 nondum
1996 2717 2323 2785 distribuit
2385 2721 2629 2808 quibus

354 2848 388 2886 «
414 2824 690 2914 quisque
724 2825 883 2892 ordo
912 2845 987 2890 ex
1022 2823 1220 2891 sacris
1261 2846 1553 2892 annexus
1597 2843 1733 2889 esse
1770 2821 2018 2907 debeat,
2054 2828 2247 2911 prout
2275 2825 2631 2891 concilium

351 2953 386 2992 κ
419 2931 708 2999 mandat.
762 2930 985 3020 ltaque
1025 2931 1432 2998 monendum
1478 2950 1632 2997 eum
1679 2949 1761 2994 ne
1803 2928 1871 2994 id
1920 2928 2131 2995 facere
2168 2929 2419 2997 differat
2489 2954 2631 2997 am—

354 3060 388 3098 «
411 3037 606 3126 plius,
642 3063 676 3100 »
711 3036 1029 3127 (Fagnan‚
1060 3038 1128 3103 in
1158 3036 1229 3105 C.
1272 3038 1439 3104 Cum
1481 3035 1552 3102 in
1597 3034 1871 3118 cunctis,
1914 3035 1992 3102 de
2028 3036 2360 3120 electione,
2393 3059 2461 3104 n.
2493 3037 2630 3125 71.)

434 3141 517 3211 V.
559 3142 731 3223 Quid
755 3144 923 3232 juris
963 3144 1173 3231 quoad
1212 3148 1596 3231 praesentem
1622 3142 2043 3208 ecclesiarum
2082 3140 2302 3207 Galliae
2343 3146 2631 3209 statum?

343 3248 726 3327 —Quando
771 3267 943 3317 anno
971 3249 1166 3333 1801,
1191 3250 1254 3315 vi
1281 3248 1488 3314 Bullae
1531 3247 1664 3327 Qui
1690 3246 1942 3311 Christi
1970 3245 2241 3311 Domini
2268 3268 2627 3337 suppressae

344 3360 407 3421 et
447 3356 703 3443 penitus
739 3357 1032 3423 extinctae
1066 3357 1330 3422 fuerunt
1369 3374 1598 3420 omnes
1636 3350 1919 3417 ecclesiae
1954 3348 2207 3429 Galliae,
2257 3373 2438 3419 novae
2479 3373 2627 3441 quae

345 3466 570 3529 erectae
599 3467 771 3540 sunt,
829 3462 954 3528 hoc
1002 3462 1140 3549 ipso
1189 3459 1364 3549 quod
1413 3457 1592 3524 nasci
1639 3461 1798 3524 tunc
1845 3458 2295 3525 tantummodo
2350 3459 2630 3549 incipie-

343 3568 524 3653 bant,
580 3568 854 3652 nullam,
888 3567 1214 3634 habebant
1265 3562 1837 3642 consuetudinem,
1885 3563 2152 3632 nullum
2198 3566 2473 3656 proinde
2519 3568 2631 3655 jus

345 3697 421 3742 ex
465 3674 953 3745 consuetudine.
1000 3672 1412 3741 Consuetudo
1459 3692 1615 3760 ergo
1647 3670 1762 3738 illa
1807 3670 2155 3739 laudabilis
2210 3669 2312 3763 (de
2374 3694 2505 3761 qua
2556 3673 2627 3740 in

350 3783 542 3849 modo
581 3784 772 3851 citato
799 3779 1180 3849 Tridentino
1216 3777 1499 3869 decreto)
1540 3789 1773 3845 utnon
1806 3777 1933 3845 nisi
1977 3777 2327 3846 sacerdotes
2364 3780 2627 3847 canoni-

348 3887 598 3955 catibus
621 3888 1131 3979 provideantur,
1174 3888 1245 3954 in
1305 3885 1685 3975 hujusmodi
1746 3883 2109 3950 recentibus
2160 3884 2443 3952 ecclesiis
2495 3891 2628 3953 'non

347 3992 646 4080 vigebat3
684 3994 801 4061 etsi
835 3994 1145 4082 viguisset
1191 3992 1262 4058 in
1310 3990 1598 4059 ecclesiis
1643 3988 1956 4056 extinctis,
2010 3989 2272 4057 Attento
2313 4012 2468 4080 ergo
2495 3992 2627 4059 solo

341 4101 492 4189 jure
521 4098 886 4187 communi,
926 4100 1282 4190 potuissent
1317 4096 1520 4188 primi
1565 4096 1806 4162 harum
1832 4094 2088 4164 sedium
2132 4096 2458 4188 Episcopi,
2503 4120 2630 4189 po-

347 4205 617 4274 tuissent
651 4210 713 4272 et
748 4227 1143 4273 successores
1191 4226 1306 4295 per
1355 4204 1602 4292 aliquot
1637 4222 1960 4269 annorum
2008 4205 2317 4294 spatium,
2365 4204 2631 4272 canoni-

347 4317 526 4379 catus
548 4316 886 4378 annectere
926 4310 1085 4377 alios
1129 4306 1622 4398 presbyteratui,
1656 4305 1816 4374 alios
1844 4307 2239 4392 diaconatui,
2278 4310 2436 4377 alios
2473 4309 2623 4377 sub-

351 4415 762 4486 diaconatui:
821 4436 952 4505 quo
1007 4416 1196 4498 sacto,
1249 4415 1456 4505 recipi
1509 4412 1868 4505 potuissent
1916 4415 1985 4483 in
2043 4417 2391 4486 canonicos
2431 4417 2627 4484 etiam
