2930 4982
1194 329 1272 377 m:
1317 328 1646 377 CArl'ruus.
2453 325 2474 379 1
2501 325 2572 379 19

1194 609 1487 673 CAPUT
1542 610 1666 671 XII
1739 622 1742 625 “

888 792 964 837 DE
1006 792 1390 841 PUNC‘I'ATORE
1431 793 1511 839 ΕΤ
1556 792 1695 839 mus
1736 793 1962 840 omem

368 983 726 1052 Punctator
758 983 1002 1052 dicitur
1051 985 1409 1054 canonicus
1439 986 1543 1053 vel
1588 983 1755 1053 alius
1797 985 2144 1075 deputatus
2186 990 2257 1053 ut
2286 986 2578 1056 absentes

289 1096 567 1158 annotet.
599 1090 786 1172 Quod
809 1112 1053 1159 nomen
1081 1093 1345 1160 sortitus
1370 1090 1629 1159 videtur
1646 1113 1721 1160 ex
1744 1112 1820 1159 eo
1836 1091 2012 1180 quod
2040 1090 2236 1160 soleat
2262 1100 2581 1183 punctum

290 1196 639 1265 inscribere
666 1204 808 1287 post
836 1218 1077 1266 nomen
1115 1200 1434 1289 cujusque
1464 1197 1766 1266 absentis.

371 1302 547 1383 Quot
587 1302 858 1372 decretis
895 1309 957 1372 et
993 1311 1233 1395 quanta
1273 1327 1429 1374 curn
1475 1303 1916 1373 sollicitudine
1962 1302 2247 1373 Ecclesia
2292 1304 2582 1375 residen-

287 1411 435 1478 tiam
468 1416 532 1478 et
570 1432 902 1479 sacrorum
946 1412 1321 1481 officiorum
1361 1412 1651 1481 debitam
1682 1410 2111 1500 expletionem
2156 1412 2487 1481 canonicis
2522 1417 2586 1481 et

288 1516 683 1585 beneficiatis
745 1519 1240 1609 praescripserit,
1301 1523 1618 1587 testantur
1656 1518 1832 1607 juris
1893 1516 2308 1586 ecclesiastici
2355 1540 2587 1588 monu-

287 1629 504 1690 menta
538 1622 907 1693 innumera.
953 1623 1232 1713 Verum,
1265 1626 1356 1693 ait
1392 1624 1781 1693 Benedictus
1818 1621 1972 1692 XIV
2018 1623 2137 1713 (De
2188 1645 2331 1712 syn.
2386 1625 2576 1694 dioec.

287 1725 334 1792 l.
382 1749 477 1810 w,
509 1751 567 1796 c.
606 1727 671 1818 4)
708 1753 742 1792 ι(
770 1729 958 1798 facile
988 1729 1409 1798 eluderentur
1434 1734 1529 1798 tot
1564 1731 1876 1798 salutares
1904 1728 2421 1817 constitutioneS,
2458 1731 2584 1800 nisi

299 1855 335 1894 κ
379 1833 447 1899 in
481 1834 761 1924 singulis
790 1835 1268 1905 cathedralibus
1306 1841 1370 1904 et
1392 1836 1748 1925 collegiatis
1777 1834 2062 1903 ecclesiis
2089 1834 2247 1904 certi
2270 1834 2588 1925 designati

298 1962 330 2000 α
375 1938 587 2008 forent
626 1940 946 2025 canonici,
1003 1964 1116 2010 seu
1161 1944 1289 2010 alio
1337 1961 1755 2031 quocumque
1798 1941 2068 2008 nomine
2114 1947 2586 2031 nuncupentur

293 2070 325 2109 «
372 2045 800 2132 beneficiarii,
823 2048 1064 2137 quibus
1084 2069 1249 2117 onus
1269 2048 1681 2117 incumberet
1708 2052 2007 2115 accurate
2025 2046 2373 2114 adnotandi
2394 2052 2586 2136 quot-

290 2177 325 2217 «
368 2158 528 2240 quot
550 2154 623 2219 in
648 2154 845 2222 choro
864 2156 1137 2244 aliisque
1160 2156 1360 2224 sacris
1381 2153 1831 2225 functionibus
1854 2152 2329 2237 desiderantur,
2356 2159 2417 2220 et
2442 2155 2591 2242 qui-

285 2281 324 2320 «
374 2256 504 2321 bus
527 2259 924 2324 nominatim
945 2260 1200 2340 diebus,
1229 2267 1341 2324 aut
1362 2280 1401 2324 a
1426 2279 1560 2345 qua
1586 2257 1925 2346 speciatim
1953 2256 2157 2320 divini
2187 2256 2382 2322 officii
2415 2263 2594 2346 parte

295 2382 334 2421 «
387 2357 501 2424 hic
543 2364 655 2425 aut
684 2360 793 2428 ille
824 2383 890 2429 se
919 2363 1259 2431 subducat.
1292 2362 1417 2444 Qui
1468 2383 1619 2431 vero
1645 2363 1724 2429 ad
1762 2361 2082 2451 ejusmodi
2120 2383 2363 2429 munus
2401 2362 2593 2431 desti·

291 2489 328 2530 (ι
370 2466 800 2535 nantur'olim
840 2468 1041 2537 dictos
1083 2469 1281 2537 fuisse
1327 2467 1799 2538 obedientiales
1842 2467 2048 2559 (quasi
2098 2490 2173 2536 ex
2219 2490 2396 2537 mera
2437 2468 2588 2540 obe-

292 2599 328 2639 «
374 2573 620 2641 dientia
646 2575 936 2644 invisum
974 2599 1217 2646 munus
1245 2578 1542 2646 subirent
1566 2576 1940 2667 inquirendi
1962 2577 2032 2644 in
2059 2577 2338 2645 aliorum
2372 2578 2585 2667 negli-

294 2701 329 2742 «
367 2679 679 2770 gentiam)
720 2702 795 2747 ex
832 2682 1116 2772 quodam
1145 2682 1494 2774 diplomate
1524 2683 1888 2751 Innocentii
1917 2681 2002 2749 lll
2028 2688 2326 2751 autumat
2355 2683 2584 2753 Petrus

299 2807 331 2846 «
367 2780 672 2852 Morettus
695 2784 812 2875 (De
835 2788 966 2855 ritu
985 2789 1184 2857 dandi
1205 2789 1710 2880 presbyterium,
1727 2812 1794 2879 p.
1827 2790 1891 2871 l,
1917 2794 2070 2856 sect.
2097 2789 2253 2874 5,'n.
2281 2786 2370 2875 3).
2389 2787 2585 2857 Nunc

301 2911 332 2949 «
374 2892 588 2955 autem
623 2895 1062 2961 communiter
1088 2893 1286 2983 vulgo
1314 2894 1622 2962 dicuntur
1638 2890 2099 2984 punctatores.
2147 2893 2364 2978 Atque
2411 2892 2492 2958 ad
2520 2892 2587 2959 id

303 3016 334 3055 «
373 2996 670 3063 muneris
700 2997 772 3064 in
799 2999 1078 3087 singulis
1101 3000 1384 3066 ecclesiis
1411 3000 1545 3065 duo
1568 2999 1962 3086 plerumque
1995 2996 2407 3085 deliguntur3
2440 3002 2585 3066 tum

305 3122 334 3161 «
375 3105 447 3167 ut
474 3123 609 3169 uno
640 3101 954 3193 impedito
977 3105 1140 3171 alter
1166 3124 1302 3171 non
1329 3102 1517 3186 desit,
1551 3108 1695 3169 tum
1724 3101 2135 3192 potissimum
2155 3107 2225 3169 ut
2244 3101 2523 3192 alicujus
2548 3123 2587 3171 a

305 3229 334 3267 «
373 3207 567 3276 choro
598 3208 956 3279 absentiam
987 3210 1183 3278 ambo
1210 3208 1631 3277 uniformiter
1657 3213 1983 3295 testanteS,
2017 3230 2279 3280 omnem
2312 3231 2350 3276 a
2379 3231 2444 3276 se
2479 3231 2582 3279 re-

304 3334 336 3374 «
372 3321 675 3382 moveant
697 3318 1130 3407 suspicionem
1159 3316 1433 3385 fraudis.
1461 3315 1555 3384 Ex
1580 3316 1685 3384 his
1714 3314 1992 3399 duobus,
2027 3337 2235 3383 unum
2269 3316 2584 3406 deputan-

309 3442 337 3480 «
377 3420 536 3487 dum
585 3444 622 3489 a
667 3424 974 3514 capitulo,
1031 3424 1311 3493 alterum
1360 3424 1442 3491 ab
1480 3423 1824 3515 Episcopo,
1869 3423 2153 3491 decrevit
2194 3421 2259 3491 S.
2315 3422 2584 3491 Carolus

309 3547 338 3586 «
380 3523 790 3597 Borromaeus
832 3531 902 3597 in
943 3531 1158 3620 primo
1214 3530 1492 3598 concilio
1548 3530 1930 3621 provinciali
1989 3528 2452 3598 Mediolanensi
2472 3552 2578 3610 ;...
2671 3603 2676 3614 Ν

309 3652 337 3690 «
369 3631 611 3718 quibus
668 3633 952 3719 vestigiis
1008 3633 1412 3701 laudabiliter
1463 3640 1525 3701 et
1575 3641 1789 3701 sancte
1849 3633 2070 3722 plures
2126 3632 2236 3698 alii
2282 3630 2585 3718 Episcopi

309 3759 336 3796 «
375 3736 796 3806 inhaeserunt.
841 3761 877 3800 1⁰

387 3865 420 3905 «
464 3841 836 3912 Universim
866 3839 1192 3932 loquendo
1221 3839 1452 3908 electos
1475 3840 1543 3906 in
1565 3844 1999 3930 punctatoreS‚
2036 3839 2420 3931 priusquam
2440 3841 2584 3909 offi-

312 3969 340 4008 «
374 3947 555 4015 cium
581 3954 936 4032 assumant,
962 3969 1096 4016 esse
1112 3946 1538 4037 jurejurando
1573 3945 2069 4035 obstringendos
2093 3946 2172 4015 ad
2196 3946 2356 4015 illud
2385 3949 2588 4017 tideli-

311 4074 340 4111 «
381 4058 477 4119 ter
521 4055 926 4142 obeundum,
955 4053 1151 4121 edixit
1190 4053 1390 4122 Sacra
1418 4053 1847 4142 Congregatio
1878 4053 2137 4122 concilii
2163 4054 2258 4146 (in
2286 4057 2583 4123 Maceroe-

315 4181 345 4220 «
388 4161 576 4249 tensi,
626 4162 710 4230 26
741 4163 964 4253 aprilis
1011 4161 1206 4245 1664,
1252 4161 1424 4228 libro
1454 4181 1612 4226 xxiv
1644 4160 2072 4242 decretorum,
2125 4183 2272 4251 pag.
2327 4159 2506 4248 328).
2541 4184 2578 4224 »

394 4268 769 4338 Formulam
799 4274 1016 4335 autem
1035 4266 1398 4357 juramenti
1437 4266 1531 4333 sic
1562 4266 1953 4358 praescripsit
1979 4266 2051 4334 in
2086 4288 2206 4333 sua
2249 4263 2587 4354 provincia

313 4383 559 4445 sanctus
583 4374 848 4444 Carolus
878 4371 1285 4442 Borromaeus
1310 4394 1327 4439 z
1353 4372 1505 4459 qu
1530 4373 1614 4442 N.
1638 4372 2060 4463 punctatoris
2079 4369 2385 4459 officium
2414 4364 2593 4452 quod
