2930 4982
1099 358 1180 403 nn
1219 357 1547 406 cunnus,
2346 353 2469 413 257

221 476 642 562 «urbanitate,
673 477 780 545 sed
813 497 887 545 ex
922 477 1162 560 debito,
1198 477 1385 544 illum
1419 477 1728 546 associare
1769 477 1849 545 ad
1875 478 2210 548 ecclesiam
2259 482 2477 552 cathe-

220 611 245 650 «
273 584 535 669 dralem,
566 583 654 649 ita
680 587 755 649 ut
782 583 862 649 ad
891 570 1085 649 talem
1127 581 1432 650 effectum
1463 588 1803 651 teneantur
1840 583 1938 651 illi
1968 585 2229 653 obviam
2258 585 2380 671 ire,
2412 593 2477 656 et

223 688 523 779 «quidem
552 708 758 775 usque
787 686 866 754 ad
906 688 1046 776 ejus
1072 686 1416 777 palatium,
1465 693 1580 756 aut
1618 688 1837 756 aulam
1860 689 1936 757 ad
1962 690 2026 759 id
2063 691 2470 775 destinatam,

221 820 245 859 «
266 793 553 884 quamvis
576 792 889 882 palatium
917 814 1048 859 non
1078 793 1159 859 sit
1183 796 1571 882 contiguum
1612 794 1923 881 ecclesiae,
1955 795 2309 866 dummodo
2341 818 2475 868 non

217 902 344 969 «sit
375 900 617 968 distans
641 897 812 966 ultra
856 903 1116 965 centum
1146 900 1473 988 sexaginta
1504 922 1763 992 passus3
1809 906 1968 970 tunc
2009 901 2186 971 enim
2222 903 2478 974 deberet

220 1006 615 1098 «Episcopus
645 1007 948 1074 associari
974 1029 1049 1073 ex
1078 1006 1298 1095 aliquo
1332 1005 1476 1075 loco
1506 1005 1587 1074 ad
1621 1006 1686 1074 id
1720 1006 2035 1078 destinato
2054 1031 2254 1102 prope
2278 1012 2482 1083 eccle-

220 1113 457 1194 «siam,
495 1113 688 1198 veljn
714 1113 996 1180 ecclesiae
1024 1114 1225 1204 ipsius
1249 1115 1411 1181 atrio
1438 1120 1550 1181 aut
1574 1113 1781 1182 scalis.
1809 1113 1957 1182 Post
1980 1122 2304 1205 peractam
2336 1138 2486 1187 vero

218 1243 244 1283 «
268 1240 407 1287 rem
429 1239 703 1297 sacram,
725 1219 913 1287 debet
932 1221 1294 1311 capitulum
1310 1219 1619 1288 associare
1634 1219 2029 1313 Episcopum
2050 1221 2482 1308 recedentem,

220 1347 244 1409 ᾳ
272 1323 494 1390 saltem
544 1346 749 1413 usque
794 1326 873 1393 ad
930 1332 1184 1417 portam
1236 1327 1545 1395 ecclesiae.
1598 1326 1776 1395 Idem
1820 1326 2169 1415 intelligas,
2227 1329 2488 1417 quando

219 1454 245 1494 «
270 1428 626 1520 Episcopus
645 1432 724 1498 ad
749 1432 1090 1500 ecclesiam
1111 1436 1289 1501 venit
1303 1440 1376 1501 ut
1398 1433 1772 1502 solemniter
1790 1433 1883 1499 rei
1905 1432 2142 1499 divinae
2161 1432 2428 1502 assistat.
2442 1484 2487 1503 ..

218 1563 245 1603 «
271 1537 532 1605 Alicubi
562 1528 637 1606 ex
675 1537 987 1607 laudabili
1034 1541 1508 1609 consuetudine
1549 1540 1736 1609 debet
1782 1538 2141 1630 capitulum
2187 1541 2499 1611 associare

223 1643 662 1735 «Episcopum
687 1647 1091 1714 recedentem
1122 1670 1328 1738 usque
1357 1647 1436 1715 ad
1470 1649 1611 1737 ejus
1651 1646 1973 1737 palatium
2003 1651 2066 1713 et
2097 1645 2316 1713 aulam
2354 1646 2497 1717 des-

219 1774 247 1815 «
285 1751 577 1820 tinatam.
623 1751 798 1820 Hinc
829 1752 1017 1821 Sacra
1058 1754 1484 1842 Congregatio
1523 1753 1627 1821 die
1660 1753 1748 1819 24
1780 1753 1938 1820 maii
1976 1751 2150 1820 1619
2193 1753 2262 1820 in
2314 1755 2369 1820 T
2369 1753 2498 1823 ele·

220 1881 249 1920 «
282 1856 422 1925 sina
454 1859 730 1943 censuit,
764 1862 939 1949 quod
970 1862 1505 1950 quotiescumque
1521 1858 1880 1948 Episcopus
1909 1859 2179 1926 indutus
2197 1880 2404 1949 cappa
2431 1879 2498 1927 se

222 1987 250 2026 «
281 1964 527 2031 confert
569 1966 649 2032 ad
679 1965 1051 2051 ecclesiam,
1092 1966 1265 2032 utin
1297 1965 1523 2032 eadem
1565 1964 1800 2031 divinis
1826 1964 2056 2033 officiis
2086 1964 2366 2043 intersit,
2394 1970 2505 2033 aut

242 2095 274 2134 «
304 2064 684 2141 solemniter
715 2070 1124 2156 celebret,vel
1148 2071 1303 2139 alias
1350 2070 1720 2137 functiones
1765 2071 2161 2159 pontificales
2186 2079 2501 2155 exerceat,

215 2201 245 2241 «
274 2178 601 2256 canonici,
655 2178 884 2245 habitu
937 2178 1297 2245 canonicali
1354 2176 1601 2260 induti,
1647 2174 2044 2263 Episcopum
2094 2177 2175 2242 ab
2215 2178 2507 2263 ejusdem

212 2307 245 2347 «
275 2281 587 2368 Episcopi
612 2280 806 2347 domo
826 2282 907 2347 ad
929 2282 1294 2363 ecclesiam,
1322 2286 1385 2348 et
1409 2281 1492 2346 ab
1515 2279 1789 2346 ecclesia
1811 2279 1887 2345 ad
1918 2278 2216 2346 eamdem
2239 2280 2510 2348 domum

232 2385 597 2452 «associare
617 2391 981 2453 teneantur.

305 2518 341 2557 «
371 2490 868 2561 Praescindendo
905 2500 1125 2561 autem
1169 2515 1206 2560 a
1251 2493 1722 2561 consuetudine
1752 2491 1853 2560 vel
1886 2494 2263 2585 particulari
2292 2493 2510 2584 aliqua

215 2625 248 2666 «
274 2599 443 2688 lege,
475 2599 615 2666 haec
652 2604 782 2666 tam
811 2600 1026 2667 stricta
1072 2598 1381 2687 obligatio
1416 2598 1775 2667 associandi
1810 2598 2202 2691 Episcopum
2235 2621 2369 2668 non
2405 2599 2510 2668 'm-

218 2733 250 2773 «
278 2706 532 2776 cumbit
570 2706 849 2796 capitulo
890 2707 1075 2774 toties
1115 2706 1363 2794 quoties
1403 2705 1765 2796 Episcopus
1801 2707 1881 2773 ad
1910 2708 2253 2774 ecclesiam
2302 2705 2507 2788 venit,

219 2840 250 2877 «
278 2815 391 2881 sed
413 2813 745 2879 dumtaxat
766 2812 839 2878 in
866 2811 1043 2879 festis
1066 2811 1569 2879 solemnioribus
1598 2835 1618 2878 ε
1659 2810 2054 2877 solemniora
2080 2816 2299 2875 autem
2327 2809 2510 2895 festa,

217 2946 249 2985 «
280 2922 359 2984 ut
387 2916 640 2984 eruitur
675 2937 750 2981 ex
784 2909 1281 2997 Caeremoniali,
1310 2921 1374 2981 et
1410 2937 1486 2981 ex
1528 2915 1670 2982 aliis
1716 2914 1948 3002 litteris
1991 2911 2411 3002 Apostolicis,
2442 2934 2520 2983 ac

220 3051 253 3090 «
280 3020 828 3092 declarationibus
875 3019 1345 3116 Cardinalium,
1379 3025 1533 3086 sunt
1560 3044 1578 3086 ε
1630 3019 1868 3085 festum
1906 3018 2257 3102 PaschatiS,
2292 3019 2516 3089 Pente-

228 3155 259 3195 «
289 3135 516 3208 costeS,
539 3125 902 3195 Nativitatis
922 3125 1187 3207 Christi,
1212 3124 1623 3216 Epiphaniae,
1642 3124 1818 3193 feriae
1835 3124 1897 3193 V
1914 3124 1983 3193 in
2006 3124 2204 3194 Coena
2219 3125 2510 3213 Domini,

229 3261 263 3301 «
289 3234 849 3317 AnnuntiationiS,
882 3239 945 3301 et
968 3231 1453 3322 Assumptionis
1478 3230 1551 3298 B.
1587 3228 1904 3321 Virginis,
1936 3238 2310 3302 sanctorum
2338 3232 2513 3324 Apo-

235 3344 605 3411 «stolorum
675 3339 840 3408 Petri
900 3345 962 3407 et
1015 3338 1225 3423 Pauli,
1294 3340 1595 3407 omnium
1657 3336 2076 3428 Sanctorum,
2134 3348 2196 3410 et
2253 3342 2513 3433 patroni

237 3472 267 3512 «
298 3446 698 3539 principalis
730 3446 965 3537 Excipe
993 3446 1121 3514 nisi
1150 3447 1335 3514 aliter
1364 3445 1766 3514 consuetudo
1807 3447 2273 3539 praescripserit
2305 3472 2322 3516 ε
2356 3469 2512 3516 nam

239 3555 348 3621 «si
391 3552 790 3623 consuetudo
835 3553 1183 3620 invaluerit
1228 3556 1302 3618 ut
1352 3552 1715 3641 capitulum
1764 3554 1957 3622 etiam
2009 3556 2085 3621 in
2143 3555 2288 3622 aliis
2336 3554 2513 3620 festis

239 3683 270 3722 «
296 3658 612 3751 Episcopo
670 3656 957 3724 venienti
1029 3658 1110 3723 ad
1168 3657 1631 3723 celebrandum
1704 3655 1808 3721 vel
1861 3658 2320 3738 assistendum,
2404 3657 2518 3725 tali

241 3761 503 3830 «forma
527 3765 843 3839 occurrat,
874 3759 1018 3825 baec
1052 3756 1450 3824 consuetudo
1474 3769 1551 3822 ex
1578 3755 1952 3846 praescripto
1981 3756 2195 3824 Sacrae
2224 3758 2515 3849 Congre-

246 3859 571 3955 «gationis
603 3864 798 3956 (apud
826 3863 1210 3941 Barbosam‚
1243 3861 1384 3929 loco
1411 3859 1623 3951 citato)
1655 3861 1963 3927 servanda
1987 3860 2130 3928 erit.
2165 3863 2332 3933 Aliis
2369 3889 2512 3940 vero

248 3994 278 4032 «
300 3961 526 4040 diebus
569 3972 811 4061 quibus
858 3969 1211 4061 Episcopus
1258 3969 1532 4037 voluerit
1566 3966 2023 4060 pontificaliter
2063 3971 2381 4045 celebrare
2409 3980 2511 4050 vel

248 4080 586 4147 «assistere
624 4078 849 4169 (potest
890 4078 1070 4145 enim
1108 4077 1462 4168 Episcopus
1500 4076 1572 4143 in
1610 4098 1726 4143 sua
1761 4076 2015 4146 dioecesi
2059 4082 2512 4176 pontificaliter

252 4203 284 4243 (ι
311 4183 628 4253 celebrare
651 4182 878 4272 quovis
901 4184 1001 4250 die
1024 4184 1206 4267 festo,
1235 4183 1336 4249 vel
1356 4182 1606 4271 quoties
1625 4183 1786 4249 ratio
1805 4204 2095 4276 congrua
2112 4188 2178 4256 id
2201 4196 2509 4281 exegerit,

258 4289 404 4353 «uti
461 4296 708 4358 constat
748 4310 822 4357 ex
868 4289 1071 4379 capite
1120 4288 1199 4358 31
1253 4287 1760 4371 CaeremonialiS,
1808 4296 1870 4358 et
1908 4296 2259 4382 praesertim
2291 4297 2447 4380 quia
2473 4310 2511 4352 a

260 4412 292 4452 (ι
317 4395 490 4463 nullo
518 4409 766 4465 canone
788 4395 911 4462 tale
927 4396 1037 4483 jus
1064 4393 1533 4484 pontificalium
1556 4393 1890 4485 Episcopis
1918 4400 2352 4483 restringitur.
2380 4394 2514 4460 lmo

2209 4516 2224 4555 l
2246 4514 2270 4552 7
