2930 4982
433 324 562 383 350
1409 330 1755 380 usmarus

424 478 501 525 ex
519 456 670 545 jure
698 452 1025 521 ordinario
1051 450 1387 541 Episcopi,
1424 450 1721 540 judicare
1750 450 2089 540 poenisque
2117 455 2180 516 et
2219 450 2515 526 censuris
2549 450 2731 540 plec-

426 566 581 645 tere,
610 559 782 627 idem
826 559 1057 649 poterit
1109 558 1391 625 vicarius
1428 557 1827 646 capitularis,
1855 561 2105 646 utpote
2152 552 2452 626 munitus
2501 556 2729 625 eodem

415 668 564 758 jure
607 665 937 733 ordinario
977 663 1310 756 Episcopi,
1347 666 1540 753 cujus
1582 681 1666 732 ne
1691 663 2098 754 particulam
2133 663 2403 752 quidem
2443 662 2727 732 retinere

424 774 634 866 potuit
659 773 1054 864 capitulum.
1085 770 1167 840 Et
1195 772 1284 839 ita
1301 769 1564 862 pluries
1575 771 1872 840 decisum
1900 770 2101 838 fuisse
2127 785 2178 840 a
2207 768 2405 842 Sacra
2430 768 2728 858 Congre-

423 882 684 972 gatione
729 901 929 971 super
966 879 1242 968 negotiis
1288 876 1784 969 Episcoporum
1807 882 1870 946 et
1899 877 2322 1026 regularium
2349 875 2727 1010 vidimusin

426 989 710 1058 sectione
736 987 1160 1078 praecedenti,
1190 987 1399 1077 capite
1428 985 1496 1054 9‘.
1743 1003 1748 1010 ·
2289 1020 2298 1028 ·

518 1094 694 1163 Hinc
724 1095 1008 1163 vicarius
1031 1093 1462 1185 capitularis,
1456 1094 1686 1167 statim
1709 1107 1785 1168 ac
1820 1090 1951 1164 fuit
1994 1071 2285 1178 legitime
2314 1049 2731 1167 constitutus,

429 1203 703 1270 omnino
734 1201 1075 1270 habendus
1105 1209 1203 1270 est
1242 1201 1459 1291 quoad
1487 1204 1867 1291 potestatem
1894 1198 1978 1270 in
1996 1197 2358 1287 capitulum
2411 1200 2727 1285 tanquam

428 1305 793 1374 ordinarius
818 1305 1115 1374 dioecesis
1151 1305 1547 1397 Episcopus,
1578 1305 1859 1397 excepti-s
1885 1301 2281 1393 quibusdam
2323 1300 2727 1390 jurisdictio-

428 1412 728 1481 nalibus
712 1434 781 1480 m
803 1414 957 1502 jure
982 1413 1322 1503 expressiS,
1349 1434 1498 1502 quae
1521 1412 1690 1482 sicut
1707 1432 1841 1479 non
1870 1413 2209 1480 transeunt
2236 1406 2316 1475 ad
2334 1405 2722 1498 capitulum,

432 1520 518 1587 ita
548 1541 671 1589 nec
693 1520 778 1586 ad
805 1519 1133 1588 vicarium·
1151 1520 1622 1609 capitularem.

520 1624 629 1693 Ex
646 1627 769 1694 isto
795 1632 1013 1694 autem
1056 1625 1384 1716 principio
1413 1626 1636 1692 multa
1651 1628 2019 1713 sequuntur
2054 1620 2416 1703 corollaria,
2452 1620 2730 1688 omnino

430 1732 720 1852 opposita
753 1731 836 1799 iis
866 1754 1013 1819 quae
1041 1732 1294 1819 antiqui
1325 1730 1674 1798 canonistae
1698 1752 1774 1798 ex
1787 1730 2072 1797 admisso
2095 1726 2430 1819 principio
2464 1731 2737 1795 contra-

427 1838 528 1904 rio
550 1836 982 1905 deducebant.
1008 1836 1169 1917 Quae
1199 1837 1597 1906 consectaria
1617 1835 2201 1926 nuncexponenda
2220 1839 2398 1903 sunt.
2420 1927 2428 1934 ·

1347 2108 1638 2170 CAPUT
1681 2110 1779 2169 111

609 2277 1013 2325 CONSEGTARIA
1058 2280 1189 2331 011AE
1228 2280 1309 2324 Ex
1357 2280 1583 2326 DUOBUS
1624 2282 1944 2328 PRAEMISSIS
1985 2282 2291 2327 CAPITIBUS
2326 2282 2567 2327 numu·

525 2465 580 2533 I.
602 2465 1117 2535 Consectarium.
1148 2508 1234 2519 —
1262 2469 1567 2538 Vicarius
1585 2468 1961 2561 capitularis
1980 2489 2116 2537 non
2137 2473 2231 2537 est
2250 2467 2535 2537 vicarius
2562 2469 2734 2560 capi·

436 2570 580 2653 tuli,
601 2571 709 2636 sed
730 2571 1058 2661 Episcopi.
1075 2611 1165 2624 —-
1183 2573 1486 2642 Vicarius
1512 2575 1690 2642 enim
1713 2575 2089 2665 capitularis
2108 2572 2421 2640 dicendus
2443 2578 2538 2639 est
2561 2573 2738 2640 vica-

436 2673 574 2740 rius
599 2674 779 2741 illius
809 2680 1001 2764 cujus
1020 2677 1193 2744 vices
1211 2680 1347 2766 agit
1369 2687 1433 2745 et
1460 2682 1566 2768 cuj
1576 2702 1653 2747 us
1666 2681 2195 2766 jurisdictionem
2221 2683 2452 2747 exercet
2477 2700 2494 2743 :
2525 2698 2733 2766 porro

436 2789 689 2854 exercet
705 2785 1234 2875 jurisdictionem
1256 2790 1587 2879 propriam
1607 2787 1939 2879 Episcopi,
1969 2794 2032 2856 31
2051 2811 2183 2856 non
2202 2787 2728 2878 jurisdictionem

437 2894 772 2983 propriam
817 2893 1109 2983 capituli.
1158 2891 1325 2961 Nam
1364 2896 1735 2983 jurisdictio
1782 2886 2115 2963 ordinaria
2153 2916 2301 2984 quae
2335 2900 2430 2961 est
2471 2893 2731 2983 propria

435 2996 753 3088 Episcopo
772 3005 834 3066 et
857 3000 1120 3089 qualem
1149 3006 1396 3067 exercet
1417 3002 1700 3070 vicarius
1727 2988 2132 3093 capitularis,
2164 3001 2442 3068 minime
2471 2999 2598 3066 dici
2621 3019 2732 3088 po-

437 3108 558 3170 test
585 3106 848 3196 propria
889 3107 1193 3196 capitulo.
1230 3106 1404 3195 Ergo
1433 3122 1659 3176 revera·
1684 3109 1963 3176 vicarius
1990 3106 2365 3198 capitularis
2396 3106 2560 3172 vices
2595 3104 2731 3193 agit

435 3207 740 3300 Episcopi
765 3217 828 3278 et
857 3233 991 3279 non
1026 3213 1314 3303 capituli.
1341 3213 1476 3282 Nec
1502 3216 1802 3283 dicatur:
1841 3215 1955 3282 illa
1976 3213 2349 3302 jurisdictio
2365 3213 2551 3303 prius
2571 3212 2731 3278 resi-

434 3317 626 3382 debat
665 3320 736 3383 in
780 3320 1102 3409 capitulo,
1155 3340 1310 3410 ergo
1354 3320 1640 3389 vicarius
1677 3322 1793 3410 qui
1838 3321 2022 3389 illam
2062 3320 2292 3409 recipit
2328 3325 2425 3386 est
2452 3318 2733 3385 vicarius

434 3419 699 3509 capituli
733 3445 750 3486 ε
807 3440 961 3493 nam
993 3425 1148 3492 inde
1180 3427 1437 3492 tantum
1458 3428 1762 3516 ‘sequitur
1796 3426 2113 3495 vicarium
2135 3425 2568 3515 capitularem
2604 3444 2733 3491 esse

434 3544 867 3593 successorem
894 3528 1185 3617 capituli,
1216 3550 1348 3596 non
1378 3537 1596 3603 autem
1621 3533 1764 3622 ejus
1805 3533 2150 3600 vicarium.
2187 3528 2378 3610 Quod
2415 3537 2498 3596 ut
2525 3530 2729 3617 magis

433 3638 644 3723 pateat
688 3653 1143 3724 ‘supponamus
1200 3633 1447 3704 Titium
1506 3637 1594 3707 ab
1655 3639 1876 3728 aliquo
1927 3636 2247 3728 Episcopo
2304 3635 2731 3704 constitutum

435 3739 629 3808 fuisse
649 3740 965 3806 vicarium
992 3738 1363 3828 generalem
1386 3742 1644 3833 {postea
1669 3766 1832 3811 vero
1849 3743 2272 3834 impeditum,
2306 3740 2532 3830 rogari
2557 3763 2598 3808 a
2620 3761 2738 3807 suo

431 3844 749 3937 Episcopo
781 3852 857 3913 ut
887 3868 1326 3927 successorem
1360 3849 1661 3939 ipse.sibi
1688 3851 1760 3917 in
1798 3850 2242 3931 hoomunere
2270 3847 2471 3936 eligat
2498 3871 2516 3914 :
2553 3845 2737 3935 eligit

431 3955 649 4018 autem
687 3951 946 4037 Caium,
978 3953 1099 4042 qui
1132 3955 1226 4022 sic
1252 3954 1540 4035 succedit
1568 3954 1739 4023 Titio
1762 3958 1831 4024 in
1857 3956 2174 4024 vicariatu
2209 3952 2504 4041 gener-ali
2541 3975 2561 4018 :
2602 3969 2735 4018 cer·

431 4061 577 4119 tum
606 4062 700 4123 est
726 4056 987 4148 Caium,
1016 4059 1167 4128 licet
1192 4061 1491 4128 succedat
1511 4060 1678 4130 Titio
1707 4068 1770 4129 et
1792 4062 1875 4130 ab
1904 4062 2044 4152 ipso
2073 4061 2272 4127 suerit
2294 4059 2571 4142 electuS,
2601 4074 2739 4123 esse

429 4166 646 4225 tamen
689 4162 1008 4234 vicarium
1051 4167 1350 4259 Episcopi
1403 4175 1464 4237 et
1491 4166 1625 4236 non
1656 4167 1838 4236 Titii.
1873 4168 2066 4237 „Idem
2099 4173 2195 4234 est
2223 4186 2418 4257 porro
2457 4166 2530 4231 in
2580 4184 2739 4232 casu

431 4263 597 4332 sedis
620 4270 905 4335 vacantis
933 4274 1144 4358 quoad
1174 4275 1598 4362 quaestionem
1625 4296 1826 4364 quam
1848 4295 2207 4342 movemus;
2235 4270 2424 4339 Prior
2444 4268 2739 4336 vicarius

427 4367 727 4457 Episcopi
771 4375 864 4436 est
904 4374 1289 4461 capitulum,
1339 4381 1449 4446 sed
1503 4381 1581 4447 ad
1631 4402 1870 4471 paucos
1910 4385 2169 4447 tantum
2212 4375 2371 4443 dies.
2419 4373 2507 4441 Et
2535 4371 2739 4439 habet
