2930 4982
1152 293 1234 339 DE
1273 293 1611 341 CAPITULIS.
2402 286 2525 342 583

325 413 437 481 111.
472 412 738 480 Certum
767 414 961 481 eiiam
987 418 1080 480 est
1099 434 1135 479 a
1166 412 1448 503 capitulo
1477 434 1608 480 non
1629 433 1810 502 posse
1834 412 2131 502 deputari
2153 414 2535 504 hujusmodi

234 521 558 589 vicarium
597 540 710 586 seu
765 540 1182 587 oeconomum
1238 517 1359 585 sub
1418 517 1608 584 titulo
1652 516 2186 586 commendatarii
2240 523 2536 611 perpetui

233 649 352 694 seu
381 625 640 715 proprie
663 625 843 693 dicti.
865 623 1256 714 Hujusmodi
1281 624 1461 690 enim
1477 623 1878 690 commendae
1902 644 1938 689 a
1964 625 2236 692 concilio
2259 626 2535 695 Triden-

232 734 373 800 tino
401 730 739 821 prohibitae
763 735 825 798 et
851 729 1119 798 sublatae
1148 733 1321 796 sunt.
1363 727 1552 819 (Sess.
1592 728 1704 811 24,
1738 750 1796 794 c.
1832 727 1967 818 18.)

328 836 442 906 lv.
479 836 756 906 Maxime
780 835 1103 902 attendere
1140 833 1376 901 dehent
1403 833 1688 923 capitula
1732 855 1843 901 seu
1869 833 2084 923 potius
2110 835 2337 902 vicarii
2359 836 2534 925 capi-

230 943 476 1011 tulares
497 943 579 1010 ad
606 942 738 1009 duo
755 941 1080 1031 quaeipsis
1109 939 1435 1031 prohibita
1463 939 1781 1007 declarata
1804 946 1956 1007 sunt
1982 962 2016 1006 a
2045 938 2237 1008 Sacra
2256 940 2537 1030 Congre-

229 1051 494 1139 gatione
537 1048 844 1134 concilii.;
886 1069 1125 1137 nempe
1150 1046 1404 1136 primo,
1453 1068 1537 1114 ne
1581 1048 1821 1115 vicario
1864 1069 2061 1135 quem
2106 1046 2416 1137 deputant
2454 1051 2536 1117 ad

230 1177 473 1223 vacans
501 1154 764 1243 aliquod
791 1153 1189 1221 beneficium
1219 1152 1549 1240 assignent
1590 1174 1815 1220 omnes
1847 1153 2103 1219 fructus
2139 1153 2316 1220 illius
2340 1154 2535 1221 hene-

229 1262 397 1347 ficii,
433 1260 537 1327 sed
590 1265 840 1349 partem
872 1263 1161 1342 tantum3
1206 1256 1488 1325 secundo
1531 1264 1595 1324 et
1624 1258 1972 1348 praecipue,
2011 1280 2094 1325 ne
2126 1258 2209 1344 ad
2242 1258 2530 1348 aliquam

231 1365 613 1456 parochiam
636 1366 706 1433 in
732 1364 1054 1432 vicarium
1084 1363 1396 1453 deputent
1429 1363 1624 1432 illum
1661 1365 1785 1454 qui
1817 1365 1887 1431 in
1914 1385 2238 1432 concursu
2268 1386 2384 1453 pro
2429 1387 2532 1433 ea·

229 1471 388 1537 dem
412 1471 717 1559 parochia
747 1472 957 1558 magis
983 1470 1258 1537 idoneus
1279 1469 1612 1559 Judicatus
1655 1477 1770 1537 est.
1800 1468 1899 1536 En
1925 1469 2061 1558 ipsa
2088 1468 2285 1538 verba
2312 1468 2533 1535 decla-

230 1576 502 1644 rationis
529 1598 566 1643 a
589 1576 900 1664 Fagnano
923 1576 1162 1661 relatae,
1188 1580 1250 1643 et
1290 1581 1365 1643 ut
1389 1575 1525 1664 ipse
1553 1580 1816 1642 testatur
1856 1596 1893 1640 a
1925 1573 2201 1642 Summo
2225 1574 2534 1678 Pontifice

230 1682 644 1772 approbatae:
694 1682 910 1748 Multo
945 1682 1162 1770 maqis
1202 1680 1374 1748 idem
1423 1680 1810 1771 capitulum
1848 1680 2187 1748 abstineat
2228 1704 2271 1747 a
2302 1683 2532 1772 confe-

229 1787 438 1855 rendo
449 1786 909 1877 parochialem
933 1799 1282 1855 vacantem
1304 1788 1378 1855 in
1400 1787 1860 1855 commendam
1882 1788 2320 1878 temporalem
2340 1789 2402 1855 ei
2415 1789 2537 1879 qui

230 1893 456 1984 maqis
482 1891 752 1960 idoneus
792 1893 1005 1983 fuerit
1016 1892 1391 1983 judicatus.
1431 1894 1731 1960 Maxime
1757 1894 1961 1959 etiam
2000 1906 2232 1960 caveat
2260 1917 2343 1961 ne
2378 1918 2534 1961 con--

228 1998 424 2065 cedat
454 2020 679 2065 omnes
709 1999 972 2085 fructus
1004 1996 1212 2086 ipsius
1230 1997 1650 2087 parochialis
1678 1996 1912 2075 eidem,
1939 1995 2119 2063 dicta
2144 1997 2519 2064 commenda

229 2103 516 2171 durante
540 2125 563 2169 .·
605 2101 922 2192 quoniam
955 2102 1314 2170 concilium
1347 2103 1486 2171 lzoec
1524 2104 1755 2170 omnia
1786 2101 2161 2193 prohibuit,
2196 2100 2359 2168 dum
2392 2115 2525 2171 sta-

235 2208 376 2273 tuit
403 2207 627 2275 debere
670 2208 1079 2297 Episcopum
1111 2210 1346 2276 statim
1383 2209 1619 2277 habita
1650 2208 1901 2275 notitia
1937 2207 2302 2276 vacationis
2320 2232 2531 2299 paro-

231 2312 472 2381 chialis
498 2312 813 2381 idoneum
835 2314 906 2380 in
928 2337 1006 2380 ea
1031 2315 1360 2382 vicarium
1380 2338 1532 2382 cum
1550 2336 1844 2403 conqrua
1858 2315 2211 2403 fructuum
2230 2314 2534 2401 portione

227 2420 631 2487 constituere
653 2440 682 2504 ;
706 2418 888 2510 quod
912 2443 1154 2489 munus
1178 2420 1413 2502 obibit,
1458 2433 1538 2488 ut
1562 2438 1773 2511 supra
1799 2418 2054 2486 dictum
2093 2430 2212 2504 est,
2246 2418 2533 2485 vicarius

224 2528 524 2609 praecise,
556 2526 702 2594 sede
741 2539 1043 2613 vacante,
1099 2528 1482 2619 deputatus.
1544 2527 1939 2617 Cavebitque
1976 2538 2040 2593 et
2082 2526 2221 2615 ipse
2258 2549 2301 2592 a
2348 2524 2531 2593 dicta

227 2630 618 2699 commenda
644 2643 710 2698 et
739 2655 782 2698 a
805 2633 1212 2702 concessione
1234 2634 1535 2704 omnium
1556 2634 1925 2722 fructuum.
1956 2635 2053 2699 Et
2076 2630 2263 2698 illud
2276 2653 2530 2722 quoque

225 2738 356 2805 sibi
374 2737 797 2805 interdictum
821 2739 978 2814 sciet
996 2759 1026 2823 ;
1045 2763 1126 2806 ne
1144 2762 1294 2807 eum
1317 2762 1511 2829 quem
1537 2740 1759 2829 maqis
1779 2739 2090 2806 idoneum
2114 2737 2256 2826 ipse
2261 2737 2303 2824 j
2307 2735 2530 2803 udica-

229 2843 432 2921 verit,
482 2844 849 2910 constituat
893 2845 1228 2911 vicarium
1266 2846 1340 2911 in
1368 2845 1770 2934 parochiali,
1819 2855 1948 2929 aut
1975 2843 2036 2909 ei
2073 2840 2530 2931 quoquomodo

220 2949 584 3039 praeficiat,
619 2947 820 3017 donec
847 2949 1118 3017 collatio
1140 2950 1294 3038 fiat.
1321 2949 1458 3016 Sed
1478 2949 1661 3017 debet
1688 2950 1958 3016 omnino
1988 2971 2030 3014 a
2050 2947 2389 3037 principio
2416 2970 2530 3015 va-

228 3055 518 3124 cationis
568 3066 632 3121 et
683 3067 1047 3144 antequam
1101 3055 1329 3122 ullum
1362 3044 1652 3123 xexamen
1697 3055 1854 3144 fiat,
1906 3053 2299 3121 constituere
2344 3053 2430 3120 in
2456 3076 2536 3120 ea

228 3165 449 3230 alium
477 3164 803 3231 vicarium
826 3164 942 3253 qui
969 3185 1201 3230 curam
1218 3163 1613 3243 ,animarum
1635 3163 1890 3229 interea
1912 3175 2128 3252 qerat.
2167 3161 2386 3251 (Apud
2411 3159 2463 3229 F
2463 3182 2533 3228 a·

229 3291 558 3357 gnanum,
586 3271 656 3337 in
680 3292 740 3339 c.
774 3271 943 3363 Illa„
973 3292 1082 3350 ne,
1111 3267 1259 3336 sede
1280 3281 1585 3354 vacante,
1613 3291 1683 3336 n.
1724 3269 1811 3336 26
1840 3276 1903 3335 et
1925 3267 2089 3358 seq.)
2110 3267 2238 3347 Qui
2263 3268 2333 3334 in
2366 3289 2556 3335 con··.

229 3396 434 3441 cursu
470 3395 584 3462 pro
612 3375 920 3464 parochia
956 3374 1309 3441 obtinenda
1332 3375 1663 3463 judicatus
1706 3382 1801 3443 est
1836 3375 2046 3462 magis
2069 3374 2379 3456 -idoneuS,
2408 3374 2535 3442 hoc

227 3481 375 3568 ipso
419 3485 512 3546 est
557 3482 781 3569 a-jure
823 3481 1195 3567 designatus
1235 3480 1317 3547 ad
1349 3481 1548 3548 talem
1587 3479 1987 3570 parochiam.
2036 3478 2272 3547 Nullus
2312 3485 2531 3547 autem

225 3585 605 3672 designatus
630 3586 712 3652 ad
735 3585 997 3674 aliquod
1027 3585 1421 3652 beneficium
1457 3590 1662 3674 potest
1688 3584 1866 3651 illius
1896 3583 2020 3651 suh
2051 3585 2179 3651 alio
2202 3585 2431 3671 quovis
2459 3586 2536 3652 ti-

226 3691 373 3761 tulo
390 3690 1019 3759 administrationem
1043 3713 1302 3758 sumere
1322 3697 1669 3779 antequam
1702 3691 2011 3757 canonice
2038 3689 2371 3761 institutus
2395 3690 2548 3763 fue-⁴

227 3797 358 3883 rit3
390 3803 466 3863 ut
492 3801 722 3863 notum
749 3803 844 3863 est
877 3796 1087 3884 quoad
1120 3797 1535 3884 designatum
1567 3796 1645 3862 ad
1679 3792 1895 3862 sedem
1939 3794 2392 3884 episcopalem,
2422 3794 2536 3884 qui

229 3900 360 3971 hoc
389 3903 528 3991 ipso
549 3902 693 3991 jam
741 3923 874 3968 non
908 3907 1136 3991 potest,
1173 3901 1321 3968 licet
1361 3900 1608 3968 ibidem
1639 3900 1880 3967 electus
1909 3900 1979 3967 in
2011 3900 2334 3971 vicarium,
2356 3901 2541 3990 capi-

233 4008 544 4092 tularem,
585 4006 914 4075 dioecesim
957 4007 1436 4075 administrare.
1484 4006 1563 4091 Ei
1589 4006 1735 4075 ideo
1786 4007 1853 4072 in
1892 3994 2228 4096 prae'missa
2266 4006 2542 4074 formula

234 4119 370 4181 tarn
413 4111 619 4199 rigide
661 4114 875 4202 quoad
930 4135 1157 4181 casum
1205 4114 1290 4182 de
1333 4110 1643 4204 parochia
1686 4117 1949 4180 vacante
1997 4112 2400 4204 exprimitur
2433 4114 2546 4185 illa

241 4217 613 4309 prohibitio.
950 4205 955 4209 ¹
1378 4295 1385 4301 ,
1873 4250 1874 4253 “

336 4323 418 4392 V.
451 4323 637 4403 Quod
662 4328 881 4392 autem
909 4325 1159 4394 dictum
1193 4332 1288 4395 est
1310 4328 1379 4395 in
1417 4326 1542 4394 hac
1566 4326 1972 4416 paragrapho
1999 4327 2079 4394 dc
2107 4324 2415 4416 capitulo,
2448 4324 2549 4389 in-
