2930 4982
432 349 467 406 3
489 350 560 406 ⁴0
1413 351 1760 398 TRACTATUS

1121 627 1429 719 PARS
1508 626 2022 735 QUARTA

573 867 745 927 QUID
803 863 1042 915 POSSIT
1110 833 1513 912 CAP'ITULUM
1546 897 1563 929 ‚
1633 862 1768 913 SEU
1820 863 1914 912 DE
1978 862 2206 912 IPSIUS
2275 863 2564 914 JURIBUS

1229 996 1316 1053 ET
1370 997 1907 1047 PRAEROGATIVIS

508 1214 773 1283 Diversa
820 1213 975 1279 sunt
1008 1210 1163 1298 jura
1208 1209 1473 1300 capituli
1524 1216 1717 1301 prout
1761 1211 1953 1301 plena
1993 1211 2094 1279 vel
2128 1233 2330 1278 vacua
2353 1217 2448 1280 est
2469 1213 2691 1303 episco-

417 1322 581 1416 palis
622 1320 823 1390 sedeS.
860 1317 934 1385 In
972 1317 1095 1384 hac
1134 1323 1314 1405 parte
1357 1323 1761 1408 exponentur
1791 1323 2045 1386 tantum
2077 1320 2516 1408 praerogativae
2540 1320 2697 1411 capi·

415 1430 567 1514 tuli,
616 1427 761 1497 sede
802 1425 1015 1516 plena.
1049 1419 1321 1491 Caeteras
1367 1441 1525 1513 quae·
1559 1423 1684 1514 ipsi
1723 1426 2213 1514 superveniunt,
2247 1431 2514 1495 vacante
2539 1426 2694 1508 sede,

417 1534 488 1603 in
518 1537 896 1622 sequentem
923 1532 1226 1596 tractatus
1258 1535 1508 1619 partem
1542 1530 1898 1618 rejicimus,

1389 1804 1681 1866 CAPUT
1727 1808 1752 1865 Ι

412 1984 787 2031 DELINEATUR
816 1982 1077 2033 ANTIQUA
1104 1980 1516 2026 CAPITULORUM
1542 1981 1853 2052 POTESTAs,
1881 1982 2020 2026 INDE
2052 1982 2358 2030 PAULATIM
2389 1984 2465 2028 AD
2491 1983 2694 2029 GERTOS

841 2088 1114 2134 VIGENTIS
1155 2088 1311 2132 NUNC
1344 2088 1686 2133 DISCIPLINAE
1727 2088 1964 2134 LlMlTES
2004 2087 2274 2135 REDAGTA

510 2274 629 2342 «A
677 2275 911 2365 primis
956 2273 1086 2341 fere
1129 2274 1548 2341 adolescentis
1580 2272 1888 2341 Ecclesiae
1926 2273 2332 2364 temporibus
2360 2262 2697 2342 canonico?

420 2407 453 2446 «
482 2403 633 2447 rum
676 2382 1046 2446 institutum
1076 2380 1291 2469 coepit.
1319 2380 1524 2447 Erant
1565 2381 1766 2464 enim,
1796 2382 1910 2469 qui
1934 2387 2152 2471 postea
2174 2383 2534 2471 nuncupati
2556 2380 2690 2449 fue·

417 2513 452 2550 «
479 2490 638 2553 runt
658 2485 981 2567 canonici,
1006 2484 1305 2553 nonnulli
1325 2508 1399 2551 ex
1422 2485 1704 2554 clericali
1727 2486 1953 2555 ordine
1971 2487 2326 2578 presbyteri
2342 2493 2401 2556 et
2417 2487 2688 2571 diaconi,

416 2594 682 2676 «aetate,
729 2590 1093 2678 prudentia,
1134 2612 1211 2657 ac
1244 2608 1579 2659 sacrarum
1602 2612 1826 2660 rerum
1850 2595 2077 2685 peritia
2102 2597 2342 2662 eaeteris
2373 2599 2692 2683 praestan-

414 2723 449 2763 «
477 2696 691 2776 tiores,
740 2695 855 2784 qui
906 2695 1232 2783 quoddam
1280 2698 1757 2765 constituebant
1800 2699 2177 2788 collegium,
2219 2700 2382 2790 quod
2415 2698 2692 2766 demum

414 2829 449 2870 «
481 2803 745 2894 capituli
806 2823 1047 2868 nomen
1108 2802 1409 2869 sortitum
1471 2803 1630 2891 fuit3
1697 2825 1773 2872 ac
1834 2806 1904 2872 in
1954 2813 2202 2896 partem
2245 2804 2693 2874 sollicitudinis

417 2934 451 2975 (ι
481 2908 813 2999 pastoralis
850 2908 930 2975 ab
960 2907 1278 2998 Episc‘opo
1321 2908 1514 2976 adciti
1538 2914 1599 2976 et
1624 2910 1851 2994 vocati,
1892 2933 2027 2977 una
2055 2934 2209 2979 cum
2243 2913 2384 3002 ipso
2414 2911 2692 2978 ecclesiae

417 3041 451 3082 ι(
478 3015 858 3084 cathedralis
889 3021 951 3081 et
982 3013 1273 3082 dioecesis
1318 3016 1577 3104 negotia
1623 3015 2182 3105 administrabant,
2219 3026 2282 3086 et
2309 3019 2689 3085 clericorum

418 3120 802 3189 «inferioris
847 3118 1094 3187 ordinis
1139 3119 1500 3211 disciplinae
1546 3142 1619 3188 ac
1676 3122 1912 3211 reliqui
1954 3124 2182 3214 populi
2233 3123 2687 3213 praesidebant,

320 3305 335 3310 ..
417 3249 826 3316 «causasque
856 3226 1210 3317 praesertim
1239 3249 1461 3314 graves
1491 3249 1647 3294 cum
1675 3229 1900 3296 eodem
1922 3229 2240 3321 Episcopo
2265 3230 2690 3313 definiebant,

412 3357 448 3396 «
479 3337 551 3398 ut
568 3354 643 3398 ex
674 3333 972 3427 pluribus
996 3333 1320 3400 veteribus
1342 3336 1788 3402 monumentis
1808 3335 2117 3403 latissime
2140 3337 2527 3427 'comprobat
2551 3358 2693 3404 eru·

414 3461 447 3502 «
479 3436 836 3504 ditissimus
860 3436 1350 3504 Thomassinus.
1380 3437 1607 3528 (Vetus
1633 3442 1694 3505 et
1715 3441 2190 3532 ncva‘discipl.,
2210 3445 2306 3509 De
2334 3440 2691 3531 beneficiis,

410 3548 635 3633 «part.
671 3542 732 3624 1,
763 3543 809 3609 l.
845 3542 954 3625 lll,
982 3566 1038 3610 c.
1069 3541 1162 3633 7.)

496 3677 531 3716 «
561 3651 739 3719 Adeo
801 3655 876 3714 ut
929 3649 1233 3739 Episcopi
1288 3650 1602 3718 sententia
1627 3701 1647 3738 ,
1705 3653 1842 3719 sine
1899 3655 2370 3722 canonicorum
2418 3673 2696 3722 suorum

406 3783 440 3823 «
470 3757 808 3849 praesentia
848 3761 911 3822 et
957 3777 1274 3822 consensu
1315 3756 1564 3845 prolata
1602 3757 1784 3825 irrita
1828 3766 2209 3844 remaneret,
2243 3765 2316 3827 ut
2342 3759 2698 3827 definitum

404 3887 436 3924 «
464 3865 590 3930 fuit
626 3864 698 3930 in
724 3861 998 3928 concilio
1023 3860 1543 3949 Carthaginiensi
1572 3863 1639 3946 4,
1674 3886 1917 3932 canone
1941 3864 2054 3932 23.

489 3992 524 4029 «
551 3965 755 4052 Cujus
788 3963 1190 4031 simultaneae
1211 3965 1695 4052 quodammodo
1713 3969 2185 4057 jurisdictionis
2214 3969 2475 4057 collegii
2503 3989 2702 4036 cano-

399 4093 433 4132 «
459 4068 759 4135 nicorum
777 4091 932 4136 cum
949 4069 1268 4160 Episcopo
1294 4091 1411 4160 pro
1436 4071 1851 4141 moderandis
1870 4074 2168 4143 Ecclesiae
2191 4074 2699 4164 gubernaculiS‚

398 4179 667 4241 «extant
710 4174 903 4240 etiam
943 4177 1012 4241 in
1038 4178 1190 4264 jure
1225 4176 1539 4243 nonnulla
1576 4179 1843 4268 vestigia
1876 4186 1940 4248 et
1976 4183 2339 4272 praesertim
2379 4181 2452 4246 in
2484 4181 2705 4272 capite

395 4279 689 4367 «Novit,
715 4281 812 4344 De
853 4278 956 4344 his
1002 4302 1151 4367 quoe
1184 4284 1366 4370 fiunt
1414 4307 1457 4350 a
1487 4285 1788 4367 Praelato
1837 4287 1976 4354 sine
2019 4310 2335 4355 consensu
2365 4287 2703 4377 capituli,

395 4396 516 4457 «et
550 4387 755 4476 capite
789 4387 902 4451 Ea:
939 4396 1215 4473 quanto,
1262 4391 1491 4458 eodem
1523 4390 1734 4460 titulo.
1769 4392 1953 4461 Licet
1982 4393 2298 4484 paulatim
2329 4394 2706 4461 immutata
