2930 4982
1137 332 1216 378 nn
1260 332 1588 381 cunone.
2381 329 2512 387 ⁴625

232 450 418 541 palis,
446 455 509 516 et
526 449 751 518 debeat
794 450 948 518 huic
969 450 1225 540 judicio
1247 452 1427 538 stari,
1447 452 1651 521 donec
1674 452 1744 521 in
1757 454 2055 545 petitorio
2077 458 2515 529 controversia

235 555 591 623 decidatur.

321 660 440 728 His
465 659 937 750 praeadnotatis,
966 680 1362 751 erponemus
1390 624 1689 752 regulam
1710 662 1975 731 sedendi
1998 671 2063 732 et
2080 666 2509 756 praecedendi,

236 767 445 858 primo
466 766 631 834 inter
654 788 761 835 eos
788 766 905 855 qui
930 771 1082 833 sunt
1105 766 1185 835 de
1210 767 1526 858 capitulo;
1557 771 1772 858 postea
1808 788 1961 836 vero
1988 767 2155 838 inter
2176 772 2434 842 eosdem
2456 778 2520 843 et

244 880 504 945 caeteros
528 875 643 966 qui
670 876 750 944 de
782 874 1066 964 capitulo
1085 895 1219 942 non
1241 881 1415 947 sunt.
1476 952 1477 957 ,

1322 1147 1432 1228 §1

387 1325 599 1364 REGULA
637 1325 864 1364 SEDENDI
901 1325 966 1364 ET
1003 1325 1350 1366 PRAECEDENDI
1389 1324 1551 1364 INTER
1590 1325 1685 1364 Eos
1723 1325 1818 1371 QUI
1853 1325 1992 1365 SUNT
2026 1326 2094 1365 DE
2130 1328 2385 1370 CAPITULO

341 1505 402 1572 1.
428 1503 602 1585 Quid
627 1509 946 1594 competat
972 1502 1280 1571 canonico
1307 1502 1668 1592 Episcopo:
1754 1492 1761 1493 f

347 1634 381 1674 «
411 1609 1010 1681 Reverendissimus
1029 1608 1274 1679 Praesul
1301 1608 1690 1677 Franciscus
1715 1606 1918 1676 Maria
1935 1605 2164 1700 Zoppi,
2195 1608 2313 1700 qui
2334 1608 2535 1682 Sanc-

246 1719 499 1786 tissimo
532 1724 857 1785 annuente
891 1705 1349 1808 Episcopatum
1380 1713 1773 1786 Massensem
1800 1713 2069 1800 dimisit,
2101 1717 2171 1783 in
2212 1738 2287 1786 eo
2315 1724 2433 1807 est,
2463 1726 2538 1788 ut

243 1825 535 1914 potiatur
568 1824 948 1893 canonicatu
976 1823 1327 1914 superioris
1353 1821 1597 1889 ordinis
1621 1821 1691 1888 in
1731 1822 2218 1909 metropolitana
2236 1821 2540 1895 Mediola-

247 1931 442 1999 nensi
465 1931 775 2017 ecclesia3
809 1935 871 1998 et
902 1951 983 1998 ne
1012 1929 1083 1997 in
1104 1930 1228 1996 hoc
1270 1949 1435 1996 novo
1463 1948 1739 2001 munere
1770 1926 2017 2016 aliquid
2040 1927 2334 1995 detrahat
2352 1931 2542 2022 Epis-

244 2037 463 2128 copali
488 2037 816 2126 dignitati,
857 2057 937 2104 ac
990 2034 1287 2103 vanitatis
1327 2039 1551 2113 notam
1599 2034 1858 2116 devitet,
1903 2054 2240 2123 sacrorum
2287 2035 2542 2103 rituum

244 2142 756 2231 Congregationi
784 2141 1115 2231 sequentia
1142 2141 1341 2210 dubia
1361 2162 1480 2232 pro
1517 2145 1882 2231 opportuna
1912 2138 2372 2208 dilucidatione
2402 2162 2545 2231 pro·

240 2246 499 2337 posuit,
532 2248 889 2316 nimirum:
925 2248 986 2314 1.
1018 2245 1335 2327 Quaenam
1362 2247 1540 2315 sedes
1569 2246 1793 2338 (vulgo
1809 2244 2037 2336 stallo)
2063 2245 2190 2312 sibi
2225 2253 2547 2337 competat

239 2355 323 2421 in
356 2353 582 2434 chor0,
612 2353 683 2420 in
706 2361 1142 2442 jquocumque
1172 2350 1440 2444 capituli
1467 2372 1840 2442 congressu,
1880 2358 1944 2419 et
1966 2351 2225 2442 quando
2243 2352 2370 2420 sibi
2392 2375 2549 2423 cum

239 2459 483 2530 eodem
503 2459 786 2552 capitulo
816 2458 1295 2552 procedendum
1323 2464 1436 2527 est.
1493 2457 1560 2527 2.
1602 2457 1973 2539 Quemnam
2001 2457 2298 2526 habitum
2326 2480 2551 2551 gerere

236 2569 317 2637 in
343 2568 572 2649 choro,
603 2589 959 2656 quemnam
985 2568 1057 2634 in
1081 2566 1366 2658 publicis
1413 2565 1999 2656 supplicationibus
2048 2565 2320 2655 aliisque
2351 2569 2550 2638 sacris

236 2675 738 2753 functionibus,
759 2695 1117 2764 quemnam
1142 2678 1318 2741 extra
1347 2673 1623 2741 chorum
1633 2722 1654 2759 ,
1685 2693 1840 2739 cum
1861 2671 2180 2763 privatam
2205 2696 2549 2763 personam

233 2784 413 2872 agit.
455 2780 519 2849 3.
544 2782 650 2849 An
675 2787 969 2849 teneatur
996 2777 1071 2848 in
1111 2803 1237 2870 ,sua
1267 2779 1678 2848 hebdomada
1701 2780 1971 2847 missam
1995 2783 2059 2848 et
2106 2801 2401 2870 vesperas
2449 2804 2550 2853 ca-

231 2909 414 2956 nere
445 2908 558 2953 seu
588 2886 935 2969 celebrare,
969 2886 1233 2976 aliaque
1261 2885 1679 2974 singulariter
1705 2907 2012 2975 peragere
2047 2886 2129 2953 ad
2152 2908 2299 2975 quae
2322 2893 2550 2956 tenen-

231 3001 359 3062 tur
399 2992 698 3059 canonici
728 2991 1018 3080 ejusdem
1068 2992 1314 3060 ordinis
1339 2992 1409 3059 in
1444 3013 1563 3059 sua
1603 2991 1880 3081 quisque
1919 2991 2347 3061 hebdomada.
2375 2994 2443 3061 4.
2472 2995 2554 3065 Et

232 3103 579 3191 quatenus
602 3101 920 3184 teneatur,
946 3096 1381 3188 ansandaliiS,
1412 3095 1802 3176 dalmaticiS‚
1830 3097 2051 3184 mitra,
2075 3097 2308 3168 baculo
2336 3107 2555 3189 pasto-

231 3193 401 3290 rali,
460 3226 653 3272 cruce
702 3208 764 3270 et
814 3202 1141 3273 similibus
1183 3204 1502 3295 Episcopo
1558 3204 2075 3293 competentibus
2117 3205 2213 3272 uti
2261 3206 2488 3275 debeat
2521 3210 2554 3278 2

232 3315 305 3384 5.
349 3312 700 3394 Quatenus
718 3332 868 3379 vero
886 3332 1018 3378 non
1044 3315 1364 3395 teneatur,
1415 3310 1519 3388 vel
1547 3308 1674 3377 sibi
1704 3309 1891 3377 liceat
1912 3331 1951 3377 a
1977 3310 2282 3400 ipraefatis
2312 3314 2554 3383 hebdo-

228 3418 541 3491 madarii
581 3417 805 3486 officiis
865 3417 1208 3506 abstinere,
1247 3438 1333 3484 an
1381 3415 1872 3486 distributiones
1929 3416 2205 3506 amittat,
2254 3420 2554 3509 quamvis

227 3530 459 3598 choro
491 3547 649 3593 cum
674 3525 919 3592 caeteris
968 3522 1293 3591 canonicis
1335 3521 1724 3589 interfuerit.
1785 3521 1852 3590 6.
1904 3520 2015 3590 An
2056 3523 2282 3593 debeat
2321 3525 2556 3595 Archi-

225 3635 565 3725 episcopo
594 3629 911 3698 solemnia
937 3628 1154 3718 agenti
1180 3629 1498 3715 assistere,
1518 3626 1907 3715 ministrare,
1942 3628 2196 3716 aliaque
2221 3638 2545 3722 praestare,

221 3764 391 3833 quae
423 3737 652 3807 caeteri
675 3735 965 3826 ejusdem
1005 3733 1251 3802 ordinis
1300 3733 1598 3802 canonici
1637 3734 1715 3801 de
1762 3755 1941 3802 more
1988 3735 2195 3804 eidem
2226 3745 2545 3828 praestant.

224 3846 297 3914 7.
325 3845 580 3927 Quum
606 3846 821 3908 autem
846 3844 1060 3908 orator
1087 3839 1363 3906 minime
1391 3839 1646 3929 ignoret
1667 3862 1705 3907 a
1724 3840 1969 3908 caeteris
1989 3841 2277 3931 ejusdem
2306 3845 2552 3918 ordinis

221 3949 600 4023 canonicis
618 3969 789 4037 aegre
813 3946 966 4015 ferri
992 3946 1385 4038 Episcopum
1401 3968 1435 4015 e
1454 3947 1705 4037 gremio
1735 3947 2027 4038 ejusdem
2043 3947 2329 4038 capituli,
2354 3958 2551 4025 vestes

214 4067 288 4130 et
330 4057 601 4145 caligas
621 4054 850 4123 coloris
872 4053 1140 4122 violacei
1164 4060 1226 4121 et
1250 4054 1570 4143 quidquid
1592 4052 1773 4121 aliud
1802 4053 2250 4145 Episcopalem
2271 4057 2550 4148 dignita·

218 4172 375 4235 tem
396 4161 650 4232 referat
669 4161 739 4227 in
774 4162 972 4230 choro
994 4182 1354 4250 eorumque
1369 4181 1719 4249 congressu
1747 4165 2018 4248 gestare,
2043 4168 2107 4229 et
2131 4184 2547 4255 quocumque

215 4271 446 4339 modo
478 4288 551 4334 se
571 4266 653 4334 ab
679 4265 836 4356 ipsis
858 4267 1250 4356 distinguere
1271 4266 1365 4358 (ac
1388 4265 1663 4358 proinde
1688 4288 1821 4332 non
1851 4267 2073 4333 multis
2095 4269 2546 4340 abhincannis

214 4380 405 4448 duos
435 4373 744 4463 ejusdem
773 4373 1034 4462 capituli
1062 4374 1426 4457 canonicOS,
1481 4395 1515 4439 a
1545 4371 1820 4442 Summo
1863 4372 2174 4441 Pontificc
2198 4374 2546 4463 Episcopos

2193 4492 2260 4535 ao
