2930 4982
402 328 435 383 8
448 330 485 383 2
1369 334 1714 382 TRAGTATUS

483 452 686 523 Suam
727 451 1102 519 historicam
1151 448 1613 539 expositionem
1673 449 1754 517 de
1804 448 2278 519 archidiaconis
2325 450 2416 519 sic
2466 453 2689 542 paucis

396 558 786 629 resumendo
823 556 1154 627 concludit
1177 554 1644 623 Thomassinus
1675 554 1865 647 (part.
1904 558 1966 641 1,
1998 556 2047 623 l.
2082 557 2151 640 2,
2182 578 2239 625 e.
2274 556 2388 641 20,
2418 579 2487 624 n.
2528 557 2632 648 12)
2665 580 2680 624 :

404 695 438 735 «
469 665 865 738 Summatim
891 686 1045 753 ergo
1072 662 1235 730 illud
1268 667 1538 743 constat,
1574 662 2107 732 archidiaconum
2139 683 2336 752 quem
2375 664 2545 731 inter
2571 687 2689 732 or-

405 773 747 844 «dinarios
786 771 1041 863 judices
1085 769 1407 836 recensuit
1456 767 1870 837 Innocentius
1914 769 2025 855 ΙΙΙ,
2069 791 2184 861 per
2221 770 2411 860 plura
2446 772 2684 839 saecula

404 911 440 952 «
466 889 765 951 extremae
811 878 1005 946 etiam
1052 876 1251 964 hujus
1311 876 1537 959 aetatis,
1594 881 1954 966 spectatum
2005 875 2199 944 fuisse
2251 882 2327 943 ut
2364 876 2688 944 vicarium

408 1012 441 1051 «
471 984 834 1075 generalem
875 981 1197 1072 Episcopi,
1232 982 1341 1049 sed
1374 981 1700 1050 vicarium
1717 993 2152 1073 perpetuum,
2194 980 2520 1049 vicarium
2555 1002 2689 1048 non

403 1119 439 1160 «
468 1092 552 1160 ab
572 1089 902 1180 Episcopo
922 1101 1366 1178 assumptum,
1380 1086 1498 1156 sed
1515 1112 1557 1156 a
1559 1089 1720 1180 jure
1734 1088 1993 1175 datum,
2018 1098 2092 1156 ut
2110 1090 2475 1179 loquuntur
2493 1109 2688 1156 cano-

403 1225 438 1263 «
468 1199 675 1266 nistae.
705 1195 799 1263 Eo
825 1215 1016 1285 porro
1045 1195 1313 1262 nomine
1340 1217 1537 1285 penes
1569 1217 1724 1263 eum
1762 1201 1896 1264 erat
1938 1195 2303 1287 depositum
2331 1217 2496 1262 onus
2524 1217 2684 1263 con-

405 1329 438 1369 «
461 1304 746 1372 tentiosae
776 1301 970 1369 totius
996 1302 1376 1391 episcopalis
1397 1302 1875 1392 jurisdictionis
1906 1325 1923 1369 ε
1954 1302 2124 1369 sicut
2151 1303 2420 1369 nomine
2449 1306 2511 1368 et
2531 1303 2683 1391 jure

402 1437 438 1478 «
458 1411 673 1502 primi
693 1407 977 1494 diaconi,
1003 1408 1072 1473 in
1097 1407 1327 1485 officiis
1352 1409 1794 1476 ecclesiasticis
1818 1408 2185 1499 plurimum
2214 1413 2478 1498 poterat.
2508 1406 2683 1477 Cum

403 1523 604 1610 «post
649 1537 901 1584 annum
944 1512 1183 1581 Christi
1237 1512 1410 1582 1000
1452 1515 1793 1605 coepissent
1827 1514 2129 1605 Episcopi
2191 1536 2513 1583 accersere
2556 1517 2682 1584 sihi

396 1650 433 1690 «
459 1625 725 1692 vicarios
754 1622 1084 1712 generales
1112 1621 1513 1705 etofficialeS,
1543 1644 1703 1711 quos
1734 1622 1814 1688 ad
1848 1627 2085 1688 nutum
2110 1626 2365 1711 possent
2387 1627 2682 1691 exaucto-

398 1752 623 1816 «rare,
649 1728 1088 1797 archidiaconi
1116 1749 1373 1816 quoque
1404 1729 1719 1818 paulatim
1750 1729 2017 1819 spoliari
2052 1734 2390 1818 coeperunt
2411 1729 2679 1819 antiqua

393 1836 889 1923 «latissimaque
924 1834 1299 1901 auctoritate
1342 1835 1478 1901 illa.
1511 1833 1654 1914 Quo
1683 1836 1927 1902 factum
1964 1840 2056 1902 est
2092 1842 2186 1920 ut,
2235 1835 2677 1926 praeeuntibus

390 1970 427 2009 «
452 1943 877 2011 conciliorum
898 1941 1176 2032 placitiS,
1211 1962 1316 2008 eos
1337 1942 1416 2007 ad
1444 1942 1559 2008 has
1598 1944 1928 2030 angustias
1957 1943 2312 2031 adegerint,
2348 1955 2428 2009 ut
2457 1940 2676 2010 modi-

391 2076 424 2115 «
454 2073 601 2117 cam
610 2071 889 2139 poenam
912 2046 1172 2140 possint
1200 2046 1564 2137 imponere,
1617 2048 1726 2114 vel
1763 2046 1857 2116 ad
1883 2046 2216 2116 modicum
2251 2060 2510 2140 tempus
2534 2071 2676 2118 sus-

390 2183 424 2222 «
442 2153 745 2247 pendere.
770 2180 804 2219 »ι

1467 2328 1580 2407 §a

379 2511 505 2555 QL'ID
531 2510 652 2550 SINT
668 2508 1055 2548 ARCHIDIACONI
1077 2509 1147 2548 Ex
1168 2511 1301 2550 JURE
1324 2511 1599 2565 commm,
1621 2512 1657 2550 A
1680 2511 2004 2552 TRIDENTINO
2026 2512 2273 2552 CONCILIO
2299 2513 2470 2558 USQUE
2499 2515 2670 2555 NUNC.

370 2758 375 2763 ,
464 2688 558 2755 De
586 2687 1059 2755 archidiaconis
1103 2689 1195 2755 sic
1256 2690 1477 2757 statuit
1525 2689 1892 2758 Concilium
1952 2689 2412 2756 Tridentinum
2467 2688 2661 2779 (Sess.

375 2794 488 2880 24,
528 2815 587 2861 c,
647 2793 754 2880 12,
804 2794 882 2861 de
921 2792 1070 2882 ref.)
1109 2818 1126 2861 ι
1175 2793 1653 2863 Archidiaconi
1678 2798 1909 2879 ctiam,
1972 2795 2088 2884 qui
2130 2795 2312 2861 oculi
2351 2794 2666 2864 dicuntur

371 2900 714 2991 Episcopi,
764 2900 899 2968 sint
933 2901 1006 2967 in
1025 2901 1325 2969 omnibus
1354 2901 1658 2988 ecclesiis,
1693 2902 1811 2969 ubi
1853 2901 2007 2990 fieri
2037 2901 2317 2991 poterit,
2360 2903 2670 2992 maqistri
2730 2923 2739 2937 ’

370 3007 441 3074 in
472 3006 834 3095 theoloqia,
867 3029 981 3074 seu
1023 3005 1341 3094 doctores,
1378 3019 1500 3075 aut
1547 3007 1881 3076 licentiati
1906 3007 1977 3074 in
1992 3009 2151 3098 jure
2190 3009 2501 3076 canonico
2525 3034 2551 3074 .·
2576 3009 2670 3076 ad

370 3125 636 3181 caeteras
662 3124 887 3180 autem
908 3112 1268 3204 diqrzitates
1288 3115 1397 3181 vel
1410 3128 1813 3206 personatus
1840 3114 1956 3204 qui
1964 3114 2079 3181 bus
2098 3116 2484 3183 animarum
2504 3138 2666 3182 cura

370 3221 565 3286 nulla
595 3219 836 3303 subest,
890 3219 1110 3286 clerici
1154 3220 1458 3310 alioquin
1501 3219 1748 3305 idonei,
1802 3221 1889 3286 22
1939 3220 2131 3287 annis
2160 3244 2295 3288 non
2344 3223 2659 3301 minorem,

370 3324 840 3392 adsciscantur.
883 3363 975 3376 —-
1014 3326 1096 3393 Et
1123 3349 1279 3395 sess.
1317 3327 1432 3406 24,
1470 3349 1527 3395 c.
1574 3327 1689 3406 20,
1733 3327 1810 3392 de
1846 3323 1965 3392 ref.
1997 3352 2012 3391 ε
2055 3328 2292 3393 Causoe
2312 3328 2663 3394 matrimo-

369 3432 581 3500 niales
603 3443 667 3499 et
695 3431 1098 3512 criminales,
1133 3457 1266 3501 non
1291 3434 1547 3520 decani,
1584 3431 2051 3516 archidiaconi,
2086 3446 2211 3500 aut
2233 3434 2528 3501 aliorum
2556 3436 2657 3502 in-

359 3537 680 3625 feriorum
690 3535 974 3626 judicio,
998 3538 1200 3605 etiam
1227 3537 1585 3622 visitando,
1609 3536 1726 3606 sed
1744 3538 2064 3630 Episcopi
2073 3550 2341 3606 tantum
2366 3540 2665 3607 examini

369 3656 432 3711 et
436 3642 896 3734 jurisdictioni
918 3644 1401 3735 relinquantur.

456 3750 609 3818 Haec
654 3751 907 3819 decreta
954 3751 1230 3839 probant
1274 3750 1871 3820 archidiaconatum
1925 3753 2183 3843 proprie
2227 3750 2479 3818 dictum
2524 3772 2655 3818 non

365 3854 692 3922 sublatum
730 3858 927 3925 fuisse
955 3879 992 3924 a
1020 3857 1313 3927 Concilio
1343 3857 1747 3938 TridentinO,
1784 3859 1912 3925 sed.
1936 3842 2188 3924 tantum
2228 3858 2431 3946 ipsius
2454 3861 2658 3947 juris-

364 3961 633 4027 dictioni
661 3963 1017 4032 subtractas
1051 3964 1247 4029 fuisse
1276 3985 1498 4030 causas
1525 3964 2036 4031 matrimoniales
2071 3969 2134 4030 et
2166 3963 2559 4049 criminaleS‚
2592 3972 2656 4034 et

362 4067 422 4132 ei
461 4066 831 4155 impositam
862 4071 1300 4137 conditionem
1341 4069 1669 4158 graduum
1711 4071 2253 4138 academicorum.
2303 4069 2490 4138 Unde
2528 4072 2655 4162 ipsi

363 4172 640 4239 detracta
683 4175 950 4261 quidem
987 4176 1109 4243 fuit
1147 4175 1622 4265 jurisdictionis
1660 4200 1809 4267 pars
1855 4179 2136 4247 maxima
2185 4201 2201 4246 z
2249 4184 2314 4246 at
2361 4200 2511 4245 vero
2555 4200 2656 4246 re-

361 4276 600 4344 mansit
629 4275 698 4343 in
724 4277 866 4344 aliis
891 4278 1002 4366 jus
1031 4301 1383 4350 commune
1420 4284 1592 4351 circa
1623 4283 2131 4369 archidiaconOS,
2168 4282 2358 4373 quale
2395 4281 2653 4372 vigebat

357 4389 503 4450 ante
531 4380 1013 4455 Tridentinum.
