<?xml version="1.0" encoding="UTF-8"?>
<!DOCTYPE html PUBLIC "-//W3C//DTD XHTML 1.0 Transitional//EN"
    "http://www.w3.org/TR/xhtml1/DTD/xhtml1-transitional.dtd">
<html xmlns="http://www.w3.org/1999/xhtml" xml:lang="en" lang="en">
 <head>
  <title>
</title>
<meta http-equiv="Content-Type" content="text/html;charset=utf-8" />
  <meta name='ocr-system' content='tesseract 3.04.00' />
  <meta name='ocr-capabilities' content='ocr_page ocr_carea ocr_par ocr_line ocrx_word'/>
</head>
<body>
  <div class='ocr_page' id='page_1' title='image "./tractatusdecapi00bouigoog_0073.png"; bbox 0 0 2930 4982; ppageno 0'>
   <div class='ocr_carea' id='block_1_1' title="bbox 1177 311 2550 368">
    <p class='ocr_par' dir='ltr' id='par_1_1' title="bbox 1177 311 2550 368">
     <span class='ocr_line' id='line_1_1' title="bbox 1177 311 2550 368; baseline -0.001 0"><span class='ocrx_word' id='word_1_1' title='bbox 1177 324 1256 368; x_wconf 75' lang='grc' dir='ltr'>ΒΕ</span> <span class='ocrx_word' id='word_1_2' title='bbox 1303 320 1632 368; x_wconf 64' lang='lat' dir='ltr'>enimus,</span> <span class='ocrx_word' id='word_1_3' title='bbox 2471 311 2550 367; x_wconf 78' lang='grc'>55</span> 
     </span>
    </p>
   </div>
   <div class='ocr_carea' id='block_1_2' title="bbox 223 441 2563 1494">
    <p class='ocr_par' dir='ltr' id='par_1_2' title="bbox 262 441 2555 1068">
     <span class='ocr_line' id='line_1_2' title="bbox 263 441 2555 539; baseline -0.004 -20"><span class='ocrx_word' id='word_1_4' title='bbox 263 456 501 521; x_wconf 88' lang='lat' dir='ltr'>cuntur</span> <span class='ocrx_word' id='word_1_5' title='bbox 555 444 1139 539; x_wconf 89' lang='lat' dir='ltr'>supranumerarii.</span> <span class='ocrx_word' id='word_1_6' title='bbox 1195 444 1263 509; x_wconf 79' lang='lat'>4⁰</span> <span class='ocrx_word' id='word_1_7' title='bbox 1313 441 1884 532; x_wconf 87' lang='lat' dir='ltr'>Supranumcrarii</span> <span class='ocrx_word' id='word_1_8' title='bbox 1930 441 2444 509; x_wconf 87' lang='lat' dir='ltr'>subdividuntur</span> <span class='ocrx_word' id='word_1_9' title='bbox 2485 443 2555 510; x_wconf 92' lang='lat' dir='ltr'>in</span> 
     </span>
     <span class='ocr_line' id='line_1_3' title="bbox 262 547 2554 645; baseline -0.004 -21"><span class='ocrx_word' id='word_1_10' title='bbox 262 563 379 624; x_wconf 86' lang='lat' dir='ltr'>tres</span> <span class='ocrx_word' id='word_1_11' title='bbox 404 556 676 645; x_wconf 90' lang='lat' dir='ltr'>species,</span> <span class='ocrx_word' id='word_1_12' title='bbox 724 575 1010 643; x_wconf 91' lang='lat' dir='ltr'>quorum</span> <span class='ocrx_word' id='word_1_13' title='bbox 1037 550 1151 618; x_wconf 91' lang='lat' dir='ltr'>alii</span> <span class='ocrx_word' id='word_1_14' title='bbox 1192 572 1228 616; x_wconf 91' lang='lat' dir='ltr'>a</span> <span class='ocrx_word' id='word_1_15' title='bbox 1269 548 1548 617; x_wconf 88' lang='lat' dir='ltr'>Summo</span> <span class='ocrx_word' id='word_1_16' title='bbox 1573 547 1882 616; x_wconf 89' lang='lat' dir='ltr'>Pontifice</span> <span class='ocrx_word' id='word_1_17' title='bbox 1925 552 2229 617; x_wconf 73' lang='lat' dir='ltr'>creantur</span> <span class='ocrx_word' id='word_1_18' title='bbox 2256 548 2554 616; x_wconf 89' lang='lat' dir='ltr'>canonici</span> 
     </span>
     <span class='ocr_line' id='line_1_4' title="bbox 264 632 2553 752; baseline -0.005 -21"><span class='ocrx_word' id='word_1_19' title='bbox 264 686 407 732; x_wconf 86' lang='lat' dir='ltr'>cum</span> <span class='ocrx_word' id='word_1_20' title='bbox 443 660 866 752; x_wconf 72' lang='lat' dir='ltr'>eoepectativa</span> <span class='ocrx_word' id='word_1_21' title='bbox 889 661 1124 751; x_wconf 71' lang='lat' dir='ltr'>primae</span> <span class='ocrx_word' id='word_1_22' title='bbox 1151 656 1519 747; x_wconf 83' lang='lat' dir='ltr'>praebendae</span> <span class='ocrx_word' id='word_1_23' title='bbox 1544 632 1893 742; x_wconf 46' lang='lat' dir='ltr'>vacaturam</span> <span class='ocrx_word' id='word_1_24' title='bbox 1921 655 2036 722; x_wconf 89' lang='lat' dir='ltr'>alii</span> <span class='ocrx_word' id='word_1_25' title='bbox 2066 655 2236 722; x_wconf 87' lang='lat' dir='ltr'>fiunt</span> <span class='ocrx_word' id='word_1_26' title='bbox 2255 653 2553 722; x_wconf 89' lang='lat' dir='ltr'>canonici</span> 
     </span>
     <span class='ocr_line' id='line_1_5' title="bbox 264 760 2554 851; baseline -0.005 -13"><span class='ocrx_word' id='word_1_27' title='bbox 264 775 511 838; x_wconf 85' lang='lat' dir='ltr'>tantum</span> <span class='ocrx_word' id='word_1_28' title='bbox 540 771 557 851; x_wconf 69' lang='grc' dir='ltr'>ζ</span> <span class='ocrx_word' id='word_1_29' title='bbox 565 768 647 835; x_wconf 90' lang='lat' dir='ltr'>ad</span> <span class='ocrx_word' id='word_1_30' title='bbox 669 768 1009 849; x_wconf 84' lang='lat' dir='ltr'>honorem,</span> <span class='ocrx_word' id='word_1_31' title='bbox 1036 771 1100 832; x_wconf 84' lang='lat' dir='ltr'>et</span> <span class='ocrx_word' id='word_1_32' title='bbox 1122 765 1440 832; x_wconf 89' lang='lat' dir='ltr'>dicuntur</span> <span class='ocrx_word' id='word_1_33' title='bbox 1470 761 1766 829; x_wconf 88' lang='lat' dir='ltr'>canonici</span> <span class='ocrx_word' id='word_1_34' title='bbox 1792 761 2121 829; x_wconf 85' lang='lat' dir='ltr'>honorarii</span> <span class='ocrx_word' id='word_1_35' title='bbox 2149 784 2165 840; x_wconf 90' lang='grc'>;</span> <span class='ocrx_word' id='word_1_36' title='bbox 2200 760 2310 828; x_wconf 88' lang='lat' dir='ltr'>alii</span> <span class='ocrx_word' id='word_1_37' title='bbox 2334 780 2554 848; x_wconf 84' lang='lat' dir='ltr'>super-</span> 
     </span>
     <span class='ocr_line' id='line_1_6' title="bbox 264 866 2554 957; baseline -0.004 -15"><span class='ocrx_word' id='word_1_38' title='bbox 264 875 593 942; x_wconf 89' lang='lat' dir='ltr'>adduntur</span> <span class='ocrx_word' id='word_1_39' title='bbox 647 895 800 940; x_wconf 92' lang='lat' dir='ltr'>cum</span> <span class='ocrx_word' id='word_1_40' title='bbox 847 872 1224 940; x_wconf 81' lang='lat' dir='ltr'>fundatione</span> <span class='ocrx_word' id='word_1_41' title='bbox 1275 891 1459 937; x_wconf 86' lang='lat' dir='ltr'>novae</span> <span class='ocrx_word' id='word_1_42' title='bbox 1509 867 1898 957; x_wconf 82' lang='lat' dir='ltr'>praebendae.</span> <span class='ocrx_word' id='word_1_43' title='bbox 1937 867 2001 934; x_wconf 76' lang='lat'>5⁰</span> <span class='ocrx_word' id='word_1_44' title='bbox 2041 866 2371 957; x_wconf 62' lang='lat' dir='ltr'>Praecipue</span> <span class='ocrx_word' id='word_1_45' title='bbox 2398 866 2554 934; x_wconf 89' lang='lat' dir='ltr'>olim</span> 
     </span>
     <span class='ocr_line' id='line_1_7' title="bbox 264 972 2553 1068; baseline -0.004 -21"><span class='ocrx_word' id='word_1_46' title='bbox 264 979 832 1068; x_wconf 81' lang='lat' dir='ltr'>distinguebantur</span> <span class='ocrx_word' id='word_1_47' title='bbox 860 981 930 1046; x_wconf 90' lang='lat' dir='ltr'>in</span> <span class='ocrx_word' id='word_1_48' title='bbox 957 977 1284 1067; x_wconf 83' lang='lat' dir='ltr'>regulares</span> <span class='ocrx_word' id='word_1_49' title='bbox 1323 981 1386 1043; x_wconf 89' lang='lat' dir='ltr'>et</span> <span class='ocrx_word' id='word_1_50' title='bbox 1413 975 1776 1044; x_wconf 82' lang='lat' dir='ltr'>saeculares.</span> <span class='ocrx_word' id='word_1_51' title='bbox 1812 972 1978 1041; x_wconf 89' lang='lat' dir='ltr'>Cum</span> <span class='ocrx_word' id='word_1_52' title='bbox 2010 979 2224 1040; x_wconf 84' lang='lat' dir='ltr'>autem</span> <span class='ocrx_word' id='word_1_53' title='bbox 2257 972 2336 1039; x_wconf 93' lang='lat' dir='ltr'>de</span> <span class='ocrx_word' id='word_1_54' title='bbox 2363 992 2553 1039; x_wconf 89' lang='lat' dir='ltr'>cano-</span> 
     </span>
    </p>

    <p class='ocr_par' dir='ltr' id='par_1_3' title="bbox 223 1078 2563 1494">
     <span class='ocr_line' id='line_1_8' title="bbox 223 1078 2553 1179; baseline -0.005 -25"><span class='ocrx_word' id='word_1_55' title='bbox 223 1088 418 1179; x_wconf 61' lang='lat' dir='ltr'>snicis</span> <span class='ocrx_word' id='word_1_56' title='bbox 451 1086 870 1175; x_wconf 83' lang='lat' dir='ltr'>regularibus</span> <span class='ocrx_word' id='word_1_57' title='bbox 887 1085 995 1152; x_wconf 84' lang='lat' dir='ltr'>vix</span> <span class='ocrx_word' id='word_1_58' title='bbox 1018 1083 1384 1173; x_wconf 89' lang='lat' dir='ltr'>quidquam</span> <span class='ocrx_word' id='word_1_59' title='bbox 1412 1082 1484 1148; x_wconf 92' lang='lat' dir='ltr'>in</span> <span class='ocrx_word' id='word_1_60' title='bbox 1513 1081 1790 1149; x_wconf 90' lang='lat' dir='ltr'>decursu</span> <span class='ocrx_word' id='word_1_61' title='bbox 1819 1080 2033 1170; x_wconf 89' lang='lat' dir='ltr'>operis</span> <span class='ocrx_word' id='word_1_62' title='bbox 2061 1078 2298 1145; x_wconf 88' lang='lat' dir='ltr'>dicturi</span> <span class='ocrx_word' id='word_1_63' title='bbox 2327 1078 2553 1158; x_wconf 79' lang='lat' dir='ltr'>simus,</span> 
     </span>
     <span class='ocr_line' id='line_1_9' title="bbox 267 1184 2563 1281; baseline -0.005 -22"><span class='ocrx_word' id='word_1_64' title='bbox 267 1213 340 1259; x_wconf 87' lang='lat' dir='ltr'>ne</span> <span class='ocrx_word' id='word_1_65' title='bbox 365 1193 645 1259; x_wconf 92' lang='lat' dir='ltr'>omnino</span> <span class='ocrx_word' id='word_1_66' title='bbox 678 1191 1211 1281; x_wconf 63' lang='lat' dir='ltr'>praetermittatur</span> <span class='ocrx_word' id='word_1_67' title='bbox 1237 1190 1416 1257; x_wconf 91' lang='lat' dir='ltr'>notio</span> <span class='ocrx_word' id='word_1_68' title='bbox 1453 1188 1534 1255; x_wconf 91' lang='lat' dir='ltr'>de</span> <span class='ocrx_word' id='word_1_69' title='bbox 1565 1190 1716 1277; x_wconf 88' lang='lat' dir='ltr'>jure</span> <span class='ocrx_word' id='word_1_70' title='bbox 1740 1208 1870 1276; x_wconf 89' lang='lat' dir='ltr'>quo</span> <span class='ocrx_word' id='word_1_71' title='bbox 1911 1184 2330 1273; x_wconf 80' lang='lat' dir='ltr'>regebantur,</span> <span class='ocrx_word' id='word_1_72' title='bbox 2374 1187 2438 1249; x_wconf 89' lang='lat' dir='ltr'>et</span> <span class='ocrx_word' id='word_1_73' title='bbox 2492 1188 2563 1249; x_wconf 89' lang='lat' dir='ltr'>ut</span> 
     </span>
     <span class='ocr_line' id='line_1_10' title="bbox 264 1289 2558 1386; baseline -0.003 -24"><span class='ocrx_word' id='word_1_74' title='bbox 264 1295 542 1385; x_wconf 75' lang='lat' dir='ltr'>intelligi</span> <span class='ocrx_word' id='word_1_75' title='bbox 588 1297 842 1364; x_wconf 84' lang='lat' dir='ltr'>valeant</span> <span class='ocrx_word' id='word_1_76' title='bbox 870 1318 1020 1386; x_wconf 84' lang='lat' dir='ltr'>quae</span> <span class='ocrx_word' id='word_1_77' title='bbox 1049 1296 1129 1362; x_wconf 92' lang='lat' dir='ltr'>de</span> <span class='ocrx_word' id='word_1_78' title='bbox 1157 1295 1312 1385; x_wconf 89' lang='lat' dir='ltr'>ipsis</span> <span class='ocrx_word' id='word_1_79' title='bbox 1342 1295 1518 1384; x_wconf 91' lang='lat' dir='ltr'>apud</span> <span class='ocrx_word' id='word_1_80' title='bbox 1547 1295 1907 1361; x_wconf 83' lang='lat' dir='ltr'>canonistas</span> <span class='ocrx_word' id='word_1_81' title='bbox 1935 1295 2316 1371; x_wconf 89' lang='lat' dir='ltr'>occurrunt,</span> <span class='ocrx_word' id='word_1_82' title='bbox 2354 1289 2425 1355; x_wconf 91' lang='lat' dir='ltr'>in</span> <span class='ocrx_word' id='word_1_83' title='bbox 2454 1307 2558 1355; x_wconf 86' lang='lat' dir='ltr'>se-</span> 
     </span>
     <span class='ocr_line' id='line_1_11' title="bbox 267 1395 2290 1494; baseline -0.004 -25"><span class='ocrx_word' id='word_1_84' title='bbox 267 1404 489 1491; x_wconf 83' lang='lat' dir='ltr'>quenti</span> <span class='ocrx_word' id='word_1_85' title='bbox 518 1402 930 1494; x_wconf 85' lang='lat' dir='ltr'>paragrapho</span> <span class='ocrx_word' id='word_1_86' title='bbox 969 1402 1182 1489; x_wconf 90' lang='lat' dir='ltr'>magis</span> <span class='ocrx_word' id='word_1_87' title='bbox 1211 1400 1377 1468; x_wconf 89' lang='lat' dir='ltr'>scitu</span> <span class='ocrx_word' id='word_1_88' title='bbox 1413 1398 1774 1467; x_wconf 88' lang='lat' dir='ltr'>necessaria</span> <span class='ocrx_word' id='word_1_89' title='bbox 1796 1395 2290 1488; x_wconf 86' lang='lat' dir='ltr'>subjungimus.</span> 
     </span>
    </p>
   </div>
   <div class='ocr_carea' id='block_1_3' title="bbox 1373 1679 1480 1755">
    <p class='ocr_par' dir='ltr' id='par_1_4' title="bbox 1373 1679 1480 1755">
     <span class='ocr_line' id='line_1_12' title="bbox 1373 1679 1480 1755; baseline -0.009 -19"><span class='ocrx_word' id='word_1_90' title='bbox 1373 1679 1480 1755; x_wconf 58' lang='lat'>34.</span> 
     </span>
    </p>
   </div>
   <div class='ocr_carea' id='block_1_4' title="bbox 946 1854 1898 1900">
    <p class='ocr_par' dir='ltr' id='par_1_5' title="bbox 946 1854 1898 1900">
     <span class='ocr_line' id='line_1_13' title="bbox 946 1854 1898 1900; baseline -0.009 0"><span class='ocrx_word' id='word_1_91' title='bbox 946 1861 1107 1900; x_wconf 84' lang='lat' dir='ltr'><strong>NOTIO</strong></span> <span class='ocrx_word' id='word_1_92' title='bbox 1130 1860 1198 1898; x_wconf 84' lang='lat' dir='ltr'>DE</span> <span class='ocrx_word' id='word_1_93' title='bbox 1225 1857 1508 1899; x_wconf 77' lang='lat' dir='ltr'>CANONICIS</span> <span class='ocrx_word' id='word_1_94' title='bbox 1529 1854 1898 1895; x_wconf 76' lang='lat' dir='ltr'><strong>REGULAMBUS</strong></span> 
     </span>
    </p>
   </div>
   <div class='ocr_carea' id='block_1_5' title="bbox 259 2023 2586 4249">
    <p class='ocr_par' dir='ltr' id='par_1_6' title="bbox 259 2023 2569 2535">
     <span class='ocr_line' id='line_1_14' title="bbox 358 2023 2569 2127; baseline -0.006 -23"><span class='ocrx_word' id='word_1_95' title='bbox 358 2037 544 2105; x_wconf 89' lang='lat' dir='ltr'>Licet</span> <span class='ocrx_word' id='word_1_96' title='bbox 556 2039 698 2127; x_wconf 77' lang='lat' dir='ltr'>Jam</span> <span class='ocrx_word' id='word_1_97' title='bbox 733 2060 770 2104; x_wconf 87' lang='lat' dir='ltr'>a</span> <span class='ocrx_word' id='word_1_98' title='bbox 798 2035 1005 2103; x_wconf 89' lang='lat' dir='ltr'>multo</span> <span class='ocrx_word' id='word_1_99' title='bbox 1038 2039 1325 2123; x_wconf 88' lang='lat' dir='ltr'>tempore</span> <span class='ocrx_word' id='word_1_100' title='bbox 1362 2029 1787 2098; x_wconf 87' lang='lat' dir='ltr'>saecularisata</span> <span class='ocrx_word' id='word_1_101' title='bbox 1809 2026 2052 2094; x_wconf 91' lang='lat' dir='ltr'>fuerint</span> <span class='ocrx_word' id='word_1_102' title='bbox 2074 2023 2353 2114; x_wconf 88' lang='lat' dir='ltr'>capitula</span> <span class='ocrx_word' id='word_1_103' title='bbox 2379 2043 2569 2091; x_wconf 90' lang='lat' dir='ltr'>cano-</span> 
     </span>
     <span class='ocr_line' id='line_1_15' title="bbox 265 2129 2566 2232; baseline -0.006 -21"><span class='ocrx_word' id='word_1_104' title='bbox 265 2144 574 2211; x_wconf 89' lang='lat' dir='ltr'>nicorum</span> <span class='ocrx_word' id='word_1_105' title='bbox 605 2143 1040 2232; x_wconf 89' lang='lat' dir='ltr'>regularium,</span> <span class='ocrx_word' id='word_1_106' title='bbox 1072 2146 1135 2206; x_wconf 86' lang='lat' dir='ltr'>et</span> <span class='ocrx_word' id='word_1_107' title='bbox 1161 2139 1290 2205; x_wconf 85' lang='lat' dir='ltr'>fere</span> <span class='ocrx_word' id='word_1_108' title='bbox 1315 2138 1563 2226; x_wconf 92' lang='lat' dir='ltr'>ubique</span> <span class='ocrx_word' id='word_1_109' title='bbox 1591 2135 1925 2214; x_wconf 83' lang='lat' dir='ltr'>desierint,</span> <span class='ocrx_word' id='word_1_110' title='bbox 1962 2154 2094 2198; x_wconf 90' lang='lat' dir='ltr'>non</span> <span class='ocrx_word' id='word_1_111' title='bbox 2115 2136 2332 2197; x_wconf 85' lang='lat' dir='ltr'>tamen</span> <span class='ocrx_word' id='word_1_112' title='bbox 2359 2129 2471 2196; x_wconf 89' lang='lat' dir='ltr'>abs</span> <span class='ocrx_word' id='word_1_113' title='bbox 2496 2149 2566 2197; x_wconf 88' lang='lat' dir='ltr'>re</span> 
     </span>
     <span class='ocr_line' id='line_1_16' title="bbox 263 2234 2567 2339; baseline -0.009 -20"><span class='ocrx_word' id='word_1_114' title='bbox 263 2254 424 2336; x_wconf 88' lang='lat' dir='ltr'>erit,</span> <span class='ocrx_word' id='word_1_115' title='bbox 453 2252 815 2339; x_wconf 76' lang='lat' dir='ltr'>praecipuas</span> <span class='ocrx_word' id='word_1_116' title='bbox 849 2248 1077 2314; x_wconf 90' lang='lat' dir='ltr'>saltem</span> <span class='ocrx_word' id='word_1_117' title='bbox 1105 2245 1392 2311; x_wconf 87' lang='lat' dir='ltr'>indicare</span> <span class='ocrx_word' id='word_1_118' title='bbox 1415 2243 1587 2329; x_wconf 83' lang='lat' dir='ltr'>juris</span> <span class='ocrx_word' id='word_1_119' title='bbox 1611 2240 1997 2326; x_wconf 60' lang='lat' dir='ltr'>quaestiones</span> <span class='ocrx_word' id='word_1_120' title='bbox 2041 2257 2201 2322; x_wconf 90' lang='lat' dir='ltr'>quas</span> <span class='ocrx_word' id='word_1_121' title='bbox 2240 2235 2378 2299; x_wconf 84' lang='lat' dir='ltr'>fuse</span> <span class='ocrx_word' id='word_1_122' title='bbox 2409 2234 2567 2300; x_wconf 90' lang='lat' dir='ltr'>olim</span> 
     </span>
     <span class='ocr_line' id='line_1_17' title="bbox 261 2338 2567 2435; baseline -0.007 -13"><span class='ocrx_word' id='word_1_123' title='bbox 261 2355 631 2424; x_wconf 84' lang='lat' dir='ltr'>canonistae</span> <span class='ocrx_word' id='word_1_124' title='bbox 667 2351 1048 2418; x_wconf 79' lang='lat' dir='ltr'>tractabant.</span> <span class='ocrx_word' id='word_1_125' title='bbox 1074 2347 1229 2415; x_wconf 84' lang='lat' dir='ltr'>Haec</span> <span class='ocrx_word' id='word_1_126' title='bbox 1255 2347 1334 2414; x_wconf 91' lang='lat' dir='ltr'>de</span> <span class='ocrx_word' id='word_1_127' title='bbox 1361 2342 1742 2435; x_wconf 89' lang='lat' dir='ltr'>hujusmodi</span> <span class='ocrx_word' id='word_1_128' title='bbox 1774 2339 2074 2431; x_wconf 79' lang='lat' dir='ltr'>capitulis</span> <span class='ocrx_word' id='word_1_129' title='bbox 2102 2338 2294 2405; x_wconf 83' lang='lat' dir='ltr'>tradit</span> <span class='ocrx_word' id='word_1_130' title='bbox 2320 2343 2382 2404; x_wconf 89' lang='lat' dir='ltr'>et</span> <span class='ocrx_word' id='word_1_131' title='bbox 2406 2358 2567 2427; x_wconf 88' lang='lat' dir='ltr'>pro-</span> 
     </span>
     <span class='ocr_line' id='line_1_18' title="bbox 259 2444 2561 2535; baseline -0.007 -7"><span class='ocrx_word' id='word_1_132' title='bbox 259 2459 647 2530; x_wconf 86' lang='lat' dir='ltr'>bationibus</span> <span class='ocrx_word' id='word_1_133' title='bbox 683 2458 905 2524; x_wconf 89' lang='lat' dir='ltr'>firmat</span> <span class='ocrx_word' id='word_1_134' title='bbox 928 2454 1210 2523; x_wconf 89' lang='lat' dir='ltr'>Barbosa</span> <span class='ocrx_word' id='word_1_135' title='bbox 1237 2452 1308 2519; x_wconf 93' lang='lat' dir='ltr'>in</span> <span class='ocrx_word' id='word_1_136' title='bbox 1328 2473 1444 2519; x_wconf 91' lang='lat' dir='ltr'>suo</span> <span class='ocrx_word' id='word_1_137' title='bbox 1465 2454 1739 2518; x_wconf 89' lang='lat' dir='ltr'>tractatu</span> <span class='ocrx_word' id='word_1_138' title='bbox 1767 2447 1845 2515; x_wconf 88' lang='lat' dir='ltr'>de</span> <span class='ocrx_word' id='word_1_139' title='bbox 1874 2446 2229 2529; x_wconf 77' lang='lat' dir='ltr'>canoniciS,</span> <span class='ocrx_word' id='word_1_140' title='bbox 2263 2444 2510 2535; x_wconf 88' lang='lat' dir='ltr'>capite1</span> <span class='ocrx_word' id='word_1_141' title='bbox 2546 2468 2561 2512; x_wconf 77' lang='grc' dir='ltr'><strong><em>ε</em></strong></span> 
     </span>
    </p>

    <p class='ocr_par' dir='ltr' id='par_1_7' title="bbox 271 2551 2568 2867">
     <span class='ocr_line' id='line_1_19' title="bbox 368 2551 2564 2650; baseline -0.007 -18"><span class='ocrx_word' id='word_1_142' title='bbox 368 2568 433 2633; x_wconf 84' lang='grc'>10</span> <span class='ocrx_word' id='word_1_143' title='bbox 470 2562 783 2631; x_wconf 91' lang='lat' dir='ltr'>Canonici</span> <span class='ocrx_word' id='word_1_144' title='bbox 808 2561 1136 2650; x_wconf 88' lang='lat' dir='ltr'>regulares</span> <span class='ocrx_word' id='word_1_145' title='bbox 1160 2557 1631 2626; x_wconf 87' lang='lat' dir='ltr'>cathedralium</span> <span class='ocrx_word' id='word_1_146' title='bbox 1671 2577 1784 2623; x_wconf 90' lang='lat' dir='ltr'>seu</span> <span class='ocrx_word' id='word_1_147' title='bbox 1822 2553 2100 2621; x_wconf 88' lang='lat' dir='ltr'>aliarum</span> <span class='ocrx_word' id='word_1_148' title='bbox 2138 2551 2564 2618; x_wconf 90' lang='lat' dir='ltr'>ecclesiarum</span> 
     </span>
     <span class='ocr_line' id='line_1_20' title="bbox 271 2658 2568 2754; baseline -0.008 -14"><span class='ocrx_word' id='word_1_149' title='bbox 271 2673 517 2741; x_wconf 87' lang='lat' dir='ltr'>babent</span> <span class='ocrx_word' id='word_1_150' title='bbox 537 2670 706 2738; x_wconf 78' lang='lat' dir='ltr'>bona</span> <span class='ocrx_word' id='word_1_151' title='bbox 731 2670 957 2737; x_wconf 89' lang='lat' dir='ltr'>saltem</span> <span class='ocrx_word' id='word_1_152' title='bbox 987 2669 1064 2736; x_wconf 90' lang='lat' dir='ltr'>ad</span> <span class='ocrx_word' id='word_1_153' title='bbox 1088 2668 1528 2744; x_wconf 87' lang='lat' dir='ltr'>usufructum,</span> <span class='ocrx_word' id='word_1_154' title='bbox 1552 2670 1613 2732; x_wconf 90' lang='lat' dir='ltr'>et</span> <span class='ocrx_word' id='word_1_155' title='bbox 1642 2666 1912 2754; x_wconf 89' lang='lat' dir='ltr'>possunt</span> <span class='ocrx_word' id='word_1_156' title='bbox 1932 2662 2012 2729; x_wconf 88' lang='lat' dir='ltr'>de</span> <span class='ocrx_word' id='word_1_157' title='bbox 2031 2660 2163 2727; x_wconf 88' lang='lat' dir='ltr'>illis</span> <span class='ocrx_word' id='word_1_158' title='bbox 2184 2659 2369 2726; x_wconf 90' lang='lat' dir='ltr'>bonis</span> <span class='ocrx_word' id='word_1_159' title='bbox 2394 2658 2568 2724; x_wconf 89' lang='lat' dir='ltr'>inter</span> 
     </span>
     <span class='ocr_line' id='line_1_21' title="bbox 275 2774 1310 2867; baseline -0.007 -21"><span class='ocrx_word' id='word_1_160' title='bbox 275 2780 454 2846; x_wconf 86' lang='lat' dir='ltr'>vivos</span> <span class='ocrx_word' id='word_1_161' title='bbox 481 2779 560 2845; x_wconf 91' lang='lat' dir='ltr'>ad</span> <span class='ocrx_word' id='word_1_162' title='bbox 589 2799 783 2867; x_wconf 91' lang='lat' dir='ltr'>opera</span> <span class='ocrx_word' id='word_1_163' title='bbox 814 2776 917 2865; x_wconf 90' lang='lat' dir='ltr'>pia</span> <span class='ocrx_word' id='word_1_164' title='bbox 946 2774 1310 2864; x_wconf 87' lang='lat' dir='ltr'>disponere.</span> 
     </span>
    </p>

    <p class='ocr_par' dir='ltr' id='par_1_8' title="bbox 283 2866 2576 3184">
     <span class='ocr_line' id='line_1_22' title="bbox 366 2866 2573 2977; baseline -0.012 -21"><span class='ocrx_word' id='word_1_165' title='bbox 366 2889 431 2954; x_wconf 77' lang='grc'>20</span> <span class='ocrx_word' id='word_1_166' title='bbox 460 2888 816 2977; x_wconf 87' lang='lat' dir='ltr'>Episcopus</span> <span class='ocrx_word' id='word_1_167' title='bbox 839 2884 911 2951; x_wconf 91' lang='lat' dir='ltr'>in</span> <span class='ocrx_word' id='word_1_168' title='bbox 931 2884 1276 2951; x_wconf 89' lang='lat' dir='ltr'>canonicos</span> <span class='ocrx_word' id='word_1_169' title='bbox 1305 2880 1636 2968; x_wconf 87' lang='lat' dir='ltr'>regulares</span> <span class='ocrx_word' id='word_1_170' title='bbox 1668 2873 2142 2944; x_wconf 90' lang='lat' dir='ltr'>cathedralium</span> <span class='ocrx_word' id='word_1_171' title='bbox 2166 2867 2468 2957; x_wconf 80' lang='lat' dir='ltr'>(exceptis</span> <span class='ocrx_word' id='word_1_172' title='bbox 2493 2866 2573 2931; x_wconf 89' lang='lat' dir='ltr'>iis</span> 
     </span>
     <span class='ocr_line' id='line_1_23' title="bbox 283 2972 2576 3082; baseline -0.01 -21"><span class='ocrx_word' id='word_1_173' title='bbox 283 3016 423 3082; x_wconf 83' lang='lat' dir='ltr'>quae</span> <span class='ocrx_word' id='word_1_174' title='bbox 447 2998 858 3062; x_wconf 87' lang='lat' dir='ltr'>concernunt</span> <span class='ocrx_word' id='word_1_175' title='bbox 881 2990 1201 3078; x_wconf 89' lang='lat' dir='ltr'>regularia</span> <span class='ocrx_word' id='word_1_176' title='bbox 1219 2982 1538 3072; x_wconf 85' lang='lat' dir='ltr'>instituta)</span> <span class='ocrx_word' id='word_1_177' title='bbox 1564 2984 1759 3049; x_wconf 90' lang='lat' dir='ltr'>habet</span> <span class='ocrx_word' id='word_1_178' title='bbox 1786 2977 2238 3045; x_wconf 85' lang='lat' dir='ltr'>omnimodam</span> <span class='ocrx_word' id='word_1_179' title='bbox 2255 2972 2576 3063; x_wconf 89' lang='lat' dir='ltr'>jurisdic-</span> 
     </span>
     <span class='ocr_line' id='line_1_24' title="bbox 285 3094 1402 3184; baseline -0.009 -18"><span class='ocrx_word' id='word_1_180' title='bbox 285 3101 550 3184; x_wconf 85' lang='lat' dir='ltr'>tionem,</span> <span class='ocrx_word' id='word_1_181' title='bbox 585 3100 740 3167; x_wconf 87' lang='lat' dir='ltr'>licet</span> <span class='ocrx_word' id='word_1_182' title='bbox 765 3119 896 3166; x_wconf 93' lang='lat' dir='ltr'>non</span> <span class='ocrx_word' id='word_1_183' title='bbox 926 3097 1009 3162; x_wconf 91' lang='lat' dir='ltr'>sit</span> <span class='ocrx_word' id='word_1_184' title='bbox 1035 3094 1402 3181; x_wconf 79' lang='lat' dir='ltr'>religiosuS.</span> 
     </span>
    </p>

    <p class='ocr_par' dir='ltr' id='par_1_9' title="bbox 291 3184 2571 3503">
     <span class='ocr_line' id='line_1_25' title="bbox 373 3184 2567 3296; baseline -0.011 -23"><span class='ocrx_word' id='word_1_185' title='bbox 373 3205 439 3273; x_wconf 92' lang='grc'>30</span> <span class='ocrx_word' id='word_1_186' title='bbox 480 3205 840 3296; x_wconf 87' lang='lat' dir='ltr'>Episcopus</span> <span class='ocrx_word' id='word_1_187' title='bbox 869 3204 923 3270; x_wconf 90' lang='lat' dir='ltr'>si</span> <span class='ocrx_word' id='word_1_188' title='bbox 951 3202 1147 3269; x_wconf 90' lang='lat' dir='ltr'>fuerit</span> <span class='ocrx_word' id='word_1_189' title='bbox 1182 3197 1382 3266; x_wconf 89' lang='lat' dir='ltr'>simul</span> <span class='ocrx_word' id='word_1_190' title='bbox 1407 3196 1604 3263; x_wconf 87' lang='lat' dir='ltr'>abbas</span> <span class='ocrx_word' id='word_1_191' title='bbox 1631 3196 1700 3261; x_wconf 93' lang='lat' dir='ltr'>in</span> <span class='ocrx_word' id='word_1_192' title='bbox 1730 3214 1848 3261; x_wconf 87' lang='lat' dir='ltr'>sua</span> <span class='ocrx_word' id='word_1_193' title='bbox 1887 3188 2234 3259; x_wconf 89' lang='lat' dir='ltr'>cathedrali</span> <span class='ocrx_word' id='word_1_194' title='bbox 2261 3184 2567 3273; x_wconf 85' lang='lat' dir='ltr'>regulari,</span> 
     </span>
     <span class='ocr_line' id='line_1_26' title="bbox 291 3291 2571 3398; baseline -0.01 -20"><span class='ocrx_word' id='word_1_195' title='bbox 291 3312 477 3380; x_wconf 85' lang='lat' dir='ltr'>habet</span> <span class='ocrx_word' id='word_1_196' title='bbox 503 3311 952 3379; x_wconf 89' lang='lat' dir='ltr'>omnimodam</span> <span class='ocrx_word' id='word_1_197' title='bbox 993 3304 1519 3398; x_wconf 86' lang='lat' dir='ltr'>jurisdictionem</span> <span class='ocrx_word' id='word_1_198' title='bbox 1566 3303 1635 3367; x_wconf 90' lang='lat' dir='ltr'>in</span> <span class='ocrx_word' id='word_1_199' title='bbox 1676 3298 2020 3367; x_wconf 88' lang='lat' dir='ltr'>canonicos</span> <span class='ocrx_word' id='word_1_200' title='bbox 2068 3291 2394 3381; x_wconf 89' lang='lat' dir='ltr'>regulares</span> <span class='ocrx_word' id='word_1_201' title='bbox 2441 3312 2571 3357; x_wconf 83' lang='lat' dir='ltr'>suae</span> 
     </span>
     <span class='ocr_line' id='line_1_27' title="bbox 298 3399 2391 3503; baseline -0.012 -16"><span class='ocrx_word' id='word_1_202' title='bbox 298 3420 694 3501; x_wconf 81' lang='lat' dir='ltr'>cathedraliS,</span> <span class='ocrx_word' id='word_1_203' title='bbox 718 3419 909 3484; x_wconf 91' lang='lat' dir='ltr'>etiam</span> <span class='ocrx_word' id='word_1_204' title='bbox 943 3415 1011 3481; x_wconf 88' lang='lat' dir='ltr'>in</span> <span class='ocrx_word' id='word_1_205' title='bbox 1038 3416 1116 3481; x_wconf 88' lang='lat' dir='ltr'>iis</span> <span class='ocrx_word' id='word_1_206' title='bbox 1135 3436 1278 3503; x_wconf 87' lang='lat' dir='ltr'>quae</span> <span class='ocrx_word' id='word_1_207' title='bbox 1306 3413 1713 3479; x_wconf 88' lang='lat' dir='ltr'>concernunt</span> <span class='ocrx_word' id='word_1_208' title='bbox 1729 3404 2057 3495; x_wconf 87' lang='lat' dir='ltr'>regularia</span> <span class='ocrx_word' id='word_1_209' title='bbox 2083 3399 2391 3467; x_wconf 88' lang='lat' dir='ltr'>instituta.</span> 
     </span>
    </p>

    <p class='ocr_par' dir='ltr' id='par_1_10' title="bbox 299 3499 2580 3721">
     <span class='ocr_line' id='line_1_28' title="bbox 381 3499 2568 3615; baseline -0.012 -25"><span class='ocrx_word' id='word_1_210' title='bbox 381 3526 448 3590; x_wconf 75' lang='lat'>4⁰</span> <span class='ocrx_word' id='word_1_211' title='bbox 471 3526 853 3615; x_wconf 87' lang='lat' dir='ltr'>Episcopus,</span> <span class='ocrx_word' id='word_1_212' title='bbox 884 3524 937 3588; x_wconf 91' lang='lat' dir='ltr'>si</span> <span class='ocrx_word' id='word_1_213' title='bbox 970 3521 1165 3588; x_wconf 87' lang='lat' dir='ltr'>fuerit</span> <span class='ocrx_word' id='word_1_214' title='bbox 1182 3518 1379 3586; x_wconf 91' lang='lat' dir='ltr'>simul</span> <span class='ocrx_word' id='word_1_215' title='bbox 1406 3516 1604 3583; x_wconf 89' lang='lat' dir='ltr'>abbas</span> <span class='ocrx_word' id='word_1_216' title='bbox 1630 3517 1701 3581; x_wconf 92' lang='lat' dir='ltr'>in</span> <span class='ocrx_word' id='word_1_217' title='bbox 1729 3535 1847 3581; x_wconf 89' lang='lat' dir='ltr'>sua</span> <span class='ocrx_word' id='word_1_218' title='bbox 1876 3504 2229 3577; x_wconf 87' lang='lat' dir='ltr'>cathedrali</span> <span class='ocrx_word' id='word_1_219' title='bbox 2258 3499 2568 3590; x_wconf 88' lang='lat' dir='ltr'>regulari,</span> 
     </span>
     <span class='ocr_line' id='line_1_29' title="bbox 299 3604 2580 3721; baseline -0.013 -25"><span class='ocrx_word' id='word_1_220' title='bbox 299 3638 700 3721; x_wconf 76' lang='lat' dir='ltr'>repraesentat</span> <span class='ocrx_word' id='word_1_221' title='bbox 729 3629 1054 3717; x_wconf 91' lang='lat' dir='ltr'>duplicem</span> <span class='ocrx_word' id='word_1_222' title='bbox 1084 3645 1452 3714; x_wconf 89' lang='lat' dir='ltr'>personam,</span> <span class='ocrx_word' id='word_1_223' title='bbox 1485 3620 1786 3687; x_wconf 79' lang='lat' dir='ltr'>videlicet</span> <span class='ocrx_word' id='word_1_224' title='bbox 1816 3613 2063 3706; x_wconf 90' lang='lat' dir='ltr'>proprii</span> <span class='ocrx_word' id='word_1_225' title='bbox 2091 3616 2152 3678; x_wconf 89' lang='lat' dir='ltr'>et</span> <span class='ocrx_word' id='word_1_226' title='bbox 2172 3610 2308 3674; x_wconf 82' lang='lat' dir='ltr'>veri</span> <span class='ocrx_word' id='word_1_227' title='bbox 2333 3604 2580 3672; x_wconf 83' lang='lat' dir='ltr'>abbatis</span> 
     </span>
    </p>

    <p class='ocr_par' dir='ltr' id='par_1_11' title="bbox 301 3709 2586 4249">
     <span class='ocr_line' id='line_1_30' title="bbox 302 3709 2581 3817; baseline -0.014 -13"><span class='ocrx_word' id='word_1_228' title='bbox 302 3738 364 3805; x_wconf 91' lang='lat' dir='ltr'>in</span> <span class='ocrx_word' id='word_1_229' title='bbox 403 3733 948 3806; x_wconf 88' lang='lat' dir='ltr'>concernentibus</span> <span class='ocrx_word' id='word_1_230' title='bbox 987 3729 1305 3817; x_wconf 89' lang='lat' dir='ltr'>regularia</span> <span class='ocrx_word' id='word_1_231' title='bbox 1328 3727 1649 3809; x_wconf 84' lang='lat' dir='ltr'>instituta,</span> <span class='ocrx_word' id='word_1_232' title='bbox 1676 3733 1738 3788; x_wconf 87' lang='lat' dir='ltr'>et</span> <span class='ocrx_word' id='word_1_233' title='bbox 1759 3720 1959 3788; x_wconf 90' lang='lat' dir='ltr'>simul</span> <span class='ocrx_word' id='word_1_234' title='bbox 1986 3712 2235 3805; x_wconf 89' lang='lat' dir='ltr'>proprii</span> <span class='ocrx_word' id='word_1_235' title='bbox 2277 3709 2581 3799; x_wconf 85' lang='lat' dir='ltr'>Episcopi</span> 
     </span>
     <span class='ocr_line' id='line_1_31' title="bbox 301 3823 2131 3933; baseline -0.016 -19"><span class='ocrx_word' id='word_1_236' title='bbox 301 3846 506 3933; x_wconf 86' lang='lat' dir='ltr'>quoad</span> <span class='ocrx_word' id='word_1_237' title='bbox 527 3844 778 3933; x_wconf 90' lang='lat' dir='ltr'>reliqua</span> <span class='ocrx_word' id='word_1_238' title='bbox 802 3865 818 3924; x_wconf 90' lang='lat'>;</span> <span class='ocrx_word' id='word_1_239' title='bbox 844 3845 908 3907; x_wconf 90' lang='lat' dir='ltr'>et</span> <span class='ocrx_word' id='word_1_240' title='bbox 925 3838 1018 3905; x_wconf 90' lang='lat' dir='ltr'>sic</span> <span class='ocrx_word' id='word_1_241' title='bbox 1041 3838 1248 3927; x_wconf 83' lang='lat' dir='ltr'>potest</span> <span class='ocrx_word' id='word_1_242' title='bbox 1276 3830 1407 3898; x_wconf 89' lang='lat' dir='ltr'>dici</span> <span class='ocrx_word' id='word_1_243' title='bbox 1430 3829 1631 3896; x_wconf 88' lang='lat' dir='ltr'>abbas</span> <span class='ocrx_word' id='word_1_244' title='bbox 1661 3831 1723 3892; x_wconf 86' lang='lat' dir='ltr'>et</span> <span class='ocrx_word' id='word_1_245' title='bbox 1748 3823 2131 3913; x_wconf 76' lang='lat' dir='ltr'>Episcopus,</span> 
     </span>
     <span class='ocr_line' id='line_1_32' title="bbox 312 3920 2577 4040; baseline -0.015 -20"><span class='ocrx_word' id='word_1_246' title='bbox 312 3990 341 4006; x_wconf 48' lang='lat'>-&gt;</span> <span class='ocrx_word' id='word_1_247' title='bbox 388 3953 456 4019; x_wconf 80' lang='lat'>5⁰</span> <span class='ocrx_word' id='word_1_248' title='bbox 477 3951 838 4040; x_wconf 91' lang='lat' dir='ltr'>Episcopus</span> <span class='ocrx_word' id='word_1_249' title='bbox 850 3946 1044 4014; x_wconf 89' lang='lat' dir='ltr'>abbas</span> <span class='ocrx_word' id='word_1_250' title='bbox 1065 3944 1225 4010; x_wconf 91' lang='lat' dir='ltr'>dum</span> <span class='ocrx_word' id='word_1_251' title='bbox 1255 3937 1502 4006; x_wconf 87' lang='lat' dir='ltr'>confert</span> <span class='ocrx_word' id='word_1_252' title='bbox 1522 3931 1975 4003; x_wconf 87' lang='lat' dir='ltr'>canonicatum</span> <span class='ocrx_word' id='word_1_253' title='bbox 1994 3924 2096 3992; x_wconf 75' lang='lat' dir='ltr'>vel</span> <span class='ocrx_word' id='word_1_254' title='bbox 2117 3922 2493 4011; x_wconf 83' lang='lat' dir='ltr'>dignitatem</span> <span class='ocrx_word' id='word_1_255' title='bbox 2509 3920 2577 3987; x_wconf 91' lang='lat' dir='ltr'>in</span> 
     </span>
     <span class='ocr_line' id='line_1_33' title="bbox 306 4027 2578 4135; baseline -0.015 -9"><span class='ocrx_word' id='word_1_256' title='bbox 306 4079 412 4126; x_wconf 90' lang='lat' dir='ltr'>sua</span> <span class='ocrx_word' id='word_1_257' title='bbox 450 4054 805 4125; x_wconf 88' lang='lat' dir='ltr'>cathedrali</span> <span class='ocrx_word' id='word_1_258' title='bbox 851 4050 1119 4119; x_wconf 89' lang='lat' dir='ltr'>ecclesia</span> <span class='ocrx_word' id='word_1_259' title='bbox 1164 4044 1475 4135; x_wconf 84' lang='lat' dir='ltr'>regulari,</span> <span class='ocrx_word' id='word_1_260' title='bbox 1528 4063 1660 4108; x_wconf 90' lang='lat' dir='ltr'>non</span> <span class='ocrx_word' id='word_1_261' title='bbox 1710 4036 1959 4106; x_wconf 87' lang='lat' dir='ltr'>confert</span> <span class='ocrx_word' id='word_1_262' title='bbox 1986 4038 2314 4118; x_wconf 89' lang='lat' dir='ltr'>tamquam</span> <span class='ocrx_word' id='word_1_263' title='bbox 2358 4027 2578 4108; x_wconf 89' lang='lat' dir='ltr'>abbas,</span> 
     </span>
     <span class='ocr_line' id='line_1_34' title="bbox 306 4137 2586 4249; baseline -0.016 -17"><span class='ocrx_word' id='word_1_264' title='bbox 306 4165 410 4231; x_wconf 86' lang='lat' dir='ltr'>sed</span> <span class='ocrx_word' id='word_1_265' title='bbox 448 4169 782 4249; x_wconf 87' lang='lat' dir='ltr'>tamquam</span> <span class='ocrx_word' id='word_1_266' title='bbox 834 4157 1216 4247; x_wconf 90' lang='lat' dir='ltr'>Episcopus,</span> <span class='ocrx_word' id='word_1_267' title='bbox 1262 4159 1324 4218; x_wconf 86' lang='lat' dir='ltr'>et</span> <span class='ocrx_word' id='word_1_268' title='bbox 1353 4148 1705 4218; x_wconf 83' lang='lat' dir='ltr'>canonicus</span> <span class='ocrx_word' id='word_1_269' title='bbox 1747 4143 1838 4212; x_wconf 91' lang='lat' dir='ltr'>sic</span> <span class='ocrx_word' id='word_1_270' title='bbox 1874 4137 2168 4231; x_wconf 89' lang='lat' dir='ltr'>provisus</span> <span class='ocrx_word' id='word_1_271' title='bbox 2214 4156 2345 4200; x_wconf 90' lang='lat' dir='ltr'>non</span> <span class='ocrx_word' id='word_1_272' title='bbox 2386 4138 2586 4224; x_wconf 88' lang='lat' dir='ltr'>potest</span> 
     </span>
    </p>
   </div>
   <div class='ocr_carea' id='block_1_6' title="bbox 314 4258 2652 4465">
    <p class='ocr_par' dir='ltr' id='par_1_12' title="bbox 314 4258 2652 4465">
     <span class='ocr_line' id='line_1_35' title="bbox 314 4258 1576 4357; baseline -0.013 -20"><span class='ocrx_word' id='word_1_273' title='bbox 314 4268 596 4337; x_wconf 85' lang='lat' dir='ltr'>amoveri</span> <span class='ocrx_word' id='word_1_274' title='bbox 628 4289 745 4357; x_wconf 89' lang='lat' dir='ltr'>per</span> <span class='ocrx_word' id='word_1_275' title='bbox 766 4263 1164 4354; x_wconf 88' lang='lat' dir='ltr'>superiorem</span> <span class='ocrx_word' id='word_1_276' title='bbox 1189 4258 1576 4347; x_wconf 87' lang='lat' dir='ltr'>regularem.</span> 
     </span>
     <span class='ocr_line' id='line_1_36' title="bbox 401 4342 2652 4465; baseline -0.021 -19"><span class='ocrx_word' id='word_1_277' title='bbox 401 4377 468 4444; x_wconf 87' lang='grc'>60</span> <span class='ocrx_word' id='word_1_278' title='bbox 514 4374 871 4465; x_wconf 88' lang='lat' dir='ltr'>Episcopus</span> <span class='ocrx_word' id='word_1_279' title='bbox 903 4370 1121 4453; x_wconf 75' lang='lat' dir='ltr'>abbaS‚</span> <span class='ocrx_word' id='word_1_280' title='bbox 1148 4367 1221 4434; x_wconf 90' lang='lat' dir='ltr'>in</span> <span class='ocrx_word' id='word_1_281' title='bbox 1248 4366 1329 4432; x_wconf 89' lang='lat' dir='ltr'>iis</span> <span class='ocrx_word' id='word_1_282' title='bbox 1371 4385 1517 4452; x_wconf 87' lang='lat' dir='ltr'>quae</span> <span class='ocrx_word' id='word_1_283' title='bbox 1553 4363 1629 4429; x_wconf 88' lang='lat' dir='ltr'>ad</span> <span class='ocrx_word' id='word_1_284' title='bbox 1662 4360 1957 4448; x_wconf 84' lang='lat' dir='ltr'>regulam</span> <span class='ocrx_word' id='word_1_285' title='bbox 2004 4349 2467 4419; x_wconf 86' lang='lat' dir='ltr'>canonicorum</span> <span class='ocrx_word' id='word_1_286' title='bbox 2497 4357 2595 4403; x_wconf 87' lang='lat' dir='ltr'>re·</span> <span class='ocrx_word' id='word_1_287' title='bbox 2641 4342 2652 4347; x_wconf 73' lang='grc'><strong>“</strong></span> 
     </span>
    </p>
   </div>
  </div>
 </body>
</html>
