<?xml version="1.0" encoding="UTF-8"?>
<!DOCTYPE html PUBLIC "-//W3C//DTD XHTML 1.0 Transitional//EN"
    "http://www.w3.org/TR/xhtml1/DTD/xhtml1-transitional.dtd">
<html xmlns="http://www.w3.org/1999/xhtml" xml:lang="en" lang="en">
 <head>
  <title>
</title>
<meta http-equiv="Content-Type" content="text/html;charset=utf-8" />
  <meta name='ocr-system' content='tesseract 3.04.00' />
  <meta name='ocr-capabilities' content='ocr_page ocr_carea ocr_par ocr_line ocrx_word'/>
</head>
<body>
  <div class='ocr_page' id='page_1' title='image "./tractatusdecapi00bouigoog_0387.png"; bbox 0 0 2930 4982; ppageno 0'>
   <div class='ocr_carea' id='block_1_1' title="bbox 1182 366 2592 427">
    <p class='ocr_par' dir='ltr' id='par_1_1' title="bbox 1182 366 2592 427">
     <span class='ocr_line' id='line_1_1' title="bbox 1182 366 2592 427; baseline 0.004 -7"><span class='ocrx_word' id='word_1_1' title='bbox 1182 375 1260 420; x_wconf 74' lang='lat' dir='ltr'>nn</span> <span class='ocrx_word' id='word_1_2' title='bbox 1306 374 1629 421; x_wconf 62' lang='lat' dir='ltr'>cunnus.</span> <span class='ocrx_word' id='word_1_3' title='bbox 2469 366 2592 427; x_wconf 66' lang='lat'>349</span> 
     </span>
    </p>
   </div>
   <div class='ocr_carea' id='block_1_2' title="bbox 280 488 2563 688">
    <p class='ocr_par' dir='ltr' id='par_1_2' title="bbox 280 488 2563 688">
     <span class='ocr_line' id='line_1_2' title="bbox 285 488 2563 583; baseline 0 -21"><span class='ocrx_word' id='word_1_4' title='bbox 285 492 671 563; x_wconf 80' lang='lat' dir='ltr'><strong>consuetudo</strong></span> <span class='ocrx_word' id='word_1_5' title='bbox 696 492 864 572; x_wconf 70' lang='lat' dir='ltr'>haec,</span> <span class='ocrx_word' id='word_1_6' title='bbox 900 496 1122 583; x_wconf 80' lang='lat' dir='ltr'>utpote</span> <span class='ocrx_word' id='word_1_7' title='bbox 1160 511 1482 558; x_wconf 89' lang='lat' dir='ltr'>consensu</span> <span class='ocrx_word' id='word_1_8' title='bbox 1510 492 1701 558; x_wconf 85' lang='lat' dir='ltr'>etiam</span> <span class='ocrx_word' id='word_1_9' title='bbox 1745 488 1936 558; x_wconf 85' lang='lat' dir='ltr'>tacito</span> <span class='ocrx_word' id='word_1_10' title='bbox 1966 488 2348 578; x_wconf 81' lang='lat' dir='ltr'>legislatoris</span> <span class='ocrx_word' id='word_1_11' title='bbox 2371 492 2563 562; x_wconf 83' lang='lat' dir='ltr'>desti-</span> 
     </span>
     <span class='ocr_line' id='line_1_3' title="bbox 280 595 1840 688; baseline -0.003 -20"><span class='ocrx_word' id='word_1_12' title='bbox 280 605 429 687; x_wconf 87' lang='lat' dir='ltr'>tuta,</span> <span class='ocrx_word' id='word_1_13' title='bbox 455 619 797 688; x_wconf 88' lang='lat' dir='ltr'>nunquam</span> <span class='ocrx_word' id='word_1_14' title='bbox 825 596 1060 688; x_wconf 88' lang='lat' dir='ltr'>poterit</span> <span class='ocrx_word' id='word_1_15' title='bbox 1085 595 1377 681; x_wconf 82' lang='lat' dir='ltr'>legitime</span> <span class='ocrx_word' id='word_1_16' title='bbox 1400 596 1840 687; x_wconf 85' lang='lat' dir='ltr'>praescribere.</span> 
     </span>
    </p>
   </div>
   <div class='ocr_carea' id='block_1_3' title="bbox 1355 881 1473 961">
    <p class='ocr_par' dir='ltr' id='par_1_3' title="bbox 1355 881 1473 961">
     <span class='ocr_line' id='line_1_4' title="bbox 1355 881 1473 961; baseline -0.008 -18"><span class='ocrx_word' id='word_1_17' title='bbox 1355 881 1473 961; x_wconf 73' lang='lat'>§4</span> 
     </span>
    </p>
   </div>
   <div class='ocr_carea' id='block_1_4' title="bbox 275 1052 2558 1195">
    <p class='ocr_par' dir='ltr' id='par_1_4' title="bbox 275 1052 2558 1195">
     <span class='ocr_line' id='line_1_5' title="bbox 275 1052 2558 1097; baseline 0.001 -3"><span class='ocrx_word' id='word_1_18' title='bbox 275 1055 345 1094; x_wconf 76' lang='lat' dir='ltr'>AN</span> <span class='ocrx_word' id='word_1_19' title='bbox 366 1055 425 1094; x_wconf 88' lang='lat' dir='ltr'>IN</span> <span class='ocrx_word' id='word_1_20' title='bbox 446 1054 613 1094; x_wconf 76' lang='lat' dir='ltr'>STATU</span> <span class='ocrx_word' id='word_1_21' title='bbox 645 1053 914 1093; x_wconf 79' lang='lat' dir='ltr'><strong>PRAESENTI</strong></span> <span class='ocrx_word' id='word_1_22' title='bbox 933 1053 1298 1093; x_wconf 72' lang='lat' dir='ltr'>EchESIARUn</span> <span class='ocrx_word' id='word_1_23' title='bbox 1333 1053 1542 1093; x_wconf 74' lang='lat' dir='ltr'>GALLIAE</span> <span class='ocrx_word' id='word_1_24' title='bbox 1567 1053 1896 1093; x_wconf 69' lang='lat' dir='ltr'>TENEANTUR</span> <span class='ocrx_word' id='word_1_25' title='bbox 1927 1052 2163 1093; x_wconf 60' lang='lat' dir='ltr'>ems-com</span> <span class='ocrx_word' id='word_1_26' title='bbox 2195 1053 2558 1097; x_wconf 63' lang='lat' dir='ltr'>metrumne!</span> 
     </span>
     <span class='ocr_line' id='line_1_6' title="bbox 1117 1148 1748 1195; baseline 0 -7"><span class='ocrx_word' id='word_1_27' title='bbox 1117 1148 1403 1189; x_wconf 61' lang='lat' dir='ltr'>CONSILIO!</span> <span class='ocrx_word' id='word_1_28' title='bbox 1443 1149 1748 1195; x_wconf 70' lang='lat' dir='ltr'><strong>REQUIRERR</strong></span> 
     </span>
    </p>
   </div>
   <div class='ocr_carea' id='block_1_5' title="bbox 263 1325 2579 3639">
    <p class='ocr_par' dir='ltr' id='par_1_5' title="bbox 263 1325 2576 2673">
     <span class='ocr_line' id='line_1_7' title="bbox 369 1325 2569 1398; baseline 0.001 -3"><span class='ocrx_word' id='word_1_29' title='bbox 369 1330 431 1396; x_wconf 90' lang='lat'>1.</span> <span class='ocrx_word' id='word_1_30' title='bbox 465 1327 732 1397; x_wconf 87' lang='lat' dir='ltr'>Certum</span> <span class='ocrx_word' id='word_1_31' title='bbox 755 1325 1009 1393; x_wconf 84' lang='lat' dir='ltr'>videtur</span> <span class='ocrx_word' id='word_1_32' title='bbox 1048 1332 1195 1394; x_wconf 86' lang='lat' dir='ltr'>ante</span> <span class='ocrx_word' id='word_1_33' title='bbox 1223 1348 1543 1395; x_wconf 86' lang='lat' dir='ltr'>novarum</span> <span class='ocrx_word' id='word_1_34' title='bbox 1571 1325 1798 1394; x_wconf 86' lang='lat' dir='ltr'>Galliae</span> <span class='ocrx_word' id='word_1_35' title='bbox 1841 1326 2262 1395; x_wconf 87' lang='lat' dir='ltr'>ecclesiarum</span> <span class='ocrx_word' id='word_1_36' title='bbox 2289 1329 2569 1398; x_wconf 87' lang='lat' dir='ltr'>erectio-</span> 
     </span>
     <span class='ocr_line' id='line_1_8' title="bbox 266 1430 2568 1523; baseline 0 -20"><span class='ocrx_word' id='word_1_37' title='bbox 266 1455 445 1521; x_wconf 88' lang='lat' dir='ltr'>nem,</span> <span class='ocrx_word' id='word_1_38' title='bbox 510 1455 625 1523; x_wconf 90' lang='lat' dir='ltr'>per</span> <span class='ocrx_word' id='word_1_39' title='bbox 647 1431 899 1499; x_wconf 91' lang='lat' dir='ltr'>bullam</span> <span class='ocrx_word' id='word_1_40' title='bbox 925 1431 1026 1499; x_wconf 90' lang='lat' dir='ltr'>Pii</span> <span class='ocrx_word' id='word_1_41' title='bbox 1060 1430 1185 1501; x_wconf 84' lang='lat' dir='ltr'>Vll</span> <span class='ocrx_word' id='word_1_42' title='bbox 1214 1453 1359 1521; x_wconf 83' lang='lat' dir='ltr'>quae</span> <span class='ocrx_word' id='word_1_43' title='bbox 1382 1431 1617 1523; x_wconf 86' lang='lat' dir='ltr'>incipit</span> <span class='ocrx_word' id='word_1_44' title='bbox 1646 1432 1777 1514; x_wconf 82' lang='lat' dir='ltr'>Qui</span> <span class='ocrx_word' id='word_1_45' title='bbox 1813 1432 2066 1499; x_wconf 78' lang='lat' dir='ltr'>Christi</span> <span class='ocrx_word' id='word_1_46' title='bbox 2088 1434 2381 1518; x_wconf 80' lang='lat' dir='ltr'>Domini,</span> <span class='ocrx_word' id='word_1_47' title='bbox 2415 1458 2568 1505; x_wconf 89' lang='lat' dir='ltr'>con-</span> 
     </span>
     <span class='ocr_line' id='line_1_9' title="bbox 265 1537 2565 1631; baseline 0 -21"><span class='ocrx_word' id='word_1_48' title='bbox 265 1546 507 1610; x_wconf 83' lang='lat' dir='ltr'>stanter</span> <span class='ocrx_word' id='word_1_49' title='bbox 524 1540 804 1629; x_wconf 84' lang='lat' dir='ltr'>viguisse</span> <span class='ocrx_word' id='word_1_50' title='bbox 826 1538 896 1605; x_wconf 83' lang='lat' dir='ltr'>in</span> <span class='ocrx_word' id='word_1_51' title='bbox 929 1538 1042 1606; x_wconf 92' lang='lat' dir='ltr'>illa</span> <span class='ocrx_word' id='word_1_52' title='bbox 1067 1539 1333 1629; x_wconf 83' lang='lat' dir='ltr'>regione</span> <span class='ocrx_word' id='word_1_53' title='bbox 1352 1541 1464 1630; x_wconf 86' lang='lat' dir='ltr'>jus</span> <span class='ocrx_word' id='word_1_54' title='bbox 1486 1560 1864 1622; x_wconf 89' lang='lat' dir='ltr'>commune,</span> <span class='ocrx_word' id='word_1_55' title='bbox 1887 1537 2240 1631; x_wconf 90' lang='lat' dir='ltr'>Episcopos</span> <span class='ocrx_word' id='word_1_56' title='bbox 2269 1540 2565 1631; x_wconf 86' lang='lat' dir='ltr'>obligans</span> 
     </span>
     <span class='ocr_line' id='line_1_10' title="bbox 265 1645 2572 1738; baseline 0.001 -22"><span class='ocrx_word' id='word_1_57' title='bbox 265 1649 339 1717; x_wconf 90' lang='lat' dir='ltr'>ad</span> <span class='ocrx_word' id='word_1_58' title='bbox 381 1647 863 1738; x_wconf 87' lang='lat' dir='ltr'>exposcendum</span> <span class='ocrx_word' id='word_1_59' title='bbox 900 1647 970 1713; x_wconf 91' lang='lat' dir='ltr'>in</span> <span class='ocrx_word' id='word_1_60' title='bbox 1014 1647 1238 1714; x_wconf 88' lang='lat' dir='ltr'>multis</span> <span class='ocrx_word' id='word_1_61' title='bbox 1278 1646 1714 1735; x_wconf 86' lang='lat' dir='ltr'>capitulorum</span> <span class='ocrx_word' id='word_1_62' title='bbox 1754 1646 2127 1714; x_wconf 89' lang='lat' dir='ltr'>consilium.</span> <span class='ocrx_word' id='word_1_63' title='bbox 2174 1645 2244 1714; x_wconf 90' lang='lat' dir='ltr'>ld</span> <span class='ocrx_word' id='word_1_64' title='bbox 2277 1649 2572 1718; x_wconf 88' lang='lat' dir='ltr'>innuunt</span> 
     </span>
     <span class='ocr_line' id='line_1_11' title="bbox 265 1752 2570 1847; baseline 0.001 -25"><span class='ocrx_word' id='word_1_65' title='bbox 265 1755 632 1844; x_wconf 88' lang='lat' dir='ltr'>priscorum</span> <span class='ocrx_word' id='word_1_66' title='bbox 665 1752 1132 1842; x_wconf 88' lang='lat' dir='ltr'>Episcoporum</span> <span class='ocrx_word' id='word_1_67' title='bbox 1176 1753 1482 1820; x_wconf 89' lang='lat' dir='ltr'>mandata</span> <span class='ocrx_word' id='word_1_68' title='bbox 1519 1758 1583 1819; x_wconf 93' lang='lat' dir='ltr'>et</span> <span class='ocrx_word' id='word_1_69' title='bbox 1615 1752 1796 1820; x_wconf 83' lang='lat' dir='ltr'>varia</span> <span class='ocrx_word' id='word_1_70' title='bbox 1830 1757 2087 1836; x_wconf 82' lang='lat' dir='ltr'>statuta,</span> <span class='ocrx_word' id='word_1_71' title='bbox 2138 1774 2282 1842; x_wconf 83' lang='lat' dir='ltr'>quae</span> <span class='ocrx_word' id='word_1_72' title='bbox 2310 1777 2570 1847; x_wconf 80' lang='lat' dir='ltr'>semper</span> 
     </span>
     <span class='ocr_line' id='line_1_12' title="bbox 265 1857 2568 1948; baseline 0.001 -20"><span class='ocrx_word' id='word_1_73' title='bbox 265 1860 431 1930; x_wconf 88' lang='lat' dir='ltr'>hanc</span> <span class='ocrx_word' id='word_1_74' title='bbox 479 1865 591 1928; x_wconf 81' lang='lat' dir='ltr'>aut</span> <span class='ocrx_word' id='word_1_75' title='bbox 627 1860 908 1927; x_wconf 88' lang='lat' dir='ltr'>similem</span> <span class='ocrx_word' id='word_1_76' title='bbox 950 1858 1347 1948; x_wconf 73' lang='lat' dir='ltr'>praemissam</span> <span class='ocrx_word' id='word_1_77' title='bbox 1392 1858 1702 1924; x_wconf 85' lang='lat' dir='ltr'>exhibent</span> <span class='ocrx_word' id='word_1_78' title='bbox 1746 1857 2126 1944; x_wconf 83' lang='lat' dir='ltr'>formulam,</span> <span class='ocrx_word' id='word_1_79' title='bbox 2171 1857 2251 1926; x_wconf 88' lang='lat' dir='ltr'>de</span> <span class='ocrx_word' id='word_1_80' title='bbox 2285 1862 2568 1930; x_wconf 81' lang='lat' dir='ltr'>consilio</span> 
     </span>
     <span class='ocr_line' id='line_1_13' title="bbox 266 1962 2569 2055; baseline 0 -20"><span class='ocrx_word' id='word_1_81' title='bbox 266 1966 754 2035; x_wconf 81' lang='lat' dir='ltr'>venerabilium</span> <span class='ocrx_word' id='word_1_82' title='bbox 809 1967 1114 2055; x_wconf 75' lang='lat' dir='ltr'>fratrum</span> <span class='ocrx_word' id='word_1_83' title='bbox 1165 1973 1551 2031; x_wconf 79' lang='lat' dir='ltr'>nostrorum</span> <span class='ocrx_word' id='word_1_84' title='bbox 1599 1962 2090 2030; x_wconf 81' lang='lat' dir='ltr'>canonicorum.</span> <span class='ocrx_word' id='word_1_85' title='bbox 2133 1962 2262 2031; x_wconf 91' lang='lat' dir='ltr'>Sed</span> <span class='ocrx_word' id='word_1_86' title='bbox 2310 1966 2436 2034; x_wconf 92' lang='lat' dir='ltr'>hoc</span> <span class='ocrx_word' id='word_1_87' title='bbox 2487 1968 2569 2035; x_wconf 90' lang='lat' dir='ltr'>ad</span> 
     </span>
     <span class='ocr_line' id='line_1_14' title="bbox 263 2068 2572 2163; baseline 0 -23"><span class='ocrx_word' id='word_1_88' title='bbox 263 2078 648 2163; x_wconf 84' lang='lat' dir='ltr'>praesentem</span> <span class='ocrx_word' id='word_1_89' title='bbox 675 2071 1099 2160; x_wconf 60' lang='lat' dir='ltr'>quaestionem</span> <span class='ocrx_word' id='word_1_90' title='bbox 1119 2091 1254 2138; x_wconf 91' lang='lat' dir='ltr'>non</span> <span class='ocrx_word' id='word_1_91' title='bbox 1277 2068 1496 2152; x_wconf 77' lang='lat' dir='ltr'>refert,</span> <span class='ocrx_word' id='word_1_92' title='bbox 1516 2090 1696 2147; x_wconf 90' lang='lat' dir='ltr'>cum,</span> <span class='ocrx_word' id='word_1_93' title='bbox 1712 2068 1965 2136; x_wconf 87' lang='lat' dir='ltr'>etiamsi</span> <span class='ocrx_word' id='word_1_94' title='bbox 1988 2069 2313 2139; x_wconf 84' lang='lat' dir='ltr'>contraria</span> <span class='ocrx_word' id='word_1_95' title='bbox 2331 2072 2572 2161; x_wconf 83' lang='lat' dir='ltr'>viguis-</span> 
     </span>
     <span class='ocr_line' id='line_1_15' title="bbox 266 2171 2569 2266; baseline -0.001 -21"><span class='ocrx_word' id='word_1_96' title='bbox 266 2184 365 2245; x_wconf 91' lang='lat' dir='ltr'>set</span> <span class='ocrx_word' id='word_1_97' title='bbox 412 2175 833 2255; x_wconf 83' lang='lat' dir='ltr'>consuetud0‚</span> <span class='ocrx_word' id='word_1_98' title='bbox 888 2178 1221 2266; x_wconf 91' lang='lat' dir='ltr'>perempta</span> <span class='ocrx_word' id='word_1_99' title='bbox 1264 2173 1486 2242; x_wconf 83' lang='lat' dir='ltr'>fuisset</span> <span class='ocrx_word' id='word_1_100' title='bbox 1531 2194 1649 2263; x_wconf 90' lang='lat' dir='ltr'>per</span> <span class='ocrx_word' id='word_1_101' title='bbox 1696 2171 1933 2240; x_wconf 90' lang='lat' dir='ltr'>dictam</span> <span class='ocrx_word' id='word_1_102' title='bbox 1986 2172 2232 2241; x_wconf 87' lang='lat' dir='ltr'>bullam</span> <span class='ocrx_word' id='word_1_103' title='bbox 2282 2174 2381 2241; x_wconf 89' lang='lat' dir='ltr'>Pii</span> <span class='ocrx_word' id='word_1_104' title='bbox 2421 2175 2569 2261; x_wconf 88' lang='lat' dir='ltr'>Vll,</span> 
     </span>
     <span class='ocr_line' id='line_1_16' title="bbox 271 2275 2576 2371; baseline -0 -22"><span class='ocrx_word' id='word_1_105' title='bbox 271 2286 497 2371; x_wconf 86' lang='lat' dir='ltr'>utpote</span> <span class='ocrx_word' id='word_1_106' title='bbox 522 2304 665 2369; x_wconf 84' lang='lat' dir='ltr'>quae</span> <span class='ocrx_word' id='word_1_107' title='bbox 693 2282 1049 2370; x_wconf 86' lang='lat' dir='ltr'>suppressit</span> <span class='ocrx_word' id='word_1_108' title='bbox 1074 2301 1298 2347; x_wconf 90' lang='lat' dir='ltr'>omnes</span> <span class='ocrx_word' id='word_1_109' title='bbox 1325 2278 1553 2346; x_wconf 82' lang='lat' dir='ltr'>Galliae</span> <span class='ocrx_word' id='word_1_110' title='bbox 1581 2275 1880 2344; x_wconf 91' lang='lat' dir='ltr'>ecclesias</span> <span class='ocrx_word' id='word_1_111' title='bbox 1909 2299 2060 2344; x_wconf 83' lang='lat' dir='ltr'>cum</span> <span class='ocrx_word' id='word_1_112' title='bbox 2082 2277 2576 2369; x_wconf 81' lang='lat' dir='ltr'>omnibusjuri·</span> 
     </span>
     <span class='ocr_line' id='line_1_17' title="bbox 270 2382 2575 2477; baseline -0.001 -22"><span class='ocrx_word' id='word_1_113' title='bbox 270 2385 424 2466; x_wconf 79' lang='lat' dir='ltr'>bus,</span> <span class='ocrx_word' id='word_1_114' title='bbox 451 2385 829 2477; x_wconf 75' lang='lat' dir='ltr'>privileqiis</span> <span class='ocrx_word' id='word_1_115' title='bbox 868 2395 932 2453; x_wconf 83' lang='lat' dir='ltr'>et</span> <span class='ocrx_word' id='word_1_116' title='bbox 966 2382 1443 2475; x_wconf 74' lang='lat' dir='ltr'>praeroqativis</span> <span class='ocrx_word' id='word_1_117' title='bbox 1483 2382 1952 2473; x_wconf 85' lang='lat' dir='ltr'>cujuscumque</span> <span class='ocrx_word' id='word_1_118' title='bbox 1986 2383 2263 2472; x_wconf 74' lang='lat' dir='ltr'>qenerz&#39;s.</span> <span class='ocrx_word' id='word_1_119' title='bbox 2310 2382 2575 2477; x_wconf 86' lang='lat' dir='ltr'>Expen-</span> 
     </span>
     <span class='ocr_line' id='line_1_18' title="bbox 268 2489 2574 2584; baseline -0.001 -20"><span class='ocrx_word' id='word_1_120' title='bbox 268 2495 487 2565; x_wconf 90' lang='lat' dir='ltr'>denda</span> <span class='ocrx_word' id='word_1_121' title='bbox 516 2517 671 2584; x_wconf 87' lang='lat' dir='ltr'>ergo</span> <span class='ocrx_word' id='word_1_122' title='bbox 696 2495 965 2584; x_wconf 84' lang='lat' dir='ltr'>quaestio</span> <span class='ocrx_word' id='word_1_123' title='bbox 985 2498 1103 2580; x_wconf 88' lang='lat' dir='ltr'>est,</span> <span class='ocrx_word' id='word_1_124' title='bbox 1132 2515 1204 2560; x_wconf 87' lang='lat' dir='ltr'>ex</span> <span class='ocrx_word' id='word_1_125' title='bbox 1222 2494 1374 2582; x_wconf 85' lang='lat' dir='ltr'>jure</span> <span class='ocrx_word' id='word_1_126' title='bbox 1399 2490 1482 2559; x_wconf 91' lang='lat' dir='ltr'>ab</span> <span class='ocrx_word' id='word_1_127' title='bbox 1509 2489 1632 2559; x_wconf 91' lang='lat' dir='ltr'>ista</span> <span class='ocrx_word' id='word_1_128' title='bbox 1659 2489 1837 2558; x_wconf 87' lang='lat' dir='ltr'>hulla</span> <span class='ocrx_word' id='word_1_129' title='bbox 1858 2489 1961 2558; x_wconf 85' lang='lat' dir='ltr'>vel</span> <span class='ocrx_word' id='word_1_130' title='bbox 1988 2512 2024 2557; x_wconf 92' lang='lat' dir='ltr'>a</span> <span class='ocrx_word' id='word_1_131' title='bbox 2043 2489 2383 2560; x_wconf 85' lang='lat' dir='ltr'>subsecuta</span> <span class='ocrx_word' id='word_1_132' title='bbox 2406 2514 2574 2563; x_wconf 89' lang='lat' dir='ltr'>con—</span> 
     </span>
     <span class='ocr_line' id='line_1_19' title="bbox 269 2601 1036 2673; baseline -0.008 0"><span class='ocrx_word' id='word_1_133' title='bbox 269 2604 620 2673; x_wconf 90' lang='lat' dir='ltr'>suetudine</span> <span class='ocrx_word' id='word_1_134' title='bbox 647 2601 1036 2668; x_wconf 62' lang='lat' dir='ltr'>introducta</span> 
     </span>
    </p>

    <p class='ocr_par' dir='ltr' id='par_1_6' title="bbox 270 2702 2579 3430">
     <span class='ocr_line' id='line_1_20' title="bbox 360 2702 2578 2795; baseline -0.002 -19"><span class='ocrx_word' id='word_1_135' title='bbox 360 2709 428 2776; x_wconf 78' lang='lat'>2.</span> <span class='ocrx_word' id='word_1_136' title='bbox 473 2708 738 2778; x_wconf 85' lang='lat' dir='ltr'>Certum</span> <span class='ocrx_word' id='word_1_137' title='bbox 776 2712 870 2775; x_wconf 89' lang='lat' dir='ltr'>est</span> <span class='ocrx_word' id='word_1_138' title='bbox 905 2707 1101 2774; x_wconf 90' lang='lat' dir='ltr'>etiam</span> <span class='ocrx_word' id='word_1_139' title='bbox 1143 2726 1258 2795; x_wconf 91' lang='lat' dir='ltr'>per</span> <span class='ocrx_word' id='word_1_140' title='bbox 1290 2702 1817 2773; x_wconf 86' lang='lat' dir='ltr'>constitutionem</span> <span class='ocrx_word' id='word_1_141' title='bbox 1865 2703 1995 2784; x_wconf 83' lang='lat' dir='ltr'>Qui</span> <span class='ocrx_word' id='word_1_142' title='bbox 2031 2703 2278 2769; x_wconf 74' lang='lat' dir='ltr'>Christi</span> <span class='ocrx_word' id='word_1_143' title='bbox 2304 2705 2578 2772; x_wconf 84' lang='lat' dir='ltr'>Domini</span> 
     </span>
     <span class='ocr_line' id='line_1_21' title="bbox 271 2807 2579 2900; baseline -0.002 -20"><span class='ocrx_word' id='word_1_144' title='bbox 271 2814 462 2882; x_wconf 84' lang='lat' dir='ltr'>nullo</span> <span class='ocrx_word' id='word_1_145' title='bbox 488 2815 683 2879; x_wconf 88' lang='lat' dir='ltr'>modo</span> <span class='ocrx_word' id='word_1_146' title='bbox 723 2815 1102 2900; x_wconf 88' lang='lat' dir='ltr'>derogatum</span> <span class='ocrx_word' id='word_1_147' title='bbox 1133 2811 1325 2878; x_wconf 80' lang='lat' dir='ltr'>fuisse</span> <span class='ocrx_word' id='word_1_148' title='bbox 1360 2811 1500 2898; x_wconf 76' lang='lat' dir='ltr'>juri</span> <span class='ocrx_word' id='word_1_149' title='bbox 1536 2809 1878 2876; x_wconf 90' lang='lat' dir='ltr'>communi</span> <span class='ocrx_word' id='word_1_150' title='bbox 1902 2829 2035 2895; x_wconf 90' lang='lat' dir='ltr'>quo</span> <span class='ocrx_word' id='word_1_151' title='bbox 2067 2814 2372 2874; x_wconf 86' lang='lat' dir='ltr'>tenentur</span> <span class='ocrx_word' id='word_1_152' title='bbox 2396 2807 2579 2898; x_wconf 90' lang='lat' dir='ltr'>Epis-</span> 
     </span>
     <span class='ocr_line' id='line_1_22' title="bbox 277 2912 2577 3009; baseline -0.001 -23"><span class='ocrx_word' id='word_1_153' title='bbox 277 2919 434 3009; x_wconf 83' lang='lat' dir='ltr'>copi</span> <span class='ocrx_word' id='word_1_154' title='bbox 462 2917 807 2984; x_wconf 86' lang='lat' dir='ltr'>consilium</span> <span class='ocrx_word' id='word_1_155' title='bbox 838 2916 1293 3005; x_wconf 80' lang='lat' dir='ltr'>capitularium</span> <span class='ocrx_word' id='word_1_156' title='bbox 1317 2935 1679 3003; x_wconf 81' lang='lat' dir='ltr'>exposcere.</span> <span class='ocrx_word' id='word_1_157' title='bbox 1707 2912 1908 2979; x_wconf 81' lang='lat' dir='ltr'>Nulla</span> <span class='ocrx_word' id='word_1_158' title='bbox 1934 2912 2110 2978; x_wconf 88' lang='lat' dir='ltr'>enim</span> <span class='ocrx_word' id='word_1_159' title='bbox 2143 2913 2210 2977; x_wconf 89' lang='lat' dir='ltr'>in</span> <span class='ocrx_word' id='word_1_160' title='bbox 2238 2934 2339 2997; x_wconf 88' lang='lat' dir='ltr'>ea,</span> <span class='ocrx_word' id='word_1_161' title='bbox 2369 2935 2577 3003; x_wconf 87' lang='lat' dir='ltr'>neque</span> 
     </span>
     <span class='ocr_line' id='line_1_23' title="bbox 271 3016 2575 3107; baseline -0.001 -14"><span class='ocrx_word' id='word_1_162' title='bbox 271 3025 346 3093; x_wconf 90' lang='lat' dir='ltr'>in</span> <span class='ocrx_word' id='word_1_163' title='bbox 388 3024 651 3092; x_wconf 89' lang='lat' dir='ltr'>decreto</span> <span class='ocrx_word' id='word_1_164' title='bbox 688 3023 1081 3089; x_wconf 85' lang='lat' dir='ltr'>executionis</span> <span class='ocrx_word' id='word_1_165' title='bbox 1106 3042 1142 3086; x_wconf 93' lang='lat' dir='ltr'>a</span> <span class='ocrx_word' id='word_1_166' title='bbox 1166 3021 1376 3107; x_wconf 87' lang='lat' dir='ltr'>legato</span> <span class='ocrx_word' id='word_1_167' title='bbox 1413 3018 1596 3086; x_wconf 91' lang='lat' dir='ltr'>Sedis</span> <span class='ocrx_word' id='word_1_168' title='bbox 1634 3016 2044 3106; x_wconf 86' lang='lat' dir='ltr'>Apostolicae,</span> <span class='ocrx_word' id='word_1_169' title='bbox 2088 3018 2403 3089; x_wconf 84' lang='lat' dir='ltr'>cardinali</span> <span class='ocrx_word' id='word_1_170' title='bbox 2445 3021 2575 3090; x_wconf 90' lang='lat' dir='ltr'>Ca-</span> 
     </span>
     <span class='ocr_line' id='line_1_24' title="bbox 270 3121 2574 3223; baseline -0.001 -23"><span class='ocrx_word' id='word_1_171' title='bbox 270 3153 495 3223; x_wconf 85' lang='lat' dir='ltr'>prara,</span> <span class='ocrx_word' id='word_1_172' title='bbox 521 3128 957 3220; x_wconf 86' lang='lat' dir='ltr'>promulgato,</span> <span class='ocrx_word' id='word_1_173' title='bbox 987 3147 1197 3215; x_wconf 91' lang='lat' dir='ltr'>neque</span> <span class='ocrx_word' id='word_1_174' title='bbox 1214 3125 1281 3191; x_wconf 90' lang='lat' dir='ltr'>in</span> <span class='ocrx_word' id='word_1_175' title='bbox 1306 3124 1439 3191; x_wconf 91' lang='lat' dir='ltr'>ulla</span> <span class='ocrx_word' id='word_1_176' title='bbox 1463 3123 1588 3191; x_wconf 89' lang='lat' dir='ltr'>alia</span> <span class='ocrx_word' id='word_1_177' title='bbox 1608 3122 1864 3192; x_wconf 89' lang='lat' dir='ltr'>Summi</span> <span class='ocrx_word' id='word_1_178' title='bbox 1889 3121 2215 3192; x_wconf 89' lang='lat' dir='ltr'>Pontificis</span> <span class='ocrx_word' id='word_1_179' title='bbox 2238 3125 2574 3197; x_wconf 84' lang='lat' dir='ltr'>subsecuta</span> 
     </span>
     <span class='ocr_line' id='line_1_25' title="bbox 271 3227 2571 3355; baseline -0.001 -49"><span class='ocrx_word' id='word_1_180' title='bbox 271 3237 708 3316; x_wconf 88' lang='lat' dir='ltr'>ordinatione,</span> <span class='ocrx_word' id='word_1_181' title='bbox 740 3234 1065 3323; x_wconf 88' lang='lat' dir='ltr'>reperitur</span> <span class='ocrx_word' id='word_1_182' title='bbox 1101 3231 1377 3319; x_wconf 80' lang='lat' dir='ltr'>phrasiS‚</span> <span class='ocrx_word' id='word_1_183' title='bbox 1426 3251 1572 3318; x_wconf 84' lang='lat' dir='ltr'>quae</span> <span class='ocrx_word' id='word_1_184' title='bbox 1610 3229 1804 3296; x_wconf 90' lang='lat' dir='ltr'>talem</span> <span class='ocrx_word' id='word_1_185' title='bbox 1844 3227 2321 3355; x_wconf 84' lang='lat' dir='ltr'>derogationem</span> <span class='ocrx_word' id='word_1_186' title='bbox 2364 3236 2571 3326; x_wconf 82' lang='lat' dir='ltr'>expri-</span> 
     </span>
     <span class='ocr_line' id='line_1_26' title="bbox 272 3337 1403 3431; baseline -0.01 -18"><span class='ocrx_word' id='word_1_187' title='bbox 272 3348 437 3431; x_wconf 86' lang='lat' dir='ltr'>mat,</span> <span class='ocrx_word' id='word_1_188' title='bbox 461 3349 573 3410; x_wconf 89' lang='lat' dir='ltr'>aut</span> <span class='ocrx_word' id='word_1_189' title='bbox 599 3364 674 3409; x_wconf 91' lang='lat' dir='ltr'>ex</span> <span class='ocrx_word' id='word_1_190' title='bbox 696 3362 825 3430; x_wconf 90' lang='lat' dir='ltr'>qua</span> <span class='ocrx_word' id='word_1_191' title='bbox 853 3337 1150 3408; x_wconf 88' lang='lat' dir='ltr'>concludi</span> <span class='ocrx_word' id='word_1_192' title='bbox 1183 3337 1403 3427; x_wconf 81' lang='lat' dir='ltr'>possit.</span> 
     </span>
    </p>

    <p class='ocr_par' dir='ltr' id='par_1_7' title="bbox 272 3441 2578 3639">
     <span class='ocr_line' id='line_1_27' title="bbox 362 3441 2569 3535; baseline -0.002 -17"><span class='ocrx_word' id='word_1_193' title='bbox 362 3450 508 3518; x_wconf 89' lang='lat' dir='ltr'>Imo</span> <span class='ocrx_word' id='word_1_194' title='bbox 556 3446 953 3531; x_wconf 82' lang='lat' dir='ltr'>contrarium</span> <span class='ocrx_word' id='word_1_195' title='bbox 1002 3465 1293 3535; x_wconf 84' lang='lat' dir='ltr'>expresse</span> <span class='ocrx_word' id='word_1_196' title='bbox 1329 3441 1584 3509; x_wconf 88' lang='lat' dir='ltr'>eruitur</span> <span class='ocrx_word' id='word_1_197' title='bbox 1623 3462 1698 3508; x_wconf 92' lang='lat' dir='ltr'>ex</span> <span class='ocrx_word' id='word_1_198' title='bbox 1740 3441 1922 3509; x_wconf 89' lang='lat' dir='ltr'>bulla</span> <span class='ocrx_word' id='word_1_199' title='bbox 1964 3444 2375 3532; x_wconf 81' lang='lat' dir='ltr'>concordati3</span> <span class='ocrx_word' id='word_1_200' title='bbox 2417 3467 2569 3513; x_wconf 91' lang='lat' dir='ltr'>cum</span> 
     </span>
     <span class='ocr_line' id='line_1_28' title="bbox 272 3546 2578 3639; baseline -0.003 -16"><span class='ocrx_word' id='word_1_201' title='bbox 272 3557 366 3625; x_wconf 90' lang='lat' dir='ltr'>ibi</span> <span class='ocrx_word' id='word_1_202' title='bbox 394 3558 566 3625; x_wconf 89' lang='lat' dir='ltr'>dicat</span> <span class='ocrx_word' id='word_1_203' title='bbox 589 3554 745 3622; x_wconf 93' lang='lat' dir='ltr'>Pius</span> <span class='ocrx_word' id='word_1_204' title='bbox 769 3550 913 3636; x_wconf 87' lang='lat' dir='ltr'>Vll,</span> <span class='ocrx_word' id='word_1_205' title='bbox 943 3551 1085 3618; x_wconf 91' lang='lat' dir='ltr'>ideo</span> <span class='ocrx_word' id='word_1_206' title='bbox 1114 3548 1448 3617; x_wconf 89' lang='lat' dir='ltr'>statuenda</span> <span class='ocrx_word' id='word_1_207' title='bbox 1478 3547 1785 3636; x_wconf 86' lang='lat' dir='ltr'>capitula,</span> <span class='ocrx_word' id='word_1_208' title='bbox 1813 3546 1988 3637; x_wconf 88' lang='lat' dir='ltr'>quod</span> <span class='ocrx_word' id='word_1_209' title='bbox 2015 3569 2264 3616; x_wconf 79' lang='lat' dir='ltr'>necesse</span> <span class='ocrx_word' id='word_1_210' title='bbox 2286 3549 2373 3616; x_wconf 83' lang='lat' dir='ltr'>sit</span> <span class='ocrx_word' id='word_1_211' title='bbox 2410 3551 2578 3639; x_wconf 80' lang='lat' dir='ltr'>Epi-</span> 
     </span>
    </p>
   </div>
   <div class='ocr_carea' id='block_1_6' title="bbox 272 3654 2573 3855">
    <p class='ocr_par' dir='ltr' id='par_1_8' title="bbox 272 3654 2573 3855">
     <span class='ocr_line' id='line_1_29' title="bbox 272 3654 1300 3755; baseline -0.013 -22"><span class='ocrx_word' id='word_1_212' title='bbox 272 3685 626 3755; x_wconf 81' lang='lat' dir='ltr'>scoporum</span> <span class='ocrx_word' id='word_1_213' title='bbox 646 3658 920 3728; x_wconf 81' lang='lat' dir='ltr'>consilio</span> <span class='ocrx_word' id='word_1_214' title='bbox 946 3654 1300 3723; x_wconf 81' lang='lat' dir='ltr'>consulere.</span> 
     </span>
     <span class='ocr_line' id='line_1_30' title="bbox 369 3757 2573 3855; baseline -0.004 -18"><span class='ocrx_word' id='word_1_215' title='bbox 369 3768 436 3837; x_wconf 88' lang='lat'>3.</span> <span class='ocrx_word' id='word_1_216' title='bbox 461 3768 742 3837; x_wconf 89' lang='lat' dir='ltr'>Videtur</span> <span class='ocrx_word' id='word_1_217' title='bbox 766 3769 1070 3855; x_wconf 81' lang='lat' dir='ltr'>praeterea</span> <span class='ocrx_word' id='word_1_218' title='bbox 1087 3782 1201 3849; x_wconf 88' lang='lat' dir='ltr'>per</span> <span class='ocrx_word' id='word_1_219' title='bbox 1216 3758 1434 3849; x_wconf 88' lang='lat' dir='ltr'>plures</span> <span class='ocrx_word' id='word_1_220' title='bbox 1452 3778 1655 3823; x_wconf 88' lang='lat' dir='ltr'>annos</span> <span class='ocrx_word' id='word_1_221' title='bbox 1680 3761 1819 3846; x_wconf 89' lang='lat' dir='ltr'>post</span> <span class='ocrx_word' id='word_1_222' title='bbox 1838 3757 2079 3826; x_wconf 85' lang='lat' dir='ltr'>dictum</span> <span class='ocrx_word' id='word_1_223' title='bbox 2108 3757 2573 3828; x_wconf 85' lang='lat' dir='ltr'>concordatum</span> 
     </span>
    </p>
   </div>
   <div class='ocr_carea' id='block_1_7' title="bbox 275 3859 2576 4264">
    <p class='ocr_par' dir='ltr' id='par_1_9' title="bbox 275 3859 2576 4264">
     <span class='ocr_line' id='line_1_31' title="bbox 275 3859 2574 3960; baseline -0.003 -18"><span class='ocrx_word' id='word_1_224' title='bbox 275 3875 440 3943; x_wconf 92' lang='lat' dir='ltr'>anni</span> <span class='ocrx_word' id='word_1_225' title='bbox 475 3872 676 3960; x_wconf 85' lang='lat'>1801,</span> <span class='ocrx_word' id='word_1_226' title='bbox 710 3868 1109 3938; x_wconf 87' lang='lat' dir='ltr'>consuevisse</span> <span class='ocrx_word' id='word_1_227' title='bbox 1137 3863 1487 3954; x_wconf 90' lang='lat' dir='ltr'>Episcopos</span> <span class='ocrx_word' id='word_1_228' title='bbox 1511 3859 1734 3929; x_wconf 85' lang='lat' dir='ltr'>Galliae</span> <span class='ocrx_word' id='word_1_229' title='bbox 1763 3862 2200 3951; x_wconf 91' lang='lat' dir='ltr'>capitulorum</span> <span class='ocrx_word' id='word_1_230' title='bbox 2231 3861 2574 3934; x_wconf 88' lang='lat' dir='ltr'>consilium</span> 
     </span>
     <span class='ocr_line' id='line_1_32' title="bbox 277 3968 2576 4069; baseline -0.002 -23"><span class='ocrx_word' id='word_1_231' title='bbox 277 3978 637 4069; x_wconf 86' lang='lat' dir='ltr'>requirere,</span> <span class='ocrx_word' id='word_1_232' title='bbox 665 3983 740 4044; x_wconf 83' lang='lat' dir='ltr'>ut</span> <span class='ocrx_word' id='word_1_233' title='bbox 765 3980 1031 4043; x_wconf 88' lang='lat' dir='ltr'>testatur</span> <span class='ocrx_word' id='word_1_234' title='bbox 1058 3976 1300 4040; x_wconf 81' lang='lat' dir='ltr'>servata</span> <span class='ocrx_word' id='word_1_235' title='bbox 1335 3969 1404 4037; x_wconf 88' lang='lat' dir='ltr'>in</span> <span class='ocrx_word' id='word_1_236' title='bbox 1443 3991 1673 4037; x_wconf 89' lang='lat' dir='ltr'>eorum</span> <span class='ocrx_word' id='word_1_237' title='bbox 1696 3968 2017 4037; x_wconf 89' lang='lat' dir='ltr'>mandatis</span> <span class='ocrx_word' id='word_1_238' title='bbox 2042 3974 2103 4035; x_wconf 90' lang='lat' dir='ltr'>et</span> <span class='ocrx_word' id='word_1_239' title='bbox 2122 3970 2369 4038; x_wconf 83' lang='lat' dir='ltr'>statutis</span> <span class='ocrx_word' id='word_1_240' title='bbox 2392 3979 2576 4041; x_wconf 78' lang='lat' dir='ltr'>vetus</span> 
     </span>
     <span class='ocr_line' id='line_1_33' title="bbox 279 4075 2575 4168; baseline -0.001 -17"><span class='ocrx_word' id='word_1_241' title='bbox 279 4085 596 4168; x_wconf 83' lang='lat' dir='ltr'>formula,</span> <span class='ocrx_word' id='word_1_242' title='bbox 630 4084 707 4151; x_wconf 86' lang='lat' dir='ltr'>de</span> <span class='ocrx_word' id='word_1_243' title='bbox 740 4082 1011 4152; x_wconf 82' lang='lat' dir='ltr'>consilio</span> <span class='ocrx_word' id='word_1_244' title='bbox 1037 4079 1519 4148; x_wconf 81' lang='lat' dir='ltr'>venerabilium</span> <span class='ocrx_word' id='word_1_245' title='bbox 1545 4079 1878 4167; x_wconf 81' lang='lat' dir='ltr'>fratrum,</span> <span class='ocrx_word' id='word_1_246' title='bbox 1907 4080 2028 4141; x_wconf 91' lang='lat' dir='ltr'>etc.</span> <span class='ocrx_word' id='word_1_247' title='bbox 2072 4075 2198 4143; x_wconf 89' lang='lat' dir='ltr'>Vix</span> <span class='ocrx_word' id='word_1_248' title='bbox 2233 4080 2407 4147; x_wconf 87' lang='lat' dir='ltr'>enim</span> <span class='ocrx_word' id='word_1_249' title='bbox 2435 4102 2575 4149; x_wconf 89' lang='lat' dir='ltr'>cre-</span> 
     </span>
     <span class='ocr_line' id='line_1_34' title="bbox 284 4179 2569 4264; baseline -0.005 -6"><span class='ocrx_word' id='word_1_250' title='bbox 284 4189 564 4258; x_wconf 87' lang='lat' dir='ltr'>diderim</span> <span class='ocrx_word' id='word_1_251' title='bbox 585 4188 1011 4256; x_wconf 88' lang='lat' dir='ltr'>avenerandis</span> <span class='ocrx_word' id='word_1_252' title='bbox 1029 4186 1167 4253; x_wconf 88' lang='lat' dir='ltr'>istis</span> <span class='ocrx_word' id='word_1_253' title='bbox 1183 4181 1580 4264; x_wconf 74' lang='lat' dir='ltr'>Praesulibus</span> <span class='ocrx_word' id='word_1_254' title='bbox 1603 4179 1963 4246; x_wconf 82' lang='lat' dir='ltr'>adhibitam</span> <span class='ocrx_word' id='word_1_255' title='bbox 1978 4179 2172 4247; x_wconf 85' lang='lat' dir='ltr'>fuisse</span> <span class='ocrx_word' id='word_1_256' title='bbox 2196 4181 2569 4258; x_wconf 76' lang='lat' dir='ltr'>formulam,</span> 
     </span>
    </p>
   </div>
   <div class='ocr_carea' id='block_1_8' title="bbox 285 4285 2573 4492">
    <p class='ocr_par' dir='ltr' id='par_1_10' title="bbox 285 4285 2573 4492">
     <span class='ocr_line' id='line_1_35' title="bbox 285 4285 1608 4386; baseline -0.014 -20"><span class='ocrx_word' id='word_1_257' title='bbox 285 4318 429 4386; x_wconf 84' lang='lat' dir='ltr'>quae</span> <span class='ocrx_word' id='word_1_258' title='bbox 448 4317 707 4365; x_wconf 91' lang='lat' dir='ltr'>merum</span> <span class='ocrx_word' id='word_1_259' title='bbox 740 4293 1143 4384; x_wconf 83' lang='lat' dir='ltr'>expressisset</span> <span class='ocrx_word' id='word_1_260' title='bbox 1170 4285 1608 4357; x_wconf 88' lang='lat' dir='ltr'>mendacium.</span> 
     </span>
     <span class='ocr_line' id='line_1_36' title="bbox 374 4386 2573 4492; baseline -0.011 -22"><span class='ocrx_word' id='word_1_261' title='bbox 374 4404 439 4472; x_wconf 83' lang='lat'>4.</span> <span class='ocrx_word' id='word_1_262' title='bbox 494 4403 558 4472; x_wconf 94' lang='lat' dir='ltr'><strong>A</strong></span> <span class='ocrx_word' id='word_1_263' title='bbox 601 4402 824 4492; x_wconf 91' lang='lat' dir='ltr'>paucis</span> <span class='ocrx_word' id='word_1_264' title='bbox 867 4405 1085 4466; x_wconf 90' lang='lat' dir='ltr'>tamen</span> <span class='ocrx_word' id='word_1_265' title='bbox 1129 4396 1317 4462; x_wconf 91' lang='lat' dir='ltr'>annis</span> <span class='ocrx_word' id='word_1_266' title='bbox 1347 4392 1565 4482; x_wconf 87' lang='lat' dir='ltr'>plures</span> <span class='ocrx_word' id='word_1_267' title='bbox 1598 4387 1822 4458; x_wconf 85' lang='lat' dir='ltr'>Galliae</span> <span class='ocrx_word' id='word_1_268' title='bbox 1866 4389 2165 4482; x_wconf 90' lang='lat' dir='ltr'>Episcopi</span> <span class='ocrx_word' id='word_1_269' title='bbox 2207 4386 2573 4478; x_wconf 79' lang='lat' dir='ltr'>praedictam</span> 
     </span>
    </p>
   </div>
   <div class='ocr_carea' id='block_1_9' title="bbox 2858 441 2882 836">
    <p class='ocr_par' dir='ltr' id='par_1_11' title="bbox 2858 441 2882 836">
     <span class='ocr_line' id='line_1_37' title="bbox 2858 441 2882 836; textangle 90"><span class='ocrx_word' id='word_1_270' title='bbox 2864 821 2882 836; x_wconf 80' lang='grc'>1</span> <span class='ocrx_word' id='word_1_271' title='bbox 2858 441 2882 788; x_wconf 51' lang='lat' dir='ltr'>rufifl-fin</span> 
     </span>
    </p>
   </div>
  </div>
 </body>
</html>
