2930 4982
1211 327 1290 372 ns
1337 327 1664 381 manuus.
2434 394 2442 404 ·
2464 325 2587 378 267

1381 558 1499 636 §6

808 717 1062 757 POTESTAS
1088 712 1392 758 wmcuma
1421 718 1657 759 EPISCOPI
1685 720 1743 759 m
1774 720 2078 761 CAPITCLL'M

1270 790 1276 815 ι

380 878 445 944 1⁰
475 874 745 944 Certum
787 883 882 944 est
924 877 1284 968 capitulum
1323 884 1386 946 et
1425 878 1792 968 quemlibet
1830 880 2252 970 capitularem
2294 902 2475 973 posse
2503 885 2586 951 ab

288 983 611 1075 Episcopo
661 982 969 1072 judicari.
1031 1009 1065 1049 «
1107 983 1354 1052 Forum
1401 991 1776 1076 competens
1828 986 2104 1077 capituli
2154 993 2250 1055 est
2301 988 2587 1058 tribunal

295 1115 328 1153 «
363 1089 677 1179 Episcopi
708 1113 724 1156 ε
756 1091 934 1157 unde
958 1090 1013 1158 si
1031 1091 1318 1180 juridice
1350 1091 1712 1181 capitulum
1739 1092 1842 1160 vel
1890 1094 2278 1182 capitulares
2313 1094 2591 1164 citentur

293 1221 325 1260 (ι
373 1196 462 1262 ab
485 1217 560 1263 eo
580 1196 921 1283 tribunali,
953 1201 1255 1264 tenentur
1278 1218 1689 1287 comparere3
1721 1196 2010 1286 alioquin
2038 1205 2265 1266 contra
2295 1200 2457 1267 illud
2487 1202 2588 1270 vel

294 1329 326 1366 «
363 1303 514 1371 illos
553 1303 900 1392 respective
941 1304 1202 1393 procedi
1253 1309 1458 1392 potest
1500 1309 1811 1391 tanquam
1858 1305 1928 1371 in
1975 1326 2117 1372 reos
2157 1308 2586 1375 contumaciae

292 1435 325 1472 «
370 1408 595 1498 (caput
657 1410 772 1474 Ea:
813 1408 1078 1492 litteris’,
1119 1408 1198 1477 de
1231 1410 1381 1500 foro
1429 1410 1881 1501 competenti).
1920 1409 2155 1501 Excipe
2199 1412 2327 1479 nisi
2357 1435 2470 1503 per
2499 1413 2582 1481 le-

293 1541 325 1578 «
366 1515 674 1603 gitimam
701 1515 1226 1605 appellationem,
1257 1516 1360 1583 vel
1388 1516 1751 1605 legitimam
1791 1516 2290 1602 recusationem,
2340 1520 2588 1610 capitu-

293 1648 326 1685 «
360 1621 531 1691 lares
575 1623 676 1689 vel
715 1623 1074 1712 capitulum
1128 1622 1434 1713 Episcopi
1472 1623 1806 1712 judicium
1857 1623 2183 1692 declinare
2224 1624 2501 1694 valeant.
2543 1648 2579 1691 »

287 1723 714 1812 (Andreucci,
743 1728 838 1791 De
865 1724 1115 1793 tuenda
1129 1747 1318 1816 pace,
1349 1747 1499 1816 pars
1528 1726 1593 1812 1,
1620 1748 1682 1793 c.
1714 1726 1782 1808 2,
1809 1748 1880 1792 n.
1902 1724 2043 1815 60.)

377 1830 447 1898 2⁰
467 1830 692 1912 Quoad
726 1831 997 1900 modum
1034 1831 1418 1900 instituendi
1436 1830 1793 1920 judicium,
1819 1830 2137 1921 quaeritur
2178 1835 2404 1898 utrum
2432 1829 2585 1922 Epi·

283 1954 515 2026 scopus
539 1939 742 2028 possit
764 1938 1392 2028 contra2capitulares
1416 1937 1760 2027 procedere
1781 1960 1914 2006 non
1932 1935 2236 2006 adhibitis
2254 1937 2589 2026 judicibus

280 2042 533 2134 abipso
570 2045 856 2134 capitulo
883 2046 986 2134 adj
999 2045 1231 2113 unctis.
1281 2043 1390 2113 Sic
1418 2046 1700 2113 habetur
1746 2045 2129 2135 dispositum
2180 2044 2246 2110 in
2277 2044 2484 2134 capite
2515 2045 2580 2125 6,

280 2152 588 2219 sessionis
610 2151 697 2221 25
725 2153 989 2221 concilii
1016 2152 1382 2221 Tridentini
1414 2178 1430 2222 :
1459 2154 1571 2221 Ita
1605 2165 1831 2221 tamen
1852 2163 1930 2219 ut
1957 2174 2109 2218 cum
2133 2163 2325 2219 extra
2359 2152 2587 2220 visita·

285 2258 539 2324 tionem
573 2258 960 2343 processerit
994 2258 1254 2347 (nempe
1297 2259 1708 2350 Episcopus),
1746 2258 2184 2348 infrascripta
2228 2257 2455 2323 omnia
2491 2257 2587 2324 lo·

290 2382 446 2428 cum
499 2359 794 2426 habeant
830 2385 853 2426 .·
892 2360 1199 2429 videlicet
1234 2375 1312 2429 ut
1354 2364 1728 2455 capitulum
1771 2362 1966 2430 initio
2016 2359 2371 2451 cujuslibet
2419 2364 2587 2432 anni

283 2465 503 2556 eliqat
530 2488 613 2534 ea·
640 2466 935 2558 capitulo
966 2466 1154 2554 duos,
1192 2467 1272 2538 de
1304 2491 1589 2561 quorum
1617 2469 1890 2539 consilio
1919 2481 1985 2538 et
2010 2490 2280 2538 assensu
2312 2469 2586 2561 Episco-

277 2593 410 2662 pus
440 2572 550 2641 vel
578 2573 717 2663 ejus
751 2575 1059 2659 vicarius,
1101 2588 1246 2644 tam
1279 2577 1354 2645 in
1381 2575 1805 2667 informando
1831 2599 2222 2669 processum
2253 2571 2461 2667 quam
2508 2578 2582 2644 in

282 2678 534 2747 coeteris
572 2680 881 2749 omnibus
920 2682 1178 2750 actibus
1216 2706 1419 2772 usque
1460 2682 1557 2750 ad
1587 2684 1796 2773 finem
1837 2706 2052 2751 causoe
2090 2681 2439 2768 inclusive,
2480 2704 2581 2749 co-

281 2806 434 2850 ram
459 2785 723 2851 notario
770 2798 993 2854 tamen
1028 2789 1234 2877 ipsius
1262 2791 1605 2880 Episcopi,
1643 2790 1803 2856 etin
1831 2789 1972 2876 ejus
2015 2788 2239 2862 domo,
2288 2798 2407 2851 aut
2434 2807 2581 2853 con·

281 2900 472 2955 sueto
515 2889 843 2956 tribunali
868 2892 1219 2979 procedere
1268 2906 1595 2959 teneatur.
1652 2897 1873 2958 Unum
1913 2902 2144 2957 autem
2190 2900 2460 2955 tantum
2498 2891 2585 2958 sit

283 2993 633 3083 utriusque
678 3002 938 3073 votum,
969 2995 1315 3085 possitque
1357 2996 1534 3062 alter
1566 2995 1900 3084 Episcopo
1948 2992 2260 3061 accedere.
2316 2991 2511 3075 Quod
2531 2995 2590 3061 si

286 3098 483 3168 ambo
530 3098 617 3166 ab
652 3099 989 3191 Episcopo
1027 3098 1353 3167 discordes
1390 3097 1462 3167 in
1497 3098 1726 3188 aliquo
1756 3110 1912 3166 actu
1940 3121 2053 3167 seu
2086 3099 2586 3167 interlocutoria

289 3205 390 3273 vel
414 3204 774 3293 definitiva
802 3206 1137 3274 sententia
1156 3206 1440 3295 fuerint,
1459 3217 1635 3273 ,tunc
1655 3205 1843 3273 intra
1863 3228 1980 3273 sex
2005 3204 2259 3274 dierum
2282 3206 2581 3297 spatium

292 3333 433 3378 cum
476 3312 804 3403 Episcopo
848 3313 1121 3381 tertium
1161 3314 1412 3403 eliqant
1441 3338 1467 3380 .·
1497 3325 1562 3381 et
1587 3313 1649 3380 si
1682 3313 1755 3381 in
1795 3313 2109 3382 electione
2154 3315 2338 3382 tertii
2369 3316 2578 3383 etiam

291 3415 680 3504 discordent,
730 3418 824 3485 ad
860 3420 1244 3488 viciniorem
1285 3422 1699 3512 Episcopum
1748 3420 1979 3489 electio
2024 3420 2461 3499 devolvatur,-
2514 3432 2579 3490 et

280 3523 480 3611 juoeta
507 3538 950 3615 campartem
984 3549 1133 3594 cum
1158 3551 1291 3616 qua
1330 3529 1564 3595 tertius
1589 3528 1955 3610 conveniet,
1995 3528 2325 3616 articulus
2352 3530 2426 3595 in
2449 3547 2578 3614 quo

291 3643 430 3698 erat
455 3629 781 3699 discordia
815 3631 1204 3698 terminetur
1234 3654 1252 3698 t
1285 3633 1459 3699 alias
1480 3654 1826 3723 processus
1859 3644 1921 3698 et
1950 3632 2103 3699 inde
2125 3644 2349 3699 secuta
2381 3630 2579 3695 nulla

290 3736 436 3818 sint,
470 3737 819 3826 nullosque
837 3733 1228 3825 producant
1240 3736 1425 3823 juris
1450 3738 1747 3824 effectus.

363 3843 455 3912 Ex
501 3844 614 3910 illo
665 3848 838 3909 textu
898 3846 1105 3931 posset
1153 3840 1303 3934 quis
1345 3840 1720 3927 generatim
1765 3834 2160 3905 concludere
2211 3859 2342 3905 non
2395 3861 2572 3929 posse

293 3944 672 4040 Episcopum
722 3949 1064 4039 procedere
1110 3953 1330 4016 contra
1357 3946 1653 4036 aliquem
1698 3944 2120 4024 canonicum,
2170 3946 2296 4014 nisi
2347 3946 2424 4015 de
2465 3972 2572 4016 as-

293 4074 473 4123 semsu
504 4057 802 4146 judicum
842 4055 923 4122 ab
967 4056 1103 4145 ipso
1135 4054 1419 4145 capitulo
1456 4054 1942 4143 adjunctorum.
1999 4052 2081 4119 Et
2128 4053 2252 4121 hoc
2299 4055 2570 4146 quidem

291 4179 514 4230 verum
547 4168 726 4246 esset,
766 4162 817 4229 si
848 4163 917 4229 in
955 4162 1076 4229 hoc
1112 4163 1317 4252 capite
1341 4167 1558 4249 ageret
1586 4160 1963 4228 Tridentina
1992 4162 2277 4249 synodus
2320 4164 2396 4229 de
2428 4182 2572 4229 om·

291 4266 474 4335 nibus
501 4269 858 4355 generatim
886 4267 1204 4357 capitulis,

374 4374 459 4440 At
486 4380 733 4443 certum
772 4379 891 4459 est,
926 4394 1002 4440 ex
1039 4372 1378 4440 communi
1406 4374 1884 4441 canonistarum
1929 4373 2266 4451 sententia,
2301 4365 2394 4433 ibi
2432 4372 2566 4423 non
