2930 4982
453 409 577 463 578
1423 409 1776 458 TRAGTATUS

444 547 519 606 ut
542 537 833 605 restituat
859 553 1004 622 quae
1035 530 1327 600 indebite
1355 531 1587 621 exegit.
1616 529 2002 598 Formulam
2042 533 2260 596 autem
2292 549 2409 617 pro
2443 528 2568 596 hac
2597 551 2742 596 sen·

442 644 639 711 tentia
666 637 1014 732 episcopali
1038 636 1507 722 adhibendam,
1537 636 1681 705 vide
1706 637 1777 703 in
1801 634 2158 726 appendice
2183 633 2303 701 sub
2327 656 2398 701 n.
2427 653 2586 700 xvn.

1491 897 1762 1004 §12‘

516 1100 591 1138 Ακ
628 1098 798 1136 rosen·
838 1096 1139 1136 carnutum
1183 1096 1289 1134 Αυτ
1333 1093 1584 1133 νιοΑιιιυε
1617 1094 1967 1133 carii-umam
2008 1091 2258 1132 smenon
2296 1093 2658 1131 moecsssxmn

1407 1192 1717 1232 camimum:
1741 1180 1766 1230 ⁴?

523 1381 895 1450 Doctrinam
924 1380 1234 1449 Leurenii
1261 1379 1435 1448 circa
1475 1380 1648 1447 hanc
1686 1378 2115 1468 quaestionem
2146 1377 2528 1446 summatim
2572 1379 2723 1445 rese-

431 1510 671 1559 remus.
709 1490 773 1556 10
811 1487 1033 1555 Refert
1061 1486 1389 1576 quomodo
1421 1486 1618 1554 multi
1662 1490 1956 1554 auctores
1993 1486 2321 1553 affirment
2350 1483 2723 1573 simpliciter

429 1603 493 1664 et
542 1597 681 1663 sine
728 1594 1134 1662 restrictione
1186 1594 1397 1662 inesse
1449 1592 1761 1683 capitulo,
1806 1594 1967 1661 dum
2020 1597 2202 1660 vacat
2251 1588 2452 1677 sedes,
2505 1590 2718 1678 synodi

423 1700 802 1769 dioecesanae
831 1699 1236 1767 celebrandae
1267 1702 1673 1788 potestatem.

513 1805 585 1872 2⁰
614 1805 828 1872 Refert
859 1810 1077 1896 postea
1119 1804 1582 1886 limitationem
1629 1825 1832 1893 quam
1861 1802 2127 1894 apponit
2168 1804 2461 1892 Layman
2505 1807 2566 1869 et
2589 1809 2723 1892 post

414 1911 640 2001 ’ipsum
670 1911 990 2001 Pirhing3
1025 1919 1263 2003 nempe
1296 1909 1656 2001 synodum,
1684 1909 1834 1978 sede
1864 1914 2162 1997 vacante,
2190 1908 2579 1997 congregari
2603 1929 2721 1975 non

422 2016 682 2104 debere,
710 2017 766 2084 si
809 2019 1007 2108 paulo
1039 2023 1181 2108 post
1221 2017 1584 2109 Episcopus
1613 2016 2053 2085 instituendus
2094 2022 2415 2106 speretur,
2466 2036 2651 2082 secus
2673 2014 2719 2081 si

422 2122 602 2189 sedes
654 2123 769 2190 diu
815 2130 1122 2191 vacatura
1175 2123 1261 2190 sit
1306 2147 1323 2191 z
1370 2145 1447 2191 ex
1496 2144 1568 2190 ea
1612 2122 1861 2191 scilicet
1898 2123 2147 2189 ratione
2192 2121 2366 2210 quod
2409 2120 2721 2189 celebrare

420 2228 745 2315 synodum
796 2229 880 2296 sit
926 2236 1103 2298 actus
1153 2229 1561 2319 reputandus
1606 2229 1780 2297 inter
1827 2226 2021 2296 valde
2067 2226 2308 2296 arduos
2334 2279 2353 2306 ,
2399 2228 2518 2316 qui
2553 2228 2720 2318 juxta

419 2334 959 2401 consuetudinem
1004 2334 1430 2403 ecclesiarum
1464 2341 1810 2403 censentur
1854 2333 2166 2404 celebrari
2205 2355 2341 2400 non
2375 2356 2564 2425 posse
2607 2333 2719 2401 nisi

416 2456 454 2504 a
512 2440 774 2528 proprie
833 2439 1027 2525 dictis
1097 2440 1482 2509 earumdem
1551 2440 1969 2509 ecclesiarum
2036 2437 2360 2529 capitibus
2385 2489 2405 2527 ,
2468 2439 2534 2507 id
2594 2449 2716 2521 est,

413 2541 786 2634 Episcopis.

500 2645 569 2713 3⁰
621 2646 833 2714 Refert
877 2649 1072 2717 etiam
1124 2652 1512 2719 sententiam
1578 2651 1819 2718 Lotteri
1888 2649 2022 2742 (De
2068 2673 2138 2718 re
2192 2651 2427 2739 benefi,
2479 2650 2525 2715 l.
2585 2651 2707 2728 11,

410 2774 479 2843 q.
518 2751 634 2838 31,
663 2774 732 2820 n.
768 2753 858 2822 80
893 2761 957 2823 et
986 2754 1181 2846 seq.),
1210 2777 1247 2822 a
1281 2756 1686 2846 praecedente
1724 2776 1858 2823 non
1894 2756 2082 2825 valde
2125 2755 2517 2824 dissimilem.
2544 2755 2717 2822 Con-

410 2861 583 2940 cedit
609 2883 843 2951 nempe
883 2861 1179 2930 Lotterus
1212 2862 1720 2931 celebrationem
1763 2862 1994 2950 synodi
2026 2862 2346 2951 pertinere
2384 2861 2468 2928 ad
2505 2861 2719 2950 juris-

408 2967 764 3036 dictionem
808 2968 1262 3055 ordinariam3
1313 2973 1378 3035 et
1424 2973 1646 3035 tamen
1691 2988 1826 3034 non
1867 2966 2063 3034 audet
2110 2966 2495 3056 simpliciter
2539 2965 2715 3032 affir-

408 3093 591 3140 mare
640 3074 811 3142 hanc
869 3079 1251 3164 potestatem
1306 3074 1582 3141 transire
1633 3072 1714 3141 ad
1769 3071 2127 3163 capitulum
2151 3125 2170 3156 ,
2226 3078 2493 3139 vacante
2543 3071 2705 3137 sede.

408 3178 603 3247 Putat
647 3181 1029 3269 congregari
1077 3202 1115 3248 a
1161 3179 1455 3270 capitulo
1505 3200 1639 3247 non
1687 3200 1868 3270 posse
1913 3177 2237 3267 synodum
2288 3177 2366 3244 ad
2415 3176 2707 3246 effectum

407 3285 731 3352 statuendi
786 3286 1175 3374 generaliter
1233 3291 1295 3352 et
1345 3285 1802 3352 universaliter
1856 3305 2053 3373 super
2099 3288 2267 3350 statu
2317 3282 2605 3351 ecclesiae
2657 3287 2714 3348 et

408 3388 567 3455 cleri
595 3411 612 3454 z
645 3411 829 3477 posse
857 3413 1008 3458 vero
1031 3391 1115 3458 ad
1137 3390 1447 3459 effectum
1476 3390 1857 3479 providendi
1882 3390 2078 3457 alicui
2111 3389 2477 3456 necessitati
2498 3409 2712 3456 occur-

407 3493 599 3559 renti.
642 3491 844 3559 Verbi
894 3494 1125 3581 gratia,
1178 3495 1234 3560 si
1286 3500 1539 3561 vacaret
1584 3494 1856 3563 ecclesia
1903 3493 2323 3584 parochialis,
2368 3498 2433 3560 et
2482 3493 2712 3560 deesset

411 3621 728 3668 numerus
761 3598 1093 3668 sufficiens
1124 3601 1649 3669 examinatorum
1698 3602 2113 3690 synodalium
2158 3623 2277 3692 pro
2318 3598 2710 3668 instituendo

412 3729 762 3793 concursu,
812 3714 1045 3797 posset,
1092 3708 1239 3775 sede
1296 3713 1605 3784 vacante,
1652 3707 1965 3776 celebrari
2021 3706 2309 3796 synodus
2362 3706 2448 3772 ad
2510 3705 2710 3774 nomi-

407 3815 655 3881 nandos
683 3814 1170 3894 examinatores,
1203 3818 1278 3880 ut
1302 3815 1396 3881 sic
1430 3820 1684 3904 pastore
1715 3814 2018 3883 destituta
2053 3834 2185 3881 non
2218 3812 2478 3879 tamdiu
2505 3831 2709 3879 rema·

414 3926 565 3984 neat
594 3918 926 4008 parochia.

497 4023 568 4088 4⁰
602 4023 757 4092 Haec
798 4030 1134 4115 postquam
1173 4025 1468 4114 exposuit
1515 4025 1907 4114 Lemenius,
1935 4027 2096 4117 quid
2139 4028 2279 4118 ipse
2326 4026 2564 4093 sentiat
2607 4023 2709 4091 de-

409 4127 613 4195 clarat
644 4128 1032 4200 hisverbis:
1076 4156 1108 4196 (ι
1151 4127 1400 4198 Verum
1438 4151 1573 4199 non
1617 4132 1825 4219 viden,
1872 4154 1994 4201 cur
2039 4154 2173 4202 non
2215 4131 2361 4222 pari
2406 4130 2605 4198 modo
2633 4129 2707 4196 de

417 4257 454 4298 α
478 4230 766 4321 cogenda
794 4256 909 4322 per
936 4236 1295 4326 capitulum
1324 4237 1594 4325 synode,
1629 4260 1829 4328 quam
1856 4239 1935 4307 de
1967 4238 2362 4306 instituenda
2389 4258 2509 4327 per
2546 4232 2706 4302 illud

414 4364 461 4404 (ι.
482 4337 838 4407 visitatione
878 4340 959 4406 sit
987 4341 1428 4431 loquendum3
1463 4366 1616 4413 cum
1654 4352 1714 4412 et
1758 4344 2013 4414 visitare
2049 4347 2132 4413 sit
2171 4346 2343 4413 inter
2369 4342 2603 4420 ardua,
2642 4344 2709 4406 ut

412 4466 764 4535 «expresse
816 4445 1040 4513 dicunt
1088 4446 1378 4535 Layman
1428 4454 1492 4516 et
1537 4449 1854 4542 Pirbing3
1920 4456 2040 4520 ne‘c
2097 4472 2326 4541 cogere
2371 4447 2703 4540 synodum
