2930 4982
392 340 466 395 53
480 342 514 396 8
1365 350 1708 396 TnAcrATns

1475 570 1587 648 §2

660 729 732 766 AN
763 726 1143 766 NUMERANDUM
1175 727 1255 764 511*
1293 726 1471 764 VOTUM
1510 725 1650 770 QUOD
1688 726 1790 763 Sim
1822 725 1924 762 1951
1967 726 2181 770 ALIQUIS
2227 727 2402 764 DARET

472 887 539 956 Si
569 887 744 975 quis,
772 886 953 954 verbi
982 887 1209 976 gratia,
1240 885 1648 953 medietatem
1673 883 2140 973 suffragiorum
2181 887 2325 976 jam
2356 885 2677 957 obtinuis-

384 1001 505 1074 set,
536 999 599 1062 et
632 993 970 1084 proprium
1002 1016 1198 1061 suum
1218 997 1443 1060 votum
1475 991 1609 1082 ipse
1652 992 1777 1060 sibi
1805 991 2091 1077 adderet,
2143 1015 2221 1060 an
2274 992 2678 1083 reputandus

387 1106 553 1170 esset
580 1100 1020 1191 pluralitatem
1047 1099 1481 1168 consecutus?
1511 1099 1571 1166 A
1593 1098 1703 1167 tali
1728 1100 1995 1189 quidem
2019 1100 2257 1189 agendi
2280 1101 2534 1168 ratione
2585 1123 2682 1169 re-

392 1209 613 1298 fugere
650 1206 857 1275 multo
897 1209 1103 1297 magis
1133 1207 1491 1275 humilitati
1532 1206 1896 1275 christianae
1938 1208 2267 1296 congruit,
2332 1206 2488 1297 (nisi
2518 1208 2674 1276 sorte

395 1315 462 1381 in
484 1314 1004 1381 extraordinariis
1047 1312 1379 1402 aliquibus
1420 1312 1922 1380 circumstantiis
1945 1312 2272 1379 evidenter
2308 1312 2681 1382 immineret

392 1420 1065 1510 dioecesipericulum,
1100 1421 1155 1488 si
1192 1420 1378 1487 aliter
1406 1420 1844 1510 compleretur
1867 1416 2157 1509 electio);
2217 1420 2326 1488 sed
2358 1420 2543 1488 aliud
2593 1427 2680 1488 est

393 1526 637 1616 aliquid
659 1549 792 1594 esse
820 1528 1042 1595 minus
1073 1527 1414 1607 decorum,
1432 1527 1613 1594 aliud
1637 1549 1770 1595 esse
1799 1526 2160 1595 invalidum
2174 1555 2193 1615 3
2223 1528 2400 1595 unde
2422 1534 2486 1595 et
2502 1550 2678 1598 casus

394 1631 504 1698 ille
535 1632 600 1698 in
622 1634 773 1718 jure
799 1634 1114 1702 canonico
1139 1636 1552 1725 expenditur.

478 1737 808 1807 Accidisse
830 1746 1046 1808 autem
1075 1763 1293 1808 casum
1331 1743 1399 1808 in
1426 1740 1711 1831 capitulo
1733 1739 2233 1822 Matheranensi,
2259 1762 2430 1808 anno
2472 1740 2670 1824 1649,

391 1844 584 1912 refert
608 1845 965 1915 Cardinalis
988 1849 1066 1916 dc
1088 1847 1267 1916 Luca
1299 1848 1418 1940 (De
1471 1848 1824 1932 canonicis,
1875 1847 2169 1915 discursu
2202 1848 2337 1939 26).
2389 1848 2683 1917 Berardi·

391 1973 517 2019 nus
545 1950 757 2020 Marra
786 1955 1193 2023 medietatem
1221 1964 1517 2023 votorum
1564 1954 1884 2038 obtinens,
1917 1954 2054 2045 ipse
2092 1955 2214 2022 sibi
2255 1978 2456 2023 suum
2512 1956 2681 2024 dedit

393 2057 783 2147 suffragium
838 2067 901 2128 et
946 2062 1014 2128 in
1077 2063 1397 2129 vicarium
1450 2062 1870 2151 capitularem
1923 2063 2291 2150 recognitus
2345 2071 2463 2130 est.
2524 2061 2686 2130 Ortis

393 2170 610 2231 tamen
640 2166 1235 2251 reclamationibus,
1259 2174 1319 2234 et
1347 2167 1459 2234 lite
1495 2168 1575 2235 ad
1606 2166 1871 2235 Sacram
1914 2166 2510 2257 Congregationem
2541 2190 2687 2237 con-

394 2269 530 2337 cilii
578 2271 813 2353 delata,
870 2276 939 2339 in
994 2273 1196 2364 ipsius
1240 2275 1525 2342 favorem
1571 2295 1959 2365 responsum
2001 2280 2125 2363 est;
2175 2274 2405 2343 electio
2453 2297 2686 2367 nempe

391 2376 612 2445 habita
639 2378 761 2445 fuit
784 2386 855 2446 ut
881 2381 1113 2448 valida.

477 2482 559 2551 Et
585 2483 671 2552 ita
702 2508 924 2553 revera
955 2486 1485 2555 concludendum
1511 2486 1740 2578 probat
1790 2487 2003 2555 dictus
2053 2485 2414 2556 Cardinalis
2461 2488 2689 2557 validis

393 2591 770 2658 rationibus
820 2591 988 2660 Nam
1048 2595 1111 2659 1⁰
1140 2594 1291 2662 licet
1320 2617 1396 2661 ex
1437 2595 1643 2685 capite
1676 2593 1854 2676 Quia
1887 2606 2199 2684 propter,
2239 2598 2305 2661 et
2345 2617 2417 2660 ex
2471 2596 2681 2683 capite

399 2698 731 2779 Cumana,
764 2702 857 2765 De
893 2700 1234 2784 electione,
1283 2722 1412 2767 non
1462 2701 1555 2766 sas
1593 2699 1674 2766 sit
1730 2700 1849 2766 ulli
1894 2702 2235 2790 proprium
2282 2701 2396 2766 sibi
2446 2700 2683 2768 suffra-

394 2803 580 2890 gium
601 2805 908 2890 tribuere,
937 2807 1075 2875 haec
1106 2806 1314 2897 capita
1339 2810 1544 2895 agunt
1581 2805 1658 2872 de
1691 2805 2002 2873 electione
2029 2806 2287 2897 proprie
2316 2806 2508 2885 dicta,
2542 2828 2682 2873 non

374 2918 595 2976 autem
631 2913 710 2979 de
740 2913 1025 3003 simplici
1058 2913 1476 3003 deputatione
1524 2935 1668 3002 quae
1699 2914 1829 2980 sola
1858 2914 2219 3002 requiritur
2267 2914 2481 3003 quoad
2513 2914 2686 2981 vica-

385 3015 564 3080 rium
604 3020 1059 3107 capitularem,
1084 3020 1229 3086 sede
1257 3025 1546 3087 vacante.
1582 3019 1649 3086 2⁰
1679 3019 1749 3086 In
1783 3020 2105 3109 praedictis
2141 3021 2421 3086 textibus
2454 3021 2684 3108 prohi-

388 3120 573 3189 betur
596 3124 872 3214 quisque
888 3126 1011 3193 sibi
1036 3125 1187 3193 dare
1226 3132 1447 3194 votum
1472 3128 1543 3193 in
1582 3134 1728 3193 actu
1753 3128 2052 3195 scrutinii
2086 3127 2340 3205 secreti,
2393 3127 2540 3215 quia
2561 3127 2679 3191 hoc

387 3230 817 3299 ambitionem
843 3239 1140 3322 argueret
1160 3257 1175 3316 ;
1199 3234 1307 3301 sed
1332 3234 1669 3301 declaratis
1695 3236 1881 3317 votiS,
1907 3234 2020 3322 qui
2051 3234 2222 3301 videt
2249 3256 2316 3300 se
2350 3233 2684 3300 medietate

312 3364 317 3371 1
385 3341 680 3403 votorum
722 3340 1057 3419 donatum,
1088 3341 1224 3421 jam
1249 3341 1625 3408 ambitionis
1655 3364 1785 3411 non
1813 3342 1902 3409 ita
1940 3343 2123 3429 argui
2150 3347 2384 3431 potest,
2416 3342 2468 3407 si
2497 3343 2524 3429 j
2538 3341 2679 3407 udi-

389 3443 490 3507 cio
515 3442 746 3508 mediae
779 3445 974 3530 partis
1005 3446 1341 3530 accedenS,
1372 3452 1434 3514 et
1463 3447 1849 3535 suffragium
1886 3448 2057 3537 quod
2083 3448 2557 3529 alteridederat
2576 3467 2678 3513 re-

387 3547 673 3633 trahens,
709 3548 874 3615 illud
897 3549 964 3614 in
992 3552 1279 3640 seipsum
1315 3558 1664 3621 convertat.
1699 3540 1791 3620 lta
1816 3559 1891 3620 ut
1918 3554 2070 3620 dare
2111 3553 2235 3619 sibi
2291 3553 2418 3643 ipsi
2457 3559 2672 3620 votum

387 3652 511 3721 hoc
539 3655 754 3737 modo,
780 3677 897 3745 per
915 3677 1246 3724 accessum
1273 3680 1508 3748 nempe
1524 3659 1602 3725 ad
1631 3659 1914 3725 mediam
1943 3648 2188 3749 partem
2215 3659 2517 3748 capituli,
2551 3679 2671 3725 non

388 3760 639 3829 censeri
667 3761 890 3829 debeat
923 3763 1129 3829 citatis
1186 3765 1465 3830 textibus
1520 3764 1953 3853 prohibitum.
2020 3763 2087 3832 3⁰
2141 3764 2466 3832 Praeterea
2524 3766 2676 3832 sicut

388 3887 521 3933 non
559 3872 858 3958 arguitur
881 3871 1254 3936 ambitionis
1297 3871 1413 3958 qui
1459 3877 1751 3961 acceptat
1791 3871 2175 3939 vicariatum
2234 3872 2316 3938 ab
2359 3872 2675 3962 Episcopo

387 3971 704 4057 oblatum,
722 3980 809 4044 ita
834 3999 962 4044 non
991 3978 1360 4065 arguendus
1388 3978 1503 4064 qui
1528 3980 1843 4045 consentit
1871 3979 2329 4069 capitularium
2357 3975 2686 4046 medietati

387 4075 562 4142 idem
606 4081 918 4149 offerenti.
958 4083 1025 4148 4⁰
1060 4082 1265 4173 Caput
1295 4084 1465 4150 Cum
1493 4083 1562 4148 in
1586 4083 1771 4172 jure,
1825 4088 1920 4151 De
1952 4083 2290 4169 electione,
2327 4084 2395 4150 id
2426 4085 2677 4152 licitum

388 4203 522 4249 esse
552 4186 830 4252 satclare
859 4190 1158 4256 declarat.
1189 4189 1392 4281 Cujus
1416 4190 1642 4280 capitis
1670 4193 1937 4259 materia
1970 4192 2062 4258 sic
2096 4190 2374 4257 breviter
2416 4189 2677 4281 exponi·

388 4287 581 4356 turin
614 4287 796 4355 titulo
824 4293 946 4378 ipsi
970 4297 1227 4380 praefixo
1255 4324 1268 4364 ε
1298 4298 1374 4364 Si
1394 4320 1475 4364 esc
1489 4309 1763 4388 septem,
1790 4311 1916 4366 tres
1946 4298 2213 4389 eliqunt
2232 4308 2586 4387 quartum,
2616 4304 2678 4359 et

388 4397 515 4464 ille
548 4397 895 4479 consentit,
951 4395 1468 4486 confirmabitur
1519 4406 1776 4473 electae.
1837 4405 2034 4475 Porro
2083 4404 2420 4496 dispositio
2475 4402 2671 4491 hujus
