2930 4982
1163 354 1240 401 1>ss
1285 354 1618 405 cunnus.
1885 318 1890 323 ·
2461 358 2539 414 53

252 470 559 537 cabulum
613 471 840 539 eodem
886 494 1016 562 quo
1058 474 1232 564 apud
1276 496 1392 543 nos
1443 498 1669 564 sensu,
1716 480 1903 550 facile
1957 484 2232 574 probant
2275 487 2537 559 eruditi.

341 601 373 640 α
422 575 521 660 Si,
551 578 650 645 uti
672 579 975 645 nonnulli
992 581 1385 661 existimant,
1404 604 1627 652 rerum
1645 592 1822 655 ortus
1845 589 1923 656 ad
1946 593 2203 682 tempus
2223 592 2346 661 sibi
2373 595 2544 684 parti

259 709 289 745 «
332 684 751 772 cognominis
772 684 1272 770 estreferenduS,
1289 690 1591 757 canonici
1619 692 1789 759 haud
1806 715 2040 783 magno
2051 700 2205 762 sunt
2220 702 2401 783 natu,
2422 717 2541 766 nec

254 815 284 853 «
333 791 571 857 saeculo
605 796 776 859 sexto
818 793 1216 880 grandiores.
1252 793 1476 862 Prima
1504 797 1684 863 enim
1708 799 2173 868 canonicorum
2208 804 2450 870 mentio
2479 809 2541 871 et

256 922 284 959 «
328 897 671 986 usurpatio
688 900 972 966 occurrit
987 900 1052 964 in
1072 897 1363 967 Concilio
1375 900 2049 985 Arvernensi,canone
2064 905 2261 989 25,an
2272 929 2354 974 no
2371 907 2488 976 531
2516 931 2532 976 ε

251 1028 280 1066 «
323 1002 399 1070 Si
408 1003 562 1092 quis
575 1005 1064 1096 expresbyteris
1073 1017 1195 1072 aut
1206 1005 1498 1074 diaconis
1510 1007 1627 1096 qui
1634 1030 1841 1098 neque
1854 1008 1923 1075 in
1937 1009 2227 1089 civitate,
2250 1035 2454 1102 neque
2470 1015 2541 1083 in

252 1134 281 1170 «
309 1111 658 1199 parochiis
683 1114 1036 1180 canonieus
1065 1134 1193 1179 esse
1216 1111 1644 1202 diqnoscitur,
1677 1113 1794 1181 sed
1817 1115 1884 1181 in
1916 1115 2175 1184 villulis
2197 1117 2540 1208 habitam,

250 1241 280 1277 «
321 1216 392 1282 in
408 1218 727 1285 oratoriis
748 1218 967 1308 officio
987 1230 1216 1286 sancto
1241 1216 1606 1285 deserviens
1632 1218 1921 1287 celebrat
1940 1220 2171 1290 divina
2191 1226 2538 1314 mysteria,

250 1347 282 1385 «
319 1323 722 1409 festivitates
740 1325 1152 1415 praecipuas,
1184 1325 1458 1392 Domini
1478 1327 1731 1412 natale,
1769 1327 2052 1408 Pascha,
2086 1332 2531 1416 Pentecosten,

248 1453 280 1488 «
328 1440 393 1494 et
419 1430 485 1495 si
510 1453 655 1519 quoe
677 1430 1093 1520 principales
1123 1442 1305 1516 sunt,
1351 1422 1750 1499 nullatenus
1796 1433 1983 1521 alibi,
2026 1435 2159 1501 nisi
2191 1458 2339 1502 cum
2375 1440 2538 1529 Epi-

248 1559 282 1596 «
326 1556 529 1625 scopo
552 1559 669 1602 suo
687 1537 758 1605 in
782 1536 1320 1604 civitateteneat.
1339 1536 1490 1604 Alia
1517 1539 1983 1606 canonicorum
2005 1544 2540 1612 commemoratio

246 1664 277 1702 «
322 1639 610 1709 habetur
656 1645 729 1709 in
774 1642 1033 1710 Canone
1069 1644 1174 1724 11,
1211 1644 1439 1733 synodi
1471 1646 1965 1713 Aurelianensis
2011 1646 2128 1730 111,
2164 1648 2319 1715 anni
2353 1647 2533 1718 538:

246 1769 277 1805 «
323 1748 405 1812 In
414 1758 518 1813 ter
533 1748 811 1836 reliq‘uos
829 1749 1170 1816 canonicos
1191 1750 1483 1834 clericos,
1512 1773 1593 1818 ne
1613 1749 1738 1817 hac
1756 1750 2029 1818 licencia
2049 1752 2176 1819 alii
2190 1753 2532 1839 vitientur,

246 1875 281 1912 «
329 1851 727 1921 nullatenus
755 1854 1131 1922 habeantur
1143 1879 1167 1937 ,·
1202 1879 1406 1946 neque
1443 1880 1526 1923 ex
1549 1857 1738 1923 rebus
1771 1858 2215 1925 ecclesiasticis
2243 1882 2389 1927 cum
2428 1884 2534 1929 ca-

244 1980 277 2019 «
322 1957 583 2024 nonicis
607 1958 940 2049 stipendia
971 1971 1092 2026 aut
1120 1983 1397 2028 munera
1421 1961 1576 2028 ulla
1596 1962 2002 2053 percipiant.
2040 1963 2106 2031 Si
2139 1965 2209 2030 in
2237 1963 2535 2052 Gregorii

239 2086 271 2124 «
317 2059 724 2131 Turonensis
747 2067 982 2155 scripta
1010 2066 1268 2152 incidis,
1291 2067 1758 2134 canonicorum
1787 2068 1981 2134 etiam
2015 2090 2306 2136 mensam
2335 2069 2536 2137 offen·

241 2191 271 2229 «
319 2169 455 2252 dis,
504 2193 676 2237 anno
706 2171 863 2250 574,
896 2172 969 2238 in
998 2172 1131 2238 vita
1159 2171 1227 2239 S.
1273 2172 1582 2249 Patrocli,
1614 2194 1672 2239 c.
1706 2195 1772 2239 lx
1802 2197 1819 2239 t
1869 2177 2151 2240 Sanctus
2179 2175 2535 2242 Patroclus

236 2295 268 2332 «
309 2275 628 2361 officium
667 2275 1053 2341 diaconatus
1081 2298 1344 2341 sumens
1374 2276 1661 2340 vacabat
1696 2277 1996 2364 jejuniis,
2044 2288 2243 2364 atque
2271 2277 2340 2343 in
2382 2301 2535 2344 ora-

231 2401 271 2439 «
314 2377 508 2442 tione
537 2376 805 2444 assidua
839 2390 1205 2468 promptus
1243 2377 1735 2468 effundebatur,
1788 2391 1867 2445 ut
1892 2400 2009 2446 nec
2045 2379 2141 2447 ad
2162 2381 2533 2452 convivium

234 2507 268 2545 «
307 2504 567 2568 mensoej
619 2483 951 2550 canonicae
995 2507 1144 2551 cum
1182 2482 1459 2574 reliquis
1495 2483 1825 2553 accederet
1861 2485 2147 2570 eteniam
2195 2487 2376 2579 quod
2413 2513 2530 2557 au·

239 2613 271 2651 «
308 2586 504 2655 diens
553 2589 1059 2658 archidiaconus
1094 2592 1246 2658 ait
1287 2595 1426 2659 Aut
1476 2615 1625 2660 cum
1657 2593 1930 2683 reliquis
1960 2595 2264 2684 fatribus·
2310 2597 2527 2664 cibum

242 2716 273 2754 «
306 2716 529 2779 sume,
560 2706 682 2761 aut
719 2707 888 2763 certe
911 2696 1160 2764 diseede
1182 2720 1225 2764 a
1260 2698 1496 2786 nobis,·j
1514 2721 1648 2765 non
1677 2698 1853 2766 enim
1880 2712 2135 2766 rectum
2162 2701 2425 2768 videtur
2452 2714 2529 2769 ut

243 2823 275 2862 «
311 2798 685 2869 dissimules
705 2803 855 2869 cum
877 2802 978 2870 liis
1005 2804 1245 2871 habere
1273 2804 1549 2884 vietum,
1584 2827 1733 2888 cum
1753 2805 1988 2894 quibus
2016 2803 2530 2873 ecclesiasticum

248 2930 279 2968 «
313 2907 598 2998 implere
621 2910 888 2999 putaris
906 2911 1229 3000 officium.
1253 2909 1424 2978 Etin
1455 2911 1764 2991 historia,
1805 2908 1977 2975 libro
2005 2908 2095 2994 X,
2129 2910 2211 2975 de
2234 2909 2532 2978 Dandido

245 3035 276 3074 «
305 3013 674 3082 Turonensi
705 3015 1024 3106 Episcopo
1054 3017 1192 3082 haec
1240 3016 1467 3081 scribit
1499 3039 1516 3081 z
1556 3015 1680 3080 Hic
1718 3035 2016 3079 mensam
2063 3015 2531 3083 canonicorum

248 3144 274 3181 (ι
316 3120 636 3189 instituit.
672 3122 1150 3191 Canonicorum
1192 3142 1429 3187 nomen
1464 3121 1788 3210 reperitur
1821 3121 2016 3187 etiam
2044 3119 2115 3188 in
2151 3128 2531 3192 testamento

250 3253 279 3291 «
319 3227 732 3295 Berticranni
773 3227 1077 3318 Episcopi
1134 3225 1669 3309 CenomanensiS,
1732 3248 1909 3294 anno
1961 3227 2094 3293 615
2122 3232 2403 3315 exaratO,
2457 3230 2528 3296 in

253 3358 282 3396 «
309 3356 440 3422 quo
489 3336 629 3420 haec
682 3334 996 3422 leguntur
1037 3358 1052 3401 ε
1111 3334 1429 3422 Aqericus
1481 3332 1851 3423 Episcopus
1910 3333 2294 3401 Turonensis
2340 3335 2528 3403 nobis

253 3462 282 3501 «
316 3438 614 3506 vendidit
620 3440 1004 3529 portionem
1047 3438 1259 3523 villce,
1313 3462 1460 3529 quae
1506 3442 1581 3506 S.
1609 3436 1897 3507 Martini
1913 3438 2072 3527 fuit,
2110 3451 2175 3506 et
2206 3439 2528 3507 venditio-

254 3569 457 3612 «nem
503 3568 652 3613 cum
698 3545 1025 3612 canonicis
1064 3545 1198 3611 suis
1239 3544 1426 3611 nobis
1456 3545 1637 3634 fecit.
1680 3545 1895 3634 Atque
1925 3545 2147 3611 itidem
2191 3546 2262 3612 in
2288 3545 2526 3613 tabulis

252 3674 283 3712 «
314 3651 668 3740 Lonegisili
700 3651 1030 3731 monachi,
1064 3652 1444 3741 conscriptis
1473 3672 1645 3718 anno
1671 3651 1832 3738 625,
1867 3652 1932 3717 in
1976 3650 2215 3737 quibus
2244 3650 2298 3715 is
2325 3670 2521 3737 spon-

253 3781 283 3820 «
312 3758 438 3841 det,
467 3781 535 3826 se
557 3758 940 3825 soluturum
961 3754 1055 3821 ad
1083 3777 1248 3844 opus
1280 3755 1750 3820 canonicorum
1782 3751 2374 3820 Cenomanensium
2401 3750 2529 3821 duo

256 3886 285 3924 «
311 3864 537 3932 modia
589 3865 730 3931 vini
772 3862 865 3931 ad
908 3862 1307 3929 charitatem
1347 3857 1757 3950 faciendam.
1794 3858 1980 3939 Quod
2035 3860 2086 3927 si
2132 3857 2258 3926 alia
2293 3862 2527 3950 quaeris

258 3977 747 4038 «monumenta
774 3992 920 4059 quae
950 3968 1068 4037 tibi
1096 3975 1242 4035 ante
1268 3966 1494 4058 Pipini
1520 3967 2072 4055 et‘Chrodogandi
2104 3973 2395 4060 tempora
2425 3992 2527 4039 ca-

260 4099 291 4137 «
317 4077 713 4142 nonicorum
740 4075 1137 4148 mentionem
1163 4074 1484 4163 injiciant,
1515 4073 1679 4139 habe
1698 4095 1769 4140 ea
1791 4074 1959 4163 apud
1974 4072 2319 4169 Duboisfin
2347 4075 2519 4146 Hist.

260 4202 290 4242 «
316 4182 467 4250 eccl.
506 4181 719 4248 Paris.
763 4182 809 4247 l.
844 4179 954 4264 lV,
991 4202 1048 4247 e.
1089 4180 1158 4267 5,
1191 4202 1337 4268 pag.
1385 4177 1565 4269 180),
1591 4180 1704 4246 ubi
1743 4179 2140 4249 Landericus
2168 4180 2527 4273 Episcopus

258 4310 290 4348 «
324 4286 705 4355 Parisiensis
751 4288 839 4353 ita
863 4288 952 4354 ait
984 4310 999 4353 z
1064 4288 1485 4376 Quapropter
1530 4286 1788 4354 noverit
1829 4285 2129 4355 omnium
2165 4286 2528 4374 Catholicoe

264 4416 293 4455 «
322 4396 635 4463 Ecclesiae
673 4396 1008 4463 cultorum
1035 4393 1358 4485 qeneralis
1394 4393 1814 4483 universitas,
1850 4394 2026 4484 quod
2058 4392 2362 4461 dominus
2386 4387 2531 4475 qlo-
