2930 4982
422 306 505 360 44
1393 315 1737 361 ’1616111115

427 459 464 497 «
512 434 689 523 print
735 433 1053 501 l'homme
1098 440 1160 500 et
1183 435 1243 501 le
1272 435 1457 524 placa
1488 435 1646 501 dans
1698 433 1758 502 le
1814 436 2069 525 paradis
2112 439 2429 519 terrestre,
2478 458 2556 502 en
2603 435 2699 503 lui

432 565 466 602 ι(
513 540 805 607 donnant
833 563 925 608 un
956 540 1239 630 adjoinct
1271 539 1436 630 (Non
1470 544 1563 607 est
1586 540 1862 626 honum,
1911 541 2073 608 dixit
2114 540 2467 628 Dominus,
2494 541 2701 609 homi·

432 671 465 709 «
511 667 662 712 nem
686 667 818 712 esse
837 645 1078 730 solum,
1115 644 1428 712 faciamus
1451 645 1511 711 ei
1540 644 1938 733 adjutorium
1967 644 2179 712 simile
2199 644 2383 736 sibi);
2421 646 2701 737 l'epouse

430 778 466 818 «
506 752 597 821 du
644 750 985 841 Seigneur,
1041 756 1343 818 trouvant
1392 773 1475 818 au
1506 758 2063 819 commencement
2106 751 2270 839 qu'il
2315 752 2539 821 n’etoit
2593 774 2703 843 pas

430 885 465 922 «
510 857 642 925 bon
681 880 809 946 que
855 857 916 923 le
954 855 1165 925 Prelat
1188 858 1287 924 fut
1320 857 1456 924 seul
1497 857 1637 947 (Vae
1662 857 1804 935 soli,
1833 856 1990 947 quia
2040 877 2197 923 cum
2235 857 2532 925 ceciderit
2575 878 2704 925 non

431 990 463 1027 «
510 964 703 1031 habet
726 963 1172 1032 sublevantem
1202 966 1315 1050 se),
1351 964 1473 1033 elle
1496 965 1588 1031 lui
1617 964 1687 1030 fit
1711 986 1800 1030 1111
1836 964 1976 1031 aide
2025 963 2381 1032 semblable
2424 962 2602 1034 alui.
2639 961 2706 1030 Si

428 1094 464 1134 «
509 1069 664 1136 bien
698 1069 997 1159 qu’apres
1041 1073 1220 1137 avoir
1241 1069 1447 1137 forme
1503 1070 1643 1136 l’un
1694 1076 1756 1136 et
1799 1068 2058 1151 l'autre,
2090 1068 2213 1137 elle
2243 1070 2336 1136 vit
2376 1073 2707 1137 comment

431 1204 465 1241 «
495 1177 617 1244 elle
645 1175 736 1241 les
763 1176 1159 1242 nommeroit
1182 1197 1199 1256 3
1232 1180 1295 1240 et
1318 1176 1644 1264 imposant
1669 1175 1704 1241 ἐι
1732 1175 2025 1263 l’eveque
2050 1174 2109 1241 16
2136 1173 2284 1243 titre
2308 1175 2385 1243 de
2409 1175 2709 1267 superin-

430 1305 463 1346 «
494 1279 758 1347 tendant
785 1279 979 1347 soubs
998 1301 1070 1347 ce
1097 1300 1250 1345 nom
1281 1289 1509 1368 caput,
1538 1278 1660 1346 elle
1690 1279 1920 1346 voulut
1946 1301 2072 1369 que
2094 1280 2159 1346 16
2189 1301 2335 1348 com
2339 1281 2578 1370 pagnie
2601 1278 2708 1346 des

428 1410 463 1448 «
492 1384 841 1453 chanoines
895 1384 1013 1474 qui
1061 1384 1276 1451 devoit
1317 1386 1449 1451 etre
1501 1406 1655 1453 avec
1716 1385 1829 1473 luy
1879 1384 2218 1477 s’appelast
2287 1385 2705 1476 capitulum:

431 1516 466 1555 «
496 1512 649 1558 avec
694 1493 1109 1560 ordonnance
1146 1512 1438 1582 expresse
1480 1514 1572 1581 qu
1577 1492 1678 1560 'ils
1714 1514 1780 1560 se
1815 1492 2207 1581 joignissent
2244 1493 2603 1574 ensemble,
2649 1495 2707 1558 et

434 1624 467 1661 «
496 1597 742 1665 fussent
764 1598 936 1664 deux
958 1620 1040 1665 en
1065 1619 1195 1664 une
1221 1597 1514 1686 eglise.»

511 1703 688 1772 Inter
715 1705 952 1771 multas
976 1704 1394 1793 etymologias
1429 1725 1590 1792 quas
1618 1702 1812 1770 refert
1847 1701 2178 1772 Sarnellus
2212 1703 2298 1794 (Il
2326 1703 2508 1771 clero
2538 1725 2711 1772 seeo-

425 1811 570 1878 lare
610 1809 725 1877 nel
773 1832 892 1877 suo
941 1807 1324 1900 splendore,
1380 1831 1523 1900 cap.
1572 1808 1688 1899 vi),
1748 1807 1846 1876 illi
1889 1809 2174 1877 adhaeret
2222 1810 2527 1902 opinioni
2574 1829 2712 1898 quae

420 1921 592 1984 tenet
626 1915 988 2006 capitulum
1020 1917 1105 1983 ita
1132 1916 1405 1999 dictum,
1443 1914 1601 2005 quia
1631 1915 1985 2006 capztatim
2022 1914 2379 1984 decernunt
2402 1916 2491 1984 de
2530 1915 2712 1983 rebus

421 2021 555 2088 suis
599 2023 920 2090 canonici.
955 2022 1147 2089 Putat
1193 2023 1420 2091 eadem
1472 2023 1549 2090 de
1597 2043 1788 2089 causa
1832 2020 2227 2113 Capitularia
2268 2023 2473 2091 dictas
2523 2021 2713 2089 fuisse

420 2126 593 2215 leges
628 2125 840 2195 Caroli
888 2127 1131 2217 Magni,
1187 2129 1342 2217 quia
1384 2149 1623 2217 nempe
1675 2127 1916 2194 fiebant
1967 2127 2159 2194 dante
2202 2149 2474 2195 sensum
2518 2147 2709 2195 suum

424 2234 714 2322 quolibet
758 2236 1147 2304 consiliario.
1192 2235 1519 2305 Caeterum
1559 2235 1817 2302 adnotat
1844 2235 2021 2301 idem
2061 2239 2284 2302 auctor
2328 2256 2554 2302 vocem
2592 2232 2709 2302 Ca-

420 2337 707 2426 pitulum
753 2347 1071 2426 quatenus
1116 2340 1470 2428 collegium
1522 2342 1993 2409 canonicorum
2038 2342 2487 2430 designantem
2526 2338 2713 2408 valde

420 2442 758 2529 antiquam
788 2462 920 2508 non
949 2463 1106 2521 esse,
1133 2463 1289 2509 cum
1319 2464 1451 2510 non
1477 2445 1835 2533 reperiatur
1863 2445 1933 2510 in
1959 2445 2251 2511 conciliis
2276 2445 2715 2533 Aquisgranae

421 2552 484 2611 et
514 2545 865 2636 Moguntiae
898 2548 1052 2613 noni
1082 2548 1321 2629 saeculi,
1355 2549 1425 2614 in
1467 2549 1707 2637 quibus
1735 2554 1954 2616 tamen
1991 2549 2207 2636 agitur
2235 2549 2314 2616 de
2345 2550 2708 2619 canonicis.

421 2650 614 2739 (Vide
641 2649 1240 2739 etiamSarnellum,
1271 2655 1445 2720 Lett.
1489 2654 1662 2721 eccl.
1698 2659 1857 2721 tom.
1886 2652 1973 2733 V,
2001 2655 2225 2721 lettera
2251 2654 2387 2744 10.)

1462 2908 1622 2993 .ἓὲ

991 3101 1058 3139 DE
1083 3102 1361 3142 ACCURATA
1393 3102 1761 3141 CAPXTULORUM
1793 3103 2137 3142 DEFINlTIONE

509 3275 614 3343 Sic
643 3273 1266 3364 Schmalzgrueber:
1315 3303 1351 3342 «
1382 3277 1664 3369 Capituli
1709 3280 1975 3347 nomine
2006 3278 2397 3366 intelligitur
2430 3300 2709 3367 congre-

429 3405 463 3444 «
490 3388 634 3468 gata
679 3382 1087 3468 universitaS,
1147 3383 1281 3451 sive
1343 3385 1695 3474 collegium
1747 3385 2157 3465 clericorum,
2214 3383 2328 3472 qui
2387 3385 2517 3452 sub
2573 3406 2709 3453 uno

427 3512 461 3551 ι(
490 3486 773 3575 praelato,
810 3491 882 3554 ut
910 3488 1208 3556 membra
1240 3490 1362 3557 sub
1389 3512 1523 3558 uno
1552 3490 1781 3580 capite,
1821 3490 2064 3579 degunt
2086 3492 2150 3555 et
2185 3510 2341 3556 cum
2376 3510 2450 3556 eo
2485 3512 2707 3558 unum

426 3618 467 3658 «-
492 3614 725 3684 corpus
753 3594 1178 3661 constituunt.
1226 3595 1314 3664 lta
1345 3596 1654 3665 Gonzalez
1694 3594 1789 3687 (in
1820 3601 2013 3685 caput
2041 3617 2089 3683 1,
2124 3596 2297 3663 tituli
2326 3618 2417 3682 xi,
2458 3599 2559 3663 De
2602 3596 2706 3663 his

429 3722 461 3761 «
492 3722 649 3787 quae
681 3699 859 3790 fiunt
899 3722 942 3766 a
983 3701 1238 3791 majore
1271 3714 1469 3793 parte
1505 3702 1844 3793 capztulz‘),
1892 3710 1953 3771 et
2004 3704 2216 3792 quoad
2268 3724 2410 3769 rem
2457 3702 2707 3793 passim

428 3803 2279 3900 (1(10610165161111111.(111111).11106616161111111,111.Χ1,11.
2318 3806 2409 3897 1.)

506 3906 704 3976 Porro
749 3911 1093 4003 descriptio
1141 3914 1568 4004 hujusmodi,
1591 3937 1630 3981 a
1673 3914 1896 3982 multis
1950 3914 2301 3982 canonistis
2358 3879 2698 4005 usurpata,

413 4012 641 4081 haberi
692 4017 919 4104 nequit
987 4023 1295 4108 tanquam
1351 4018 1639 4109 rigorosa
1690 4025 1753 4088 et
1809 4021 2073 4111 proprie
2133 4020 2304 4087 dicta
2372 4019 2696 4087 definitio.

411 4117 671 4187 Nedum
724 4122 906 4189 enim
946 4127 1309 4215 capitulum
1360 4130 1655 4194 accurate
1703 4124 2026 4194 discernat
2066 4126 2148 4193 ab
2195 4125 2341 4193 aliis
2384 4124 2701 4192 omnibus

413 4226 996 4297 coadunationibus
1042 4254 1189 4319 quae
1235 4234 1521 4324 capitula
1569 4254 1705 4301 non
1751 4237 1928 4316 sunt,
1978 4232 2142 4299 illud
2181 4255 2216 4300 e
2259 4237 2486 4300 contra
2543 4252 2704 4299 con·

417 4332 635 4401 fundit
695 4356 854 4402 cum
908 4336 1190 4425 qualibet
1263 4340 1656 4410 clericorum
1719 4338 2217 4428 congregatione
2285 4338 2407 4406 sub
2478 4336 2700 4426 aliquo
