2930 4982
339 348 363 400 1
383 346 418 400 2
1300 353 1643 401 mAcTAws

334 473 477 540 vitae
505 474 872 541 monasticae
891 472 1235 540 inductum
1257 471 1478 559 fuisse,
1500 493 1633 539 non
1664 473 1874 562 ipsam
1900 472 2325 540 monasticam
2357 471 2621 540 institu-

333 577 598 645 tionem.
628 576 787 667 Legi
815 579 1008 646 etiam
1032 578 1110 645 de
1145 579 1266 646 hac
1297 598 1365 644 re
1389 584 1595 667 potest
1616 577 1765 647 Vita
1790 579 1995 647 sancti
2023 578 2384 669 Augustini
2406 601 2442 647 a
2465 577 2625 647 Pos-

333 684 522 772 sidio,
553 686 757 775 capite
788 707 944 753 Ην.

1419 845 1537 922 §4

480 1020 607 1066 Qum
647 1018 875 1057 FrEmN'r
917 1018 1047 1057 omn
1087 989 1439 1057 Pusssn'YTERIA
1484 1018 1582 1057 SEU
1624 1018 1886 1057 CAPITULA
1936 1017 2112 1064 QUOAD
2159 1018 2484 1057 EXERCITIUM

1247 1123 1720 1164 PAnocmAmTATls

420 1304 469 1371 l.
502 1303 955 1372 Proemittitur
978 1301 1162 1369 notio
1196 1299 1275 1367 de
1305 1299 1512 1367 variis
1536 1298 1919 1367 nominibus
1950 1298 2189 1390 quibus
2219 1298 2630 1368 cathedralis

333 1407 623 1475 Ecclesia
665 1407 1032 1498 antiquitus
1075 1404 1411 1495 desiqnari
1449 1404 1735 1473 solebat.
1770 1404 2111 1473 —Statim
2154 1426 2229 1473 ac
2267 1406 2338 1473 in
2387 1427 2633 1475 monu-

336 1514 570 1581 mentis
609 1515 1008 1603 antiquitatis
1043 1511 1414 1602 janseniani
1437 1518 1501 1579 et
1528 1512 1996 1602 presbyteristae
2019 1516 2372 1580 occurrunt
2391 1512 2459 1578 in
2484 1512 2632 1580 haec

332 1619 550 1703 verba,
594 1617 947 1711 presbyter
966 1618 1215 1709 plebiS,
1256 1617 1607 1709 presbyter
1648 1617 1948 1685 matricis
1990 1615 2300 1700 ecclesioe,
2345 1621 2634 1683 conten-

335 1724 503 1792 dunt
529 1725 623 1792 ibi
660 1726 766 1813 agi
803 1724 884 1792 de
916 1725 1223 1815 paroch0‚
1266 1731 1329 1793 et
1355 1725 1672 1816 parochos
1699 1724 1922 1814 quales
1953 1744 2134 1791 nunc
2159 1726 2374 1790 extant
2402 1721 2471 1789 in
2510 1723 2631 1790 tali

335 1834 396 1897 et
422 1830 531 1897 tali
559 1835 804 1897 remoto
830 1829 1066 1897 saeculo
1098 1851 1164 1897 se
1189 1829 1500 1919 reperisse
1535 1830 1921 1897 exclamant.
1961 1828 2218 1896 Eruditi
2251 1833 2469 1895 autem
2497 1828 2634 1904 viri

327 1935 724 2025 jampridem
751 1956 869 2025 pro
896 1935 1216 2025 explorato
1244 1934 1509 2019 habent,
1553 1935 1679 2003 illis
1724 1936 1993 2004 vocibus
2019 1934 2469 2026 presbyterum
2510 1955 2629 2000 ca-

335 2040 666 2124 thedrali8‚
694 2062 909 2108 unum
935 2040 1181 2108 scilicet
1199 2041 1276 2108 de
1301 2040 1721 2137 presbyterig),
1746 2041 2097 2131 designari.
2123 2039 2269 2108 Non
2290 2040 2491 2128 igitur
2513 2037 2634 2105 abs

336 2166 407 2212 re
442 2146 565 2213 erit
606 2152 985 2214 novatorum
1036 2146 1222 2213 illam
1269 2145 1563 2214 fraudem
1607 2146 1708 2213 vel
1758 2146 2199 2235 ignorantiam
2255 2145 2627 2213 retundere.

338 2250 467 2320 Nos
494 2253 758 2342 quidem
788 2253 978 2322 hodie
995 2252 1365 2344 plebanam
1393 2254 1526 2321 sive
1554 2251 1902 2321 matricem
1935 2253 2222 2321 dicimus
2251 2252 2635 2342 parochiam

339 2356 519 2423 illam
564 2360 848 2425 ruralem
888 2381 1036 2447 quae
1073 2359 1528 2448 baptisterium
1559 2359 1779 2441 habet,
1811 2365 1874 2426 et
1902 2358 2067 2427 illud
2113 2358 2379 2427 sabbato
2412 2361 2636 2424 sancto

339 2467 603 2530 renovat
657 2462 1096 2531 assistentibus
1153 2462 1763 2552 circumjacentium
1823 2464 2239 2530 ecclesiarum
2303 2461 2624 2551 parochiS.

342 2566 465 2635 Sed
511 2568 1062 2655 quemadmodum
1091 2567 1436 2659 parocbioe
1479 2568 1874 2637 vocabulum
1935 2568 2005 2635 in
2057 2567 2433 2657 antiquitate
2493 2586 2631 2633 non

341 2671 519 2739 aliud
551 2673 874 2761 significat
913 2696 1112 2764 quam
1159 2673 1513 2761 dioecesim,
1558 2676 1645 2742 ita
1695 2696 1881 2742 voces
1899 2763 1904 2764 ἶ
1911 2673 2107 2765 plebs
2146 2681 2210 2742 et
2244 2672 2502 2740 matrix
2538 2672 2634 2739 nil

343 2778 520 2847 aliud
545 2780 805 2847 remotis
835 2779 1081 2848 saeculis
1108 2802 1306 2870 quam
1339 2778 1791 2848 cathedralem
1819 2780 2263 2870 designabant.
2298 2778 2496 2847 Plebs
2526 2780 2633 2846 in-

343 2907 538 2976 super
574 2886 897 2975 significat
938 2891 1146 2954 totum
1178 2887 1456 2954 civitatis
1498 2892 1562 2954 et
1595 2886 1888 2955 dioecesis
1934 2885 2283 2977 populum,
2313 2891 2633 2975 quatenus

344 2991 469 3058 sub
492 3013 625 3058 uno
672 2998 919 3081 pastore
956 2991 1268 3083 Episcopo
1314 3012 1582 3081 gregem
1628 3013 1840 3059 unum
1869 2993 2392 3060 constituentem.
2441 2994 2636 3056 Ursa-

346 3095 481 3163 cius
498 3108 561 3162 et
584 3096 823 3164 Valens
840 3102 1161 3166 Romame
1172 3098 1392 3190 plebis
1406 3098 1820 3190 Episcopum
1843 3096 2114 3180 adeunt,
2134 3097 2352 3185 inquit
2374 3098 2634 3190 sanctus

346 3202 654 3269 Hilarius.
684 3202 968 3293 (Fragm.
1000 3203 1067 3290 2,
1095 3204 1398 3272 Collectio
1417 3206 1685 3288 concil.,
1704 3211 1859 3273 tom.
1885 3202 1991 3282 111,
2021 3202 2144 3270 col.
2170 3200 2353 3291 668.)
2378 3199 2452 3268 ln
2482 3221 2635 3268 con-

347 3307 498 3374 cilio
535 3306 1027 3397 Carthaginensi
1065 3311 1223 3377 anni
1269 3308 1425 3390 318,
1459 3332 1603 3378 can.
1643 3310 1711 3387 5,
1745 3308 2125 3400 prohibetur
2162 3329 2244 3373 ne
2274 3305 2634 3395 Episcopus

347 3411 415 3478 in
441 3413 708 3480 ecclesia
731 3435 847 3481 sua
866 3415 1137 3503 recipiat
1163 3415 1480 3483 clericum
1502 3414 1582 3482 de
1593 3412 1791 3504 plebe
1809 3412 2038 3481 aliena
2054 3410 2295 3499 absque
2316 3429 2637 3477 consensu

347 3522 409 3584 et
430 3518 658 3585 litteris
690 3517 830 3607 ejus
861 3518 1179 3609 Episcopi
1203 3517 1282 3586 de
1310 3520 1499 3609 cujus
1512 3517 1714 3609 plebe
1743 3530 1859 3586 est.
1895 3516 2057 3584 ltem
2081 3516 2150 3583 in
2180 3513 2457 3583 concilio
2481 3514 2639 3582 Car-

347 3624 727 3715 thaginensi·
744 3626 900 3692 anni
932 3624 1090 3704 347,
1124 3646 1270 3693 can.
1304 3625 1420 3713 40,
1467 3626 1702 3715 legitur
1734 3649 1752 3692 t
1784 3626 1868 3693 In
1911 3622 2140 3693 eadem
2159 3620 2371 3714 plebe,
2409 3620 2515 3688 cui
2536 3642 2643 3687 or-

351 3727 680 3798 dinandus
707 3743 801 3799 est
828 3729 1221 3822 Episcopus.
1261 3731 1337 3799 In
1364 3730 1604 3800 celebri
1638 3732 1981 3800 collatione
2015 3727 2509 3817 Carthaginensi
2536 3748 2640 3794 ca-

352 3832 621 3903 tholicos
664 3836 834 3903 inter
878 3844 941 3905 et
985 3835 1374 3923 Donatistas,
1421 3839 1810 3928 subscriptio
1852 3837 2320 3927 Episcoporum
2376 3840 2471 3902 est
2519 3834 2639 3901 hoc

352 3940 546 4008 modo
578 3964 594 4007 ε
648 3943 736 4012 Ν.
775 3942 1139 4034 Episcopus
1162 3944 1376 4034 plebis
1416 3946 1504 4014 N.
1530 3943 1760 4032 ,·quod
1792 3942 1943 4008 etin
1986 3940 2213 4009 multis
2236 3940 2378 4009 aliis
2404 3962 2643 4008 monu-

356 4047 592 4113 mentis
619 4048 960 4135 reperitur.
993 4048 1188 4139 Apud
1218 4049 1657 4118 Prudentium
1680 4047 1957 4139 (hymno
1985 4048 2064 4117 de
2090 4051 2312 4115 sancto
2340 4043 2638 4133 Quirino)

352 4150 633 4240 legitur.
668 4156 932 4220 Sanctae
957 4154 1174 4243 plebis
1206 4156 1596 4247 Episcopus.
1626 4154 1815 4225 Extat
1848 4153 2116 4245 epistola
2143 4152 2349 4221 sancti
2375 4150 2643 4218 Eusebii

355 4254 781 4326 vercellensis
813 4259 1114 4350 Episcopi
1154 4262 1246 4328 sic
1287 4263 1669 4354 inscripta.
1713 4259 2029 4329 Plebibus
2082 4254 2634 4339 Vercellensibus,

368 4361 909 4445 Novariensibus,
960 4366 1595 4456 Hipporeqiensibus
1635 4381 1698 4439 et
1746 4365 2256 4437 Dertonensibus
2303 4364 2635 4455 (Biblioth.
