<?xml version="1.0" encoding="UTF-8"?>
<!DOCTYPE html PUBLIC "-//W3C//DTD XHTML 1.0 Transitional//EN"
    "http://www.w3.org/TR/xhtml1/DTD/xhtml1-transitional.dtd">
<html xmlns="http://www.w3.org/1999/xhtml" xml:lang="en" lang="en">
 <head>
  <title>
</title>
<meta http-equiv="Content-Type" content="text/html;charset=utf-8" />
  <meta name='ocr-system' content='tesseract 3.04.00' />
  <meta name='ocr-capabilities' content='ocr_page ocr_carea ocr_par ocr_line ocrx_word'/>
</head>
<body>
  <div class='ocr_page' id='page_1' title='image "./tractatusdecapi00bouigoog_0121.png"; bbox 0 0 2930 4982; ppageno 0'>
   <div class='ocr_carea' id='block_1_1' title="bbox 1188 347 2557 404">
    <p class='ocr_par' dir='ltr' id='par_1_1' title="bbox 1188 347 2557 404">
     <span class='ocr_line' id='line_1_1' title="bbox 1188 347 2557 404; baseline 0.007 -9"><span class='ocrx_word' id='word_1_1' title='bbox 1188 351 1270 396; x_wconf 70' lang='lat' dir='ltr'>ns</span> <span class='ocrx_word' id='word_1_2' title='bbox 1315 350 1644 399; x_wconf 62' lang='lat' dir='ltr'>cunnus.</span> <span class='ocrx_word' id='word_1_3' title='bbox 2442 347 2557 404; x_wconf 77' lang='lat'>¹01</span> 
     </span>
    </p>
   </div>
   <div class='ocr_carea' id='block_1_2' title="bbox 256 465 2580 2150">
    <p class='ocr_par' dir='ltr' id='par_1_2' title="bbox 267 465 2580 1407">
     <span class='ocr_line' id='line_1_2' title="bbox 279 465 2570 564; baseline 0.005 -32"><span class='ocrx_word' id='word_1_4' title='bbox 279 492 314 532; x_wconf 68' lang='grc' dir='ltr'>ι(</span> <span class='ocrx_word' id='word_1_5' title='bbox 341 465 660 551; x_wconf 86' lang='lat' dir='ltr'>conferre,</span> <span class='ocrx_word' id='word_1_6' title='bbox 693 468 811 557; x_wconf 90' lang='lat' dir='ltr'>qui</span> <span class='ocrx_word' id='word_1_7' title='bbox 845 466 1093 536; x_wconf 90' lang='lat' dir='ltr'>scilicet</span> <span class='ocrx_word' id='word_1_8' title='bbox 1123 490 1278 536; x_wconf 90' lang='lat' dir='ltr'>cum</span> <span class='ocrx_word' id='word_1_9' title='bbox 1318 469 1490 558; x_wconf 85' lang='lat' dir='ltr'>juris</span> <span class='ocrx_word' id='word_1_10' title='bbox 1534 468 1830 537; x_wconf 90' lang='lat' dir='ltr'>canonici</span> <span class='ocrx_word' id='word_1_11' title='bbox 1881 468 2155 538; x_wconf 91' lang='lat' dir='ltr'>lectione</span> <span class='ocrx_word' id='word_1_12' title='bbox 2193 491 2268 539; x_wconf 90' lang='lat' dir='ltr'>ea</span> <span class='ocrx_word' id='word_1_13' title='bbox 2309 495 2570 564; x_wconf 87' lang='lat' dir='ltr'>quoque</span> 
     </span>
     <span class='ocr_line' id='line_1_3' title="bbox 283 573 2567 665; baseline 0.003 -26"><span class='ocrx_word' id='word_1_14' title='bbox 283 598 314 637; x_wconf 75' lang='grc' dir='ltr'>ι(</span> <span class='ocrx_word' id='word_1_15' title='bbox 342 575 750 662; x_wconf 90' lang='lat' dir='ltr'>conjungere</span> <span class='ocrx_word' id='word_1_16' title='bbox 796 573 1003 642; x_wconf 86' lang='lat' dir='ltr'>valeat</span> <span class='ocrx_word' id='word_1_17' title='bbox 1047 595 1193 663; x_wconf 86' lang='lat' dir='ltr'>quae</span> <span class='ocrx_word' id='word_1_18' title='bbox 1236 576 1567 665; x_wconf 85' lang='lat' dir='ltr'>pertinent</span> <span class='ocrx_word' id='word_1_19' title='bbox 1611 574 1686 642; x_wconf 91' lang='lat' dir='ltr'>ad</span> <span class='ocrx_word' id='word_1_20' title='bbox 1714 575 2108 664; x_wconf 80' lang='lat' dir='ltr'><strong>theologiam</strong></span> <span class='ocrx_word' id='word_1_21' title='bbox 2149 577 2494 647; x_wconf 82' lang='lat' dir='ltr'><strong>moralem.</strong></span> <span class='ocrx_word' id='word_1_22' title='bbox 2532 605 2567 645; x_wconf 65' lang='lat'>&gt;2</span> 
     </span>
     <span class='ocr_line' id='line_1_4' title="bbox 277 677 2576 772; baseline 0.003 -25"><span class='ocrx_word' id='word_1_23' title='bbox 277 677 692 766; x_wconf 83' lang='lat' dir='ltr'>(Benedictus</span> <span class='ocrx_word' id='word_1_24' title='bbox 716 678 894 762; x_wconf 86' lang='lat' dir='ltr'>XIV,</span> <span class='ocrx_word' id='word_1_25' title='bbox 917 679 1011 748; x_wconf 90' lang='lat' dir='ltr'>De</span> <span class='ocrx_word' id='word_1_26' title='bbox 1031 701 1176 769; x_wconf 67' lang='lat' dir='ltr'>syn.</span> <span class='ocrx_word' id='word_1_27' title='bbox 1211 682 1435 765; x_wconf 86' lang='lat' dir='ltr'>dioec.‚</span> <span class='ocrx_word' id='word_1_28' title='bbox 1458 682 1509 750; x_wconf 91' lang='lat'>1.</span> <span class='ocrx_word' id='word_1_29' title='bbox 1538 703 1678 770; x_wconf 84' lang='lat' dir='ltr'>xm,</span> <span class='ocrx_word' id='word_1_30' title='bbox 1705 704 1760 749; x_wconf 91' lang='lat' dir='ltr'>c.</span> <span class='ocrx_word' id='word_1_31' title='bbox 1789 682 1885 772; x_wconf 87' lang='grc'>9.)</span> <span class='ocrx_word' id='word_1_32' title='bbox 1905 681 2069 752; x_wconf 90' lang='lat' dir='ltr'>Nam</span> <span class='ocrx_word' id='word_1_33' title='bbox 2091 684 2437 752; x_wconf 83' lang='lat' dir='ltr'>declaratio</span> <span class='ocrx_word' id='word_1_34' title='bbox 2462 686 2576 753; x_wconf 92' lang='lat' dir='ltr'>illa</span> 
     </span>
     <span class='ocr_line' id='line_1_5' title="bbox 273 785 2578 879; baseline 0.003 -27"><span class='ocrx_word' id='word_1_35' title='bbox 273 785 431 853; x_wconf 88' lang='lat' dir='ltr'>facta</span> <span class='ocrx_word' id='word_1_36' title='bbox 475 790 573 853; x_wconf 90' lang='lat' dir='ltr'>est</span> <span class='ocrx_word' id='word_1_37' title='bbox 619 807 738 876; x_wconf 89' lang='lat' dir='ltr'>pro</span> <span class='ocrx_word' id='word_1_38' title='bbox 787 807 969 872; x_wconf 84' lang='lat' dir='ltr'>casu,</span> <span class='ocrx_word' id='word_1_39' title='bbox 1018 808 1150 875; x_wconf 94' lang='lat' dir='ltr'>quo</span> <span class='ocrx_word' id='word_1_40' title='bbox 1199 788 1269 855; x_wconf 88' lang='lat' dir='ltr'>in</span> <span class='ocrx_word' id='word_1_41' title='bbox 1318 788 1677 879; x_wconf 87' lang='lat' dir='ltr'>diplomate</span> <span class='ocrx_word' id='word_1_42' title='bbox 1725 789 2109 879; x_wconf 82' lang='lat' dir='ltr'>provisionis</span> <span class='ocrx_word' id='word_1_43' title='bbox 2160 790 2400 858; x_wconf 85' lang='lat' dir='ltr'>inserta</span> <span class='ocrx_word' id='word_1_44' title='bbox 2455 792 2578 861; x_wconf 78' lang='lat' dir='ltr'>suit</span> 
     </span>
     <span class='ocr_line' id='line_1_6' title="bbox 271 892 2580 986; baseline 0.003 -26"><span class='ocrx_word' id='word_1_45' title='bbox 271 892 570 960; x_wconf 83' lang='lat' dir='ltr'>clausula</span> <span class='ocrx_word' id='word_1_46' title='bbox 625 893 703 960; x_wconf 92' lang='lat' dir='ltr'>de</span> <span class='ocrx_word' id='word_1_47' title='bbox 744 893 1140 961; x_wconf 89' lang='lat' dir='ltr'>assumendo</span> <span class='ocrx_word' id='word_1_48' title='bbox 1188 893 1359 962; x_wconf 84' lang='lat' dir='ltr'>infra</span> <span class='ocrx_word' id='word_1_49' title='bbox 1416 917 1670 964; x_wconf 91' lang='lat' dir='ltr'>annum</span> <span class='ocrx_word' id='word_1_50' title='bbox 1725 895 1934 984; x_wconf 89' lang='lat' dir='ltr'>gradu</span> <span class='ocrx_word' id='word_1_51' title='bbox 1985 895 2056 962; x_wconf 82' lang='lat' dir='ltr'>in</span> <span class='ocrx_word' id='word_1_52' title='bbox 2110 895 2467 986; x_wconf 76' lang='lat' dir='ltr'>theoloqia‚</span> <span class='ocrx_word' id='word_1_53' title='bbox 2517 906 2580 967; x_wconf 86' lang='lat' dir='ltr'>et</span> 
     </span>
     <span class='ocr_line' id='line_1_7' title="bbox 270 998 2573 1090; baseline 0.003 -25"><span class='ocrx_word' id='word_1_54' title='bbox 270 998 611 1089; x_wconf 82' lang='lat' dir='ltr'>petebatur</span> <span class='ocrx_word' id='word_1_55' title='bbox 654 1020 737 1065; x_wconf 89' lang='lat' dir='ltr'>an</span> <span class='ocrx_word' id='word_1_56' title='bbox 780 998 1105 1066; x_wconf 82' lang='lat' dir='ltr'>sufficeret</span> <span class='ocrx_word' id='word_1_57' title='bbox 1142 1000 1235 1066; x_wconf 93' lang='lat' dir='ltr'>sic</span> <span class='ocrx_word' id='word_1_58' title='bbox 1269 1002 1608 1089; x_wconf 88' lang='lat' dir='ltr'>provisum</span> <span class='ocrx_word' id='word_1_59' title='bbox 1649 1003 1941 1070; x_wconf 85' lang='lat' dir='ltr'>lauream</span> <span class='ocrx_word' id='word_1_60' title='bbox 1972 999 2042 1067; x_wconf 80' lang='lat' dir='ltr'>in</span> <span class='ocrx_word' id='word_1_61' title='bbox 2066 1001 2224 1090; x_wconf 81' lang='lat' dir='ltr'>jure</span> <span class='ocrx_word' id='word_1_62' title='bbox 2264 1003 2573 1071; x_wconf 81' lang='lat' dir='ltr'>canonico</span> 
     </span>
     <span class='ocr_line' id='line_1_8' title="bbox 269 1103 2579 1196; baseline 0.001 -24"><span class='ocrx_word' id='word_1_63' title='bbox 269 1126 624 1172; x_wconf 87' lang='lat' dir='ltr'>assumere.</span> <span class='ocrx_word' id='word_1_64' title='bbox 689 1103 811 1171; x_wconf 91' lang='lat' dir='ltr'>Cui</span> <span class='ocrx_word' id='word_1_65' title='bbox 859 1104 1066 1172; x_wconf 89' lang='lat' dir='ltr'>dubi-o</span> <span class='ocrx_word' id='word_1_66' title='bbox 1107 1125 1510 1195; x_wconf 16' lang='lat' dir='ltr'>‘responsum</span> <span class='ocrx_word' id='word_1_67' title='bbox 1553 1111 1687 1175; x_wconf 88' lang='lat' dir='ltr'>est:</span> <span class='ocrx_word' id='word_1_68' title='bbox 1734 1105 2084 1196; x_wconf 76' lang='lat' dir='ltr'>Neqatz&#39;ve,</span> <span class='ocrx_word' id='word_1_69' title='bbox 2128 1120 2189 1172; x_wconf 83' lang='lat' dir='ltr'>et</span> <span class='ocrx_word' id='word_1_70' title='bbox 2227 1106 2579 1175; x_wconf 77' lang='lat' dir='ltr'>habebitur</span> 
     </span>
     <span class='ocr_line' id='line_1_9' title="bbox 269 1208 2577 1300; baseline 0.003 -25"><span class='ocrx_word' id='word_1_71' title='bbox 269 1210 444 1277; x_wconf 82' lang='lat' dir='ltr'>ratio</span> <span class='ocrx_word' id='word_1_72' title='bbox 520 1210 595 1277; x_wconf 81' lang='lat' dir='ltr'>in</span> <span class='ocrx_word' id='word_1_73' title='bbox 658 1208 924 1277; x_wconf 78' lang='lat' dir='ltr'>casibus</span> <span class='ocrx_word' id='word_1_74' title='bbox 964 1209 1532 1299; x_wconf 74' lang='lat' dir='ltr'>particularibus.</span> <span class='ocrx_word' id='word_1_75' title='bbox 1607 1211 2007 1300; x_wconf 86' lang='lat' dir='ltr'>(Thesaurus</span> <span class='ocrx_word' id='word_1_76' title='bbox 2078 1210 2342 1278; x_wconf 86' lang='lat' dir='ltr'>resolut.</span> <span class='ocrx_word' id='word_1_77' title='bbox 2404 1221 2448 1280; x_wconf 84' lang='lat' dir='ltr'>t.</span> <span class='ocrx_word' id='word_1_78' title='bbox 2506 1236 2577 1299; x_wconf 82' lang='grc' dir='ltr'>ιι,</span> 
     </span>
     <span class='ocr_line' id='line_1_10' title="bbox 267 1315 637 1407; baseline 0 -23"><span class='ocrx_word' id='word_1_79' title='bbox 267 1338 414 1407; x_wconf 89' lang='lat' dir='ltr'>pag.</span> <span class='ocrx_word' id='word_1_80' title='bbox 448 1315 637 1406; x_wconf 76' lang='lat'>321.)</span> 
     </span>
    </p>

    <p class='ocr_par' dir='ltr' id='par_1_3' title="bbox 256 1421 2579 2150">
     <span class='ocr_line' id='line_1_11' title="bbox 350 1421 2577 1514; baseline 0.002 -23"><span class='ocrx_word' id='word_1_81' title='bbox 350 1421 545 1491; x_wconf 90' lang='lat' dir='ltr'>Unde</span> <span class='ocrx_word' id='word_1_82' title='bbox 567 1422 647 1490; x_wconf 92' lang='lat' dir='ltr'>ad</span> <span class='ocrx_word' id='word_1_83' title='bbox 670 1426 782 1513; x_wconf 86' lang='lat' dir='ltr'>jus</span> <span class='ocrx_word' id='word_1_84' title='bbox 803 1445 1157 1492; x_wconf 89' lang='lat' dir='ltr'>commune</span> <span class='ocrx_word' id='word_1_85' title='bbox 1195 1424 1372 1513; x_wconf 88' lang='lat' dir='ltr'>quod</span> <span class='ocrx_word' id='word_1_86' title='bbox 1396 1424 1646 1507; x_wconf 87' lang='lat' dir='ltr'>attinet,</span> <span class='ocrx_word' id='word_1_87' title='bbox 1680 1422 2210 1491; x_wconf 88' lang='lat' dir='ltr'>concludendum</span> <span class='ocrx_word' id='word_1_88' title='bbox 2241 1425 2454 1514; x_wconf 87' lang='lat' dir='ltr'>potius</span> <span class='ocrx_word' id='word_1_89' title='bbox 2479 1425 2577 1495; x_wconf 88' lang='lat' dir='ltr'>vi-</span> 
     </span>
     <span class='ocr_line' id='line_1_12' title="bbox 266 1528 2579 1617; baseline 0.001 -20"><span class='ocrx_word' id='word_1_90' title='bbox 266 1528 552 1615; x_wconf 87' lang='lat' dir='ltr'>deretur,</span> <span class='ocrx_word' id='word_1_91' title='bbox 594 1530 762 1597; x_wconf 93' lang='lat' dir='ltr'>sicut</span> <span class='ocrx_word' id='word_1_92' title='bbox 809 1530 1076 1598; x_wconf 92' lang='lat' dir='ltr'>nullum</span> <span class='ocrx_word' id='word_1_93' title='bbox 1125 1551 1546 1614; x_wconf 90' lang='lat' dir='ltr'>concursum,</span> <span class='ocrx_word' id='word_1_94' title='bbox 1588 1530 1673 1597; x_wconf 91' lang='lat' dir='ltr'>ita</span> <span class='ocrx_word' id='word_1_95' title='bbox 1709 1534 1773 1596; x_wconf 94' lang='lat' dir='ltr'>et</span> <span class='ocrx_word' id='word_1_96' title='bbox 1816 1529 2078 1597; x_wconf 90' lang='lat' dir='ltr'>nullum</span> <span class='ocrx_word' id='word_1_97' title='bbox 2121 1529 2402 1617; x_wconf 87' lang='lat' dir='ltr'>gradum</span> <span class='ocrx_word' id='word_1_98' title='bbox 2442 1551 2579 1600; x_wconf 87' lang='lat' dir='ltr'>aca-</span> 
     </span>
     <span class='ocr_line' id='line_1_13' title="bbox 267 1634 2574 1727; baseline 0.001 -24"><span class='ocrx_word' id='word_1_99' title='bbox 267 1634 606 1704; x_wconf 86' lang='lat' dir='ltr'>demicum</span> <span class='ocrx_word' id='word_1_100' title='bbox 661 1635 730 1703; x_wconf 91' lang='lat' dir='ltr'>in</span> <span class='ocrx_word' id='word_1_101' title='bbox 796 1636 1010 1726; x_wconf 89' lang='lat' dir='ltr'>rigore</span> <span class='ocrx_word' id='word_1_102' title='bbox 1085 1637 1332 1726; x_wconf 88' lang='lat' dir='ltr'>requiri</span> <span class='ocrx_word' id='word_1_103' title='bbox 1387 1659 1508 1727; x_wconf 91' lang='lat' dir='ltr'>pro</span> <span class='ocrx_word' id='word_1_104' title='bbox 1566 1635 1914 1727; x_wconf 86' lang='lat' dir='ltr'>praebenda</span> <span class='ocrx_word' id='word_1_105' title='bbox 1985 1636 2357 1724; x_wconf 86' lang='lat' dir='ltr'>theologali.</span> <span class='ocrx_word' id='word_1_106' title='bbox 2423 1634 2574 1706; x_wconf 90' lang='lat' dir='ltr'>Esse</span> 
     </span>
     <span class='ocr_line' id='line_1_14' title="bbox 263 1742 2569 1833; baseline 0.001 -24"><span class='ocrx_word' id='word_1_107' title='bbox 263 1747 481 1810; x_wconf 89' lang='lat' dir='ltr'>autem</span> <span class='ocrx_word' id='word_1_108' title='bbox 519 1747 808 1810; x_wconf 90' lang='lat' dir='ltr'>mentem</span> <span class='ocrx_word' id='word_1_109' title='bbox 842 1743 1102 1811; x_wconf 91' lang='lat' dir='ltr'>concilii</span> <span class='ocrx_word' id='word_1_110' title='bbox 1126 1743 1493 1812; x_wconf 86' lang='lat' dir='ltr'>Tridentini</span> <span class='ocrx_word' id='word_1_111' title='bbox 1522 1748 1597 1810; x_wconf 91' lang='lat' dir='ltr'>ut</span> <span class='ocrx_word' id='word_1_112' title='bbox 1632 1744 1906 1833; x_wconf 83' lang='lat' dir='ltr'>eligatur</span> <span class='ocrx_word' id='word_1_113' title='bbox 1929 1742 2176 1823; x_wconf 89' lang='lat' dir='ltr'>doctor,</span> <span class='ocrx_word' id='word_1_114' title='bbox 2209 1747 2271 1809; x_wconf 92' lang='lat' dir='ltr'>et</span> <span class='ocrx_word' id='word_1_115' title='bbox 2299 1742 2569 1832; x_wconf 90' lang='lat' dir='ltr'>quidem</span> 
     </span>
     <span class='ocr_line' id='line_1_15' title="bbox 267 1846 2568 1940; baseline 0.002 -27"><span class='ocrx_word' id='word_1_116' title='bbox 267 1846 338 1914; x_wconf 92' lang='lat' dir='ltr'>in</span> <span class='ocrx_word' id='word_1_117' title='bbox 359 1848 700 1937; x_wconf 87' lang='lat' dir='ltr'>theologia.</span> <span class='ocrx_word' id='word_1_118' title='bbox 744 1848 843 1917; x_wconf 91' lang='lat' dir='ltr'>Ac</span> <span class='ocrx_word' id='word_1_119' title='bbox 885 1850 1078 1940; x_wconf 89' lang='lat' dir='ltr'>proin</span> <span class='ocrx_word' id='word_1_120' title='bbox 1116 1851 1170 1917; x_wconf 93' lang='lat' dir='ltr'>si</span> <span class='ocrx_word' id='word_1_121' title='bbox 1210 1855 1442 1940; x_wconf 84' lang='lat' dir='ltr'>praesto</span> <span class='ocrx_word' id='word_1_122' title='bbox 1475 1851 1583 1933; x_wconf 88' lang='lat' dir='ltr'>sit,</span> <span class='ocrx_word' id='word_1_123' title='bbox 1618 1851 1750 1917; x_wconf 92' lang='lat' dir='ltr'>sive</span> <span class='ocrx_word' id='word_1_124' title='bbox 1788 1850 1859 1917; x_wconf 90' lang='lat' dir='ltr'>in</span> <span class='ocrx_word' id='word_1_125' title='bbox 1889 1849 2176 1933; x_wconf 88' lang='lat' dir='ltr'>dioecesi,</span> <span class='ocrx_word' id='word_1_126' title='bbox 2206 1847 2339 1916; x_wconf 87' lang='lat' dir='ltr'>sive</span> <span class='ocrx_word' id='word_1_127' title='bbox 2365 1854 2568 1938; x_wconf 87' lang='lat' dir='ltr'>extra,</span> 
     </span>
     <span class='ocr_line' id='line_1_16' title="bbox 260 1950 2570 2044; baseline 0.002 -25"><span class='ocrx_word' id='word_1_128' title='bbox 260 1950 500 2042; x_wconf 87' lang='lat' dir='ltr'>aliquis</span> <span class='ocrx_word' id='word_1_129' title='bbox 540 1954 813 2022; x_wconf 92' lang='lat' dir='ltr'>idoneus</span> <span class='ocrx_word' id='word_1_130' title='bbox 857 1959 920 2022; x_wconf 92' lang='lat' dir='ltr'>et</span> <span class='ocrx_word' id='word_1_131' title='bbox 955 1953 1159 2022; x_wconf 91' lang='lat' dir='ltr'>simul</span> <span class='ocrx_word' id='word_1_132' title='bbox 1209 1955 1429 2024; x_wconf 90' lang='lat' dir='ltr'>doctor</span> <span class='ocrx_word' id='word_1_133' title='bbox 1464 1955 1537 2022; x_wconf 89' lang='lat' dir='ltr'>in</span> <span class='ocrx_word' id='word_1_134' title='bbox 1577 1955 1924 2044; x_wconf 86' lang='lat' dir='ltr'>theologia,</span> <span class='ocrx_word' id='word_1_135' title='bbox 1971 1952 2050 2021; x_wconf 91' lang='lat' dir='ltr'>ad</span> <span class='ocrx_word' id='word_1_136' title='bbox 2094 1959 2386 2021; x_wconf 90' lang='lat' dir='ltr'>mentem</span> <span class='ocrx_word' id='word_1_137' title='bbox 2423 1951 2570 2023; x_wconf 92' lang='lat' dir='ltr'>Tri-</span> 
     </span>
     <span class='ocr_line' id='line_1_17' title="bbox 256 2056 2568 2150; baseline 0.001 -25"><span class='ocrx_word' id='word_1_138' title='bbox 256 2056 542 2137; x_wconf 88' lang='lat' dir='ltr'>dentini,</span> <span class='ocrx_word' id='word_1_139' title='bbox 589 2059 1120 2150; x_wconf 90' lang='lat' dir='ltr'>anteponendum</span> <span class='ocrx_word' id='word_1_140' title='bbox 1172 2083 1309 2129; x_wconf 92' lang='lat' dir='ltr'>esse</span> <span class='ocrx_word' id='word_1_141' title='bbox 1342 2068 1405 2128; x_wconf 90' lang='lat' dir='ltr'>et</span> <span class='ocrx_word' id='word_1_142' title='bbox 1440 2061 1984 2130; x_wconf 89' lang='lat' dir='ltr'>non-doctoribus</span> <span class='ocrx_word' id='word_1_143' title='bbox 2012 2067 2075 2127; x_wconf 91' lang='lat' dir='ltr'>et</span> <span class='ocrx_word' id='word_1_144' title='bbox 2102 2059 2472 2127; x_wconf 89' lang='lat' dir='ltr'>doctoribus</span> <span class='ocrx_word' id='word_1_145' title='bbox 2499 2059 2568 2127; x_wconf 90' lang='lat' dir='ltr'>in</span> 
     </span>
    </p>
   </div>
   <div class='ocr_carea' id='block_1_3' title="bbox 241 2183 2564 2358">
    <p class='ocr_par' dir='ltr' id='par_1_4' title="bbox 241 2183 2564 2358">
     <span class='ocr_line' id='line_1_18' title="bbox 241 2183 762 2251; baseline 0.008 -22"><span class='ocrx_word' id='word_1_146' title='bbox 241 2183 394 2251; x_wconf 85' lang='lat' dir='ltr'>Jure</span> <span class='ocrx_word' id='word_1_147' title='bbox 423 2186 762 2233; x_wconf 87' lang='lat' dir='ltr'>canon1c0.</span> 
     </span>
     <span class='ocr_line' id='line_1_19' title="bbox 342 2267 2564 2358; baseline -0 -22"><span class='ocrx_word' id='word_1_148' title='bbox 342 2267 421 2336; x_wconf 89' lang='lat' dir='ltr'>Si</span> <span class='ocrx_word' id='word_1_149' title='bbox 439 2290 599 2334; x_wconf 88' lang='lat' dir='ltr'>vero</span> <span class='ocrx_word' id='word_1_150' title='bbox 619 2269 977 2358; x_wconf 84' lang='lat' dir='ltr'>Episcopus</span> <span class='ocrx_word' id='word_1_151' title='bbox 1002 2271 1204 2357; x_wconf 86' lang='lat' dir='ltr'>eligat</span> <span class='ocrx_word' id='word_1_152' title='bbox 1230 2291 1401 2335; x_wconf 91' lang='lat' dir='ltr'>non-</span> <span class='ocrx_word' id='word_1_153' title='bbox 1412 2271 1770 2352; x_wconf 85' lang='lat' dir='ltr'>doctorem,</span> <span class='ocrx_word' id='word_1_154' title='bbox 1800 2269 2197 2358; x_wconf 76' lang='lat' dir='ltr'>caeteroquin</span> <span class='ocrx_word' id='word_1_155' title='bbox 2228 2268 2564 2352; x_wconf 90' lang='lat' dir='ltr'>idoneum,</span> 
     </span>
    </p>
   </div>
   <div class='ocr_carea' id='block_1_4' title="bbox 252 2366 2566 2759">
    <p class='ocr_par' dir='ltr' id='par_1_5' title="bbox 252 2366 2566 2759">
     <span class='ocr_line' id='line_1_20' title="bbox 252 2366 2566 2464; baseline 0 -22"><span class='ocrx_word' id='word_1_156' title='bbox 252 2377 385 2442; x_wconf 83' lang='lat' dir='ltr'>aut</span> <span class='ocrx_word' id='word_1_157' title='bbox 446 2372 780 2439; x_wconf 91' lang='lat' dir='ltr'>doctorem</span> <span class='ocrx_word' id='word_1_158' title='bbox 829 2374 896 2440; x_wconf 91' lang='lat' dir='ltr'>in</span> <span class='ocrx_word' id='word_1_159' title='bbox 937 2376 1090 2464; x_wconf 89' lang='lat' dir='ltr'>jure</span> <span class='ocrx_word' id='word_1_160' title='bbox 1145 2373 1481 2459; x_wconf 88' lang='lat' dir='ltr'>canonico,</span> <span class='ocrx_word' id='word_1_161' title='bbox 1547 2374 1771 2442; x_wconf 88' lang='lat' dir='ltr'>relicto</span> <span class='ocrx_word' id='word_1_162' title='bbox 1817 2366 2072 2442; x_wconf 79' lang='lat' dir='ltr'>docto&#39;re</span> <span class='ocrx_word' id='word_1_163' title='bbox 2123 2373 2194 2440; x_wconf 87' lang='lat' dir='ltr'>in</span> <span class='ocrx_word' id='word_1_164' title='bbox 2245 2372 2566 2463; x_wconf 88' lang='lat' dir='ltr'>theologia</span> 
     </span>
     <span class='ocr_line' id='line_1_21' title="bbox 253 2475 2554 2573; baseline 0.001 -28"><span class='ocrx_word' id='word_1_165' title='bbox 253 2475 462 2545; x_wconf 90' lang='lat' dir='ltr'>etiam</span> <span class='ocrx_word' id='word_1_166' title='bbox 514 2475 772 2558; x_wconf 89' lang='lat' dir='ltr'>idoneo,</span> <span class='ocrx_word' id='word_1_167' title='bbox 802 2477 1042 2546; x_wconf 85' lang='lat' dir='ltr'>valebit</span> <span class='ocrx_word' id='word_1_168' title='bbox 1091 2478 1336 2563; x_wconf 88' lang='lat' dir='ltr'>electi0‚</span> <span class='ocrx_word' id='word_1_169' title='bbox 1385 2486 1446 2549; x_wconf 91' lang='lat' dir='ltr'>et</span> <span class='ocrx_word' id='word_1_170' title='bbox 1487 2480 1673 2549; x_wconf 88' lang='lat' dir='ltr'>nulla</span> <span class='ocrx_word' id='word_1_171' title='bbox 1708 2503 1872 2573; x_wconf 93' lang='lat' dir='ltr'>opus</span> <span class='ocrx_word' id='word_1_172' title='bbox 1910 2480 2031 2549; x_wconf 91' lang='lat' dir='ltr'>erit</span> <span class='ocrx_word' id='word_1_173' title='bbox 2055 2479 2554 2572; x_wconf 89' lang='lat' dir='ltr'>dispensatione,</span> 
     </span>
     <span class='ocr_line' id='line_1_22' title="bbox 255 2586 2561 2679; baseline 0.001 -26"><span class='ocrx_word' id='word_1_174' title='bbox 255 2605 412 2653; x_wconf 90' lang='lat' dir='ltr'>cum</span> <span class='ocrx_word' id='word_1_175' title='bbox 457 2605 594 2651; x_wconf 92' lang='lat' dir='ltr'>non</span> <span class='ocrx_word' id='word_1_176' title='bbox 629 2586 883 2652; x_wconf 87' lang='lat' dir='ltr'>exsistat</span> <span class='ocrx_word' id='word_1_177' title='bbox 910 2586 1048 2653; x_wconf 91' lang='lat' dir='ltr'>ulla</span> <span class='ocrx_word' id='word_1_178' title='bbox 1080 2586 1150 2653; x_wconf 90' lang='lat' dir='ltr'>in</span> <span class='ocrx_word' id='word_1_179' title='bbox 1184 2588 1585 2655; x_wconf 90' lang='lat' dir='ltr'>contrarium</span> <span class='ocrx_word' id='word_1_180' title='bbox 1634 2587 1992 2679; x_wconf 89' lang='lat' dir='ltr'>dispositi0,</span> <span class='ocrx_word' id='word_1_181' title='bbox 2042 2610 2188 2678; x_wconf 84' lang='lat' dir='ltr'>quae</span> <span class='ocrx_word' id='word_1_182' title='bbox 2220 2588 2357 2655; x_wconf 91' lang='lat' dir='ltr'>vim</span> <span class='ocrx_word' id='word_1_183' title='bbox 2399 2587 2561 2675; x_wconf 90' lang='lat' dir='ltr'>legis</span> 
     </span>
     <span class='ocr_line' id='line_1_23' title="bbox 257 2690 927 2759; baseline 0.003 -2"><span class='ocrx_word' id='word_1_184' title='bbox 257 2690 643 2758; x_wconf 88' lang='lat' dir='ltr'>universalis</span> <span class='ocrx_word' id='word_1_185' title='bbox 676 2691 927 2759; x_wconf 89' lang='lat' dir='ltr'>habeat.</span> 
     </span>
    </p>
   </div>
   <div class='ocr_carea' id='block_1_5' title="bbox 1345 2870 1461 2947">
    <p class='ocr_par' dir='ltr' id='par_1_6' title="bbox 1345 2870 1461 2947">
     <span class='ocr_line' id='line_1_24' title="bbox 1345 2870 1461 2947; baseline 0 -16"><span class='ocrx_word' id='word_1_186' title='bbox 1345 2870 1461 2947; x_wconf 72' lang='lat' dir='ltr'>§e</span> 
     </span>
    </p>
   </div>
   <div class='ocr_carea' id='block_1_6' title="bbox 332 3032 2486 3177">
    <p class='ocr_par' dir='ltr' id='par_1_7' title="bbox 332 3032 2486 3177">
     <span class='ocr_line' id='line_1_25' title="bbox 332 3032 2486 3086; baseline 0 -15"><span class='ocrx_word' id='word_1_187' title='bbox 332 3032 586 3077; x_wconf 73' lang='lat' dir='ltr'>QUOMODO</span> <span class='ocrx_word' id='word_1_188' title='bbox 623 3033 930 3073; x_wconf 84' lang='lat' dir='ltr'>PROCEDERE</span> <span class='ocrx_word' id='word_1_189' title='bbox 967 3035 1143 3072; x_wconf 85' lang='lat' dir='ltr'>POSSIT</span> <span class='ocrx_word' id='word_1_190' title='bbox 1180 3034 1460 3072; x_wconf 84' lang='lat' dir='ltr'>EPISCOPUS</span> <span class='ocrx_word' id='word_1_191' title='bbox 1488 3034 1699 3072; x_wconf 79' lang='lat' dir='ltr'>CONTRA</span> <span class='ocrx_word' id='word_1_192' title='bbox 1727 3034 2040 3073; x_wconf 77' lang='lat' dir='ltr'>CANONICUM</span> <span class='ocrx_word' id='word_1_193' title='bbox 2081 3034 2486 3086; x_wconf 72' lang='lat' dir='ltr'>THEOLOGALEM,</span> 
     </span>
     <span class='ocr_line' id='line_1_26' title="bbox 842 3104 1984 3177; baseline -0.001 -6"><span class='ocrx_word' id='word_1_194' title='bbox 842 3131 936 3177; x_wconf 89' lang='lat' dir='ltr'>QUI</span> <span class='ocrx_word' id='word_1_195' title='bbox 972 3132 1137 3171; x_wconf 86' lang='lat' dir='ltr'>RECTE</span> <span class='ocrx_word' id='word_1_196' title='bbox 1172 3130 1384 3169; x_wconf 82' lang='lat' dir='ltr'>OFFICIO</span> <span class='ocrx_word' id='word_1_197' title='bbox 1419 3130 1519 3170; x_wconf 89' lang='lat' dir='ltr'>SUO</span> <span class='ocrx_word' id='word_1_198' title='bbox 1558 3104 1670 3170; x_wconf 66' lang='lat' dir='ltr'>ivoN</span> <span class='ocrx_word' id='word_1_199' title='bbox 1710 3131 1984 3171; x_wconf 85' lang='lat' dir='ltr'>FUNGITUR</span> 
     </span>
    </p>
   </div>
   <div class='ocr_carea' id='block_1_7' title="bbox 277 3287 2562 4447">
    <p class='ocr_par' dir='ltr' id='par_1_8' title="bbox 277 3287 2562 4447">
     <span class='ocr_line' id='line_1_27' title="bbox 361 3287 2556 3381; baseline 0.001 -26"><span class='ocrx_word' id='word_1_200' title='bbox 361 3316 396 3355; x_wconf 87' lang='lat'>«</span> <span class='ocrx_word' id='word_1_201' title='bbox 423 3290 829 3380; x_wconf 92' lang='lat' dir='ltr'>Theologum</span> <span class='ocrx_word' id='word_1_202' title='bbox 863 3289 1018 3359; x_wconf 86' lang='lat' dir='ltr'>alias</span> <span class='ocrx_word' id='word_1_203' title='bbox 1049 3289 1367 3358; x_wconf 91' lang='lat' dir='ltr'>idoneum</span> <span class='ocrx_word' id='word_1_204' title='bbox 1387 3288 1843 3357; x_wconf 87' lang='lat' dir='ltr'>detrectantem</span> <span class='ocrx_word' id='word_1_205' title='bbox 1868 3311 2114 3357; x_wconf 91' lang='lat' dir='ltr'>munus</span> <span class='ocrx_word' id='word_1_206' title='bbox 2148 3287 2269 3356; x_wconf 90' lang='lat' dir='ltr'>sibi</span> <span class='ocrx_word' id='word_1_207' title='bbox 2297 3290 2556 3381; x_wconf 85' lang='lat' dir='ltr'>injunc-</span> 
     </span>
     <span class='ocr_line' id='line_1_28' title="bbox 278 3395 2557 3489; baseline 0.002 -30"><span class='ocrx_word' id='word_1_208' title='bbox 278 3401 472 3464; x_wconf 91' lang='lat' dir='ltr'>«tum</span> <span class='ocrx_word' id='word_1_209' title='bbox 526 3399 818 3488; x_wconf 85' lang='lat' dir='ltr'>exsequi,</span> <span class='ocrx_word' id='word_1_210' title='bbox 875 3397 1234 3489; x_wconf 88' lang='lat' dir='ltr'>Episcopus</span> <span class='ocrx_word' id='word_1_211' title='bbox 1284 3395 1365 3465; x_wconf 90' lang='lat' dir='ltr'>ad</span> <span class='ocrx_word' id='word_1_212' title='bbox 1405 3397 1471 3464; x_wconf 93' lang='lat' dir='ltr'>id</span> <span class='ocrx_word' id='word_1_213' title='bbox 1502 3396 1884 3487; x_wconf 89' lang='lat' dir='ltr'>compellere</span> <span class='ocrx_word' id='word_1_214' title='bbox 1940 3401 2142 3487; x_wconf 88' lang='lat' dir='ltr'>potest</span> <span class='ocrx_word' id='word_1_215' title='bbox 2194 3398 2557 3465; x_wconf 88' lang='lat' dir='ltr'>commina-</span> 
     </span>
     <span class='ocr_line' id='line_1_29' title="bbox 278 3504 2553 3596; baseline 0.001 -29"><span class='ocrx_word' id='word_1_216' title='bbox 278 3504 617 3573; x_wconf 86' lang='lat' dir='ltr'>«tionibus</span> <span class='ocrx_word' id='word_1_217' title='bbox 671 3527 1040 3595; x_wconf 87' lang='lat' dir='ltr'>poenarum,</span> <span class='ocrx_word' id='word_1_218' title='bbox 1099 3505 1601 3596; x_wconf 88' lang='lat' dir='ltr'>sequestratione</span> <span class='ocrx_word' id='word_1_219' title='bbox 1673 3504 2030 3588; x_wconf 87' lang='lat' dir='ltr'>fructuum,</span> <span class='ocrx_word' id='word_1_220' title='bbox 2118 3504 2553 3593; x_wconf 89' lang='lat' dir='ltr'>assignatione</span> 
     </span>
     <span class='ocr_line' id='line_1_30' title="bbox 277 3608 2550 3699; baseline -0.001 -27"><span class='ocrx_word' id='word_1_221' title='bbox 277 3610 646 3699; x_wconf 88' lang='lat' dir='ltr'>«portionis</span> <span class='ocrx_word' id='word_1_222' title='bbox 687 3608 768 3676; x_wconf 90' lang='lat' dir='ltr'>de</span> <span class='ocrx_word' id='word_1_223' title='bbox 822 3611 1060 3678; x_wconf 89' lang='lat' dir='ltr'>eisdem</span> <span class='ocrx_word' id='word_1_224' title='bbox 1104 3610 1425 3679; x_wconf 78' lang='lat' dir='ltr'>fructibus</span> <span class='ocrx_word' id='word_1_225' title='bbox 1479 3610 1664 3678; x_wconf 87' lang='lat' dir='ltr'>alteri</span> <span class='ocrx_word' id='word_1_226' title='bbox 1713 3612 1829 3699; x_wconf 91' lang='lat' dir='ltr'>qui</span> <span class='ocrx_word' id='word_1_227' title='bbox 1883 3609 2089 3699; x_wconf 87' lang='lat' dir='ltr'>ipsius</span> <span class='ocrx_word' id='word_1_228' title='bbox 2142 3608 2286 3674; x_wconf 89' lang='lat' dir='ltr'>loco</span> <span class='ocrx_word' id='word_1_229' title='bbox 2335 3608 2550 3692; x_wconf 82' lang='lat' dir='ltr'>legat3</span> 
     </span>
     <span class='ocr_line' id='line_1_31' title="bbox 280 3713 2556 3802; baseline -0.004 -21"><span class='ocrx_word' id='word_1_230' title='bbox 280 3713 626 3800; x_wconf 89' lang='lat' dir='ltr'>«demum,</span> <span class='ocrx_word' id='word_1_231' title='bbox 674 3720 1001 3782; x_wconf 90' lang='lat' dir='ltr'>crescente</span> <span class='ocrx_word' id='word_1_232' title='bbox 1045 3715 1482 3799; x_wconf 81' lang='lat' dir='ltr'>contumacia,</span> <span class='ocrx_word' id='word_1_233' title='bbox 1518 3719 1725 3802; x_wconf 85' lang='lat' dir='ltr'>potest</span> <span class='ocrx_word' id='word_1_234' title='bbox 1760 3714 1838 3778; x_wconf 88' lang='lat' dir='ltr'>ad</span> <span class='ocrx_word' id='word_1_235' title='bbox 1876 3732 2209 3789; x_wconf 78' lang='lat' dir='ltr'>censuraS,</span> <span class='ocrx_word' id='word_1_236' title='bbox 2259 3730 2381 3773; x_wconf 92' lang='lat' dir='ltr'>nec</span> <span class='ocrx_word' id='word_1_237' title='bbox 2424 3728 2556 3774; x_wconf 93' lang='lat' dir='ltr'>non</span> 
     </span>
     <span class='ocr_line' id='line_1_32' title="bbox 281 3812 2556 3909; baseline -0 -27"><span class='ocrx_word' id='word_1_238' title='bbox 281 3820 762 3908; x_wconf 88' lang='lat' dir='ltr'>«privationem</span> <span class='ocrx_word' id='word_1_239' title='bbox 794 3820 1119 3899; x_wconf 89' lang='lat' dir='ltr'>devenire,</span> <span class='ocrx_word' id='word_1_240' title='bbox 1149 3819 1228 3885; x_wconf 87' lang='lat' dir='ltr'>ad</span> <span class='ocrx_word' id='word_1_241' title='bbox 1264 3818 1717 3909; x_wconf 64' lang='lat' dir='ltr'>praescriptum</span> <span class='ocrx_word' id='word_1_242' title='bbox 1760 3817 1925 3883; x_wconf 89' lang='lat' dir='ltr'>sacri</span> <span class='ocrx_word' id='word_1_243' title='bbox 1975 3812 2235 3881; x_wconf 89' lang='lat' dir='ltr'>concilii</span> <span class='ocrx_word' id='word_1_244' title='bbox 2278 3812 2556 3882; x_wconf 89' lang='lat' dir='ltr'>Triden-</span> 
     </span>
     <span class='ocr_line' id='line_1_33' title="bbox 277 3921 2555 4018; baseline 0 -28"><span class='ocrx_word' id='word_1_245' title='bbox 277 3927 452 3995; x_wconf 81' lang='lat' dir='ltr'>«tini</span> <span class='ocrx_word' id='word_1_246' title='bbox 478 3926 655 4017; x_wconf 90' lang='lat' dir='ltr'>(sess.</span> <span class='ocrx_word' id='word_1_247' title='bbox 686 3928 796 4008; x_wconf 75' lang='lat'>24,</span> <span class='ocrx_word' id='word_1_248' title='bbox 829 3952 888 3997; x_wconf 94' lang='lat' dir='ltr'>c.</span> <span class='ocrx_word' id='word_1_249' title='bbox 925 3929 1033 4011; x_wconf 80' lang='lat'>12,</span> <span class='ocrx_word' id='word_1_250' title='bbox 1064 3927 1158 3996; x_wconf 93' lang='lat' dir='ltr'>De</span> <span class='ocrx_word' id='word_1_251' title='bbox 1182 3924 1357 4018; x_wconf 86' lang='lat' dir='ltr'>ref..)</span> <span class='ocrx_word' id='word_1_252' title='bbox 1385 3924 1709 4014; x_wconf 87' lang='lat' dir='ltr'>Factaque</span> <span class='ocrx_word' id='word_1_253' title='bbox 1734 3922 2116 4015; x_wconf 87' lang='lat' dir='ltr'>privatione,</span> <span class='ocrx_word' id='word_1_254' title='bbox 2147 3921 2225 3989; x_wconf 87' lang='lat' dir='ltr'>ad</span> <span class='ocrx_word' id='word_1_255' title='bbox 2250 3921 2555 3990; x_wconf 89' lang='lat' dir='ltr'>corrobo-</span> 
     </span>
     <span class='ocr_line' id='line_1_34' title="bbox 280 4028 2549 4124; baseline 0.001 -28"><span class='ocrx_word' id='word_1_256' title='bbox 280 4032 614 4100; x_wconf 85' lang='lat' dir='ltr'>«randum</span> <span class='ocrx_word' id='word_1_257' title='bbox 668 4033 931 4103; x_wconf 91' lang='lat' dir='ltr'>concilii</span> <span class='ocrx_word' id='word_1_258' title='bbox 979 4035 1339 4122; x_wconf 83' lang='lat' dir='ltr'>decretum,</span> <span class='ocrx_word' id='word_1_259' title='bbox 1370 4033 1731 4124; x_wconf 90' lang='lat' dir='ltr'>Episcopus</span> <span class='ocrx_word' id='word_1_260' title='bbox 1790 4031 1928 4121; x_wconf 91' lang='lat' dir='ltr'>ipse</span> <span class='ocrx_word' id='word_1_261' title='bbox 1985 4028 2310 4097; x_wconf 85' lang='lat' dir='ltr'>declarare</span> <span class='ocrx_word' id='word_1_262' title='bbox 2360 4030 2549 4098; x_wconf 90' lang='lat' dir='ltr'>debet</span> 
     </span>
     <span class='ocr_line' id='line_1_35' title="bbox 282 4135 2550 4230; baseline -0.001 -26"><span class='ocrx_word' id='word_1_263' title='bbox 282 4137 528 4209; x_wconf 84' lang='lat' dir='ltr'>«talem</span> <span class='ocrx_word' id='word_1_264' title='bbox 586 4139 1007 4230; x_wconf 80' lang='lat' dir='ltr'>praebendam</span> <span class='ocrx_word' id='word_1_265' title='bbox 1075 4142 1206 4210; x_wconf 92' lang='lat' dir='ltr'>sive</span> <span class='ocrx_word' id='word_1_266' title='bbox 1267 4139 1730 4209; x_wconf 89' lang='lat' dir='ltr'>canonicatum</span> <span class='ocrx_word' id='word_1_267' title='bbox 1804 4135 2105 4204; x_wconf 85' lang='lat' dir='ltr'>affectum</span> <span class='ocrx_word' id='word_1_268' title='bbox 2175 4135 2367 4204; x_wconf 85' lang='lat' dir='ltr'>fuisse</span> <span class='ocrx_word' id='word_1_269' title='bbox 2431 4156 2550 4225; x_wconf 94' lang='lat' dir='ltr'>pro</span> 
     </span>
     <span class='ocr_line' id='line_1_36' title="bbox 280 4243 2548 4339; baseline -0.004 -27"><span class='ocrx_word' id='word_1_270' title='bbox 280 4266 310 4306; x_wconf 91' lang='lat'>«</span> <span class='ocrx_word' id='word_1_271' title='bbox 339 4265 537 4314; x_wconf 86' lang='lat' dir='ltr'>sacrae</span> <span class='ocrx_word' id='word_1_272' title='bbox 594 4245 946 4339; x_wconf 85' lang='lat' dir='ltr'>Scripturae</span> <span class='ocrx_word' id='word_1_273' title='bbox 1007 4249 1288 4335; x_wconf 90' lang='lat' dir='ltr'>lectore;</span> <span class='ocrx_word' id='word_1_274' title='bbox 1322 4253 1490 4316; x_wconf 76' lang='lat' dir='ltr'>‚tum</span> <span class='ocrx_word' id='word_1_275' title='bbox 1542 4246 1790 4337; x_wconf 90' lang='lat' dir='ltr'>deleget</span> <span class='ocrx_word' id='word_1_276' title='bbox 1843 4268 2189 4339; x_wconf 88' lang='lat' dir='ltr'>personam</span> <span class='ocrx_word' id='word_1_277' title='bbox 2247 4243 2548 4309; x_wconf 88' lang='lat' dir='ltr'>idoneam</span> 
     </span>
     <span class='ocr_line' id='line_1_37' title="bbox 283 4345 2562 4447; baseline -0.008 -28"><span class='ocrx_word' id='word_1_278' title='bbox 283 4373 313 4414; x_wconf 65' lang='lat' dir='ltr'>&lt;a</span> <span class='ocrx_word' id='word_1_279' title='bbox 341 4374 485 4441; x_wconf 81' lang='lat' dir='ltr'>quae</span> <span class='ocrx_word' id='word_1_280' title='bbox 519 4354 587 4423; x_wconf 91' lang='lat' dir='ltr'>id</span> <span class='ocrx_word' id='word_1_281' title='bbox 624 4358 919 4446; x_wconf 89' lang='lat' dir='ltr'>muneris</span> <span class='ocrx_word' id='word_1_282' title='bbox 959 4379 1076 4447; x_wconf 88' lang='lat' dir='ltr'>per</span> <span class='ocrx_word' id='word_1_283' title='bbox 1105 4358 1388 4447; x_wconf 85' lang='lat' dir='ltr'>seipsam</span> <span class='ocrx_word' id='word_1_284' title='bbox 1435 4356 1695 4445; x_wconf 86' lang='lat' dir='ltr'>exsequi</span> <span class='ocrx_word' id='word_1_285' title='bbox 1736 4355 1964 4437; x_wconf 86' lang='lat' dir='ltr'>valeat,</span> <span class='ocrx_word' id='word_1_286' title='bbox 1998 4358 2071 4420; x_wconf 92' lang='lat' dir='ltr'>ut</span> <span class='ocrx_word' id='word_1_287' title='bbox 2097 4345 2435 4417; x_wconf 89' lang='lat' dir='ltr'>resolvisse</span> <span class='ocrx_word' id='word_1_288' title='bbox 2465 4357 2562 4403; x_wconf 89' lang='lat' dir='ltr'>sa·</span> 
     </span>
    </p>
   </div>
  </div>
 </body>
</html>
