<?xml version="1.0" encoding="UTF-8"?>
<!DOCTYPE html PUBLIC "-//W3C//DTD XHTML 1.0 Transitional//EN"
    "http://www.w3.org/TR/xhtml1/DTD/xhtml1-transitional.dtd">
<html xmlns="http://www.w3.org/1999/xhtml" xml:lang="en" lang="en">
 <head>
  <title>
</title>
<meta http-equiv="Content-Type" content="text/html;charset=utf-8" />
  <meta name='ocr-system' content='tesseract 3.04.00' />
  <meta name='ocr-capabilities' content='ocr_page ocr_carea ocr_par ocr_line ocrx_word'/>
</head>
<body>
  <div class='ocr_page' id='page_1' title='image "./tractatusdecapi00bouigoog_0017.png"; bbox 0 0 2930 4982; ppageno 0'>
   <div class='ocr_carea' id='block_1_1' title="bbox 1707 168 2611 792">
    <p class='ocr_par' dir='ltr' id='par_1_1' title="bbox 1707 168 2611 792">
     <span class='ocr_line' id='line_1_1' title="bbox 1707 168 2611 792; baseline 0 0"><span class='ocrx_word' id='word_1_1' title='bbox 1707 168 2611 792; x_wconf 95' lang='lat' dir='ltr'><strong>  </strong></span> 
     </span>
    </p>
   </div>
   <div class='ocr_carea' id='block_1_2' title="bbox 929 728 1940 900">
    <p class='ocr_par' dir='ltr' id='par_1_2' title="bbox 929 728 1940 900">
     <span class='ocr_line' id='line_1_2' title="bbox 929 728 1940 900; baseline 0.002 -3"><span class='ocrx_word' id='word_1_2' title='bbox 929 793 1794 900; x_wconf 78' lang='lat' dir='ltr'><strong>TssAcTATUs</strong></span> <span class='ocrx_word' id='word_1_3' title='bbox 1933 728 1940 737; x_wconf 67' lang='grc'>’</span> 
     </span>
    </p>
   </div>
   <div class='ocr_carea' id='block_1_3' title="bbox 415 1059 2338 1306">
    <p class='ocr_par' dir='ltr' id='par_1_3' title="bbox 415 966 2384 1306">
     <span class='ocr_line' id='line_1_3' title="bbox 415 1059 2338 1306; baseline 0.002 -76"><span class='ocrx_word' id='word_1_4' title='bbox 415 1063 752 1231; x_wconf 84' lang='lat' dir='ltr'><strong>DE</strong></span> <span class='ocrx_word' id='word_1_5' title='bbox 911 1059 2338 1306; x_wconf 78' lang='lat' dir='ltr'><strong>CAPITULIS</strong></span> 
     </span>
    </p>
   </div>
   <div class='ocr_carea' id='block_1_4' title="bbox 1048 1741 1692 1831">
    <p class='ocr_par' dir='ltr' id='par_1_4' title="bbox 1048 1741 1692 1831">
     <span class='ocr_line' id='line_1_4' title="bbox 1048 1741 1692 1831; baseline 0.002 -2"><span class='ocrx_word' id='word_1_6' title='bbox 1048 1741 1692 1831; x_wconf 86' lang='lat' dir='ltr'>PROOEMIUM</span> 
     </span>
    </p>
   </div>
   <div class='ocr_carea' id='block_1_5' title="bbox 230 1998 2559 2830">
    <p class='ocr_par' dir='ltr' id='par_1_5' title="bbox 230 1998 2559 2830">
     <span class='ocr_line' id='line_1_5' title="bbox 328 1998 2533 2089; baseline -0 -23"><span class='ocrx_word' id='word_1_7' title='bbox 328 1998 418 2068; x_wconf 89' lang='lat' dir='ltr'><strong>De</strong></span> <span class='ocrx_word' id='word_1_8' title='bbox 448 1998 812 2067; x_wconf 88' lang='lat' dir='ltr'><strong>veneranda</strong></span> <span class='ocrx_word' id='word_1_9' title='bbox 848 1998 1297 2089; x_wconf 87' lang='lat' dir='ltr'><strong>Capitulorum</strong></span> <span class='ocrx_word' id='word_1_10' title='bbox 1340 1998 1743 2067; x_wconf 87' lang='lat' dir='ltr'><strong>institutione</strong></span> <span class='ocrx_word' id='word_1_11' title='bbox 1775 2003 1884 2089; x_wconf 88' lang='lat' dir='ltr'><strong>jus</strong></span> <span class='ocrx_word' id='word_1_12' title='bbox 1916 2001 2302 2068; x_wconf 86' lang='lat' dir='ltr'><strong>canonicum</strong></span> <span class='ocrx_word' id='word_1_13' title='bbox 2333 2019 2533 2089; x_wconf 86' lang='lat' dir='ltr'><strong>expo-</strong></span> 
     </span>
     <span class='ocr_line' id='line_1_6' title="bbox 239 2106 2536 2196; baseline 0 -24"><span class='ocrx_word' id='word_1_14' title='bbox 239 2106 501 2188; x_wconf 82' lang='lat' dir='ltr'><strong>situruS‚</strong></span> <span class='ocrx_word' id='word_1_15' title='bbox 537 2106 1001 2196; x_wconf 88' lang='lat' dir='ltr'><strong>praemonitum</strong></span> <span class='ocrx_word' id='word_1_16' title='bbox 1035 2107 1342 2173; x_wconf 89' lang='lat' dir='ltr'><strong>lectorem</strong></span> <span class='ocrx_word' id='word_1_17' title='bbox 1388 2106 1595 2192; x_wconf 83' lang='lat' dir='ltr'><strong>volui,</strong></span> <span class='ocrx_word' id='word_1_18' title='bbox 1629 2127 1760 2194; x_wconf 91' lang='lat' dir='ltr'><strong>quo</strong></span> <span class='ocrx_word' id='word_1_19' title='bbox 1802 2106 2030 2175; x_wconf 86' lang='lat' dir='ltr'><strong>ordino</strong></span> <span class='ocrx_word' id='word_1_20' title='bbox 2072 2111 2202 2174; x_wconf 80' lang='lat' dir='ltr'><strong>tota</strong></span> <span class='ocrx_word' id='word_1_21' title='bbox 2247 2107 2536 2173; x_wconf 85' lang='lat' dir='ltr'><strong>tractatio</strong></span> 
     </span>
     <span class='ocr_line' id='line_1_7' title="bbox 240 2210 2547 2300; baseline -0.001 -23"><span class='ocrx_word' id='word_1_22' title='bbox 240 2211 688 2279; x_wconf 86' lang='lat' dir='ltr'><strong>distribuenda</strong></span> <span class='ocrx_word' id='word_1_23' title='bbox 715 2213 852 2279; x_wconf 81' lang='lat' dir='ltr'><strong>visa</strong></span> <span class='ocrx_word' id='word_1_24' title='bbox 881 2213 985 2279; x_wconf 87' lang='lat' dir='ltr'><strong>sit.</strong></span> <span class='ocrx_word' id='word_1_25' title='bbox 1016 2211 1325 2300; x_wconf 84' lang='lat' dir='ltr'><strong>Quinque</strong></span> <span class='ocrx_word' id='word_1_26' title='bbox 1355 2212 1603 2278; x_wconf 89' lang='lat' dir='ltr'><strong>scilicet</strong></span> <span class='ocrx_word' id='word_1_27' title='bbox 1627 2211 1917 2299; x_wconf 86' lang='lat' dir='ltr'><strong>partibus</strong></span> <span class='ocrx_word' id='word_1_28' title='bbox 1946 2212 2248 2277; x_wconf 88' lang='lat' dir='ltr'><strong>universa</strong></span> <span class='ocrx_word' id='word_1_29' title='bbox 2275 2210 2547 2275; x_wconf 86' lang='lat' dir='ltr'><strong>materia</strong></span> 
     </span>
     <span class='ocr_line' id='line_1_8' title="bbox 231 2314 2547 2405; baseline -0.002 -21"><span class='ocrx_word' id='word_1_30' title='bbox 231 2316 713 2405; x_wconf 89' lang='lat' dir='ltr'><strong>comprehensa</strong></span> <span class='ocrx_word' id='word_1_31' title='bbox 737 2324 874 2383; x_wconf 84' lang='lat' dir='ltr'><strong>est:</strong></span> <span class='ocrx_word' id='word_1_32' title='bbox 907 2318 971 2381; x_wconf 87' lang='grc'><strong>10</strong></span> <span class='ocrx_word' id='word_1_33' title='bbox 1011 2316 1188 2396; x_wconf 84' lang='lat' dir='ltr'><em>Quid</em></span> <span class='ocrx_word' id='word_1_34' title='bbox 1207 2316 1291 2381; x_wconf 80' lang='lat' dir='ltr'><strong>sit</strong></span> <span class='ocrx_word' id='word_1_35' title='bbox 1324 2315 1726 2403; x_wconf 78' lang='lat' dir='ltr'><strong>Capitulum</strong></span> <span class='ocrx_word' id='word_1_36' title='bbox 1739 2336 1765 2394; x_wconf 90' lang='grc'><strong>,·</strong></span> <span class='ocrx_word' id='word_1_37' title='bbox 1802 2314 1918 2381; x_wconf 88' lang='lat' dir='ltr'><strong>ubi</strong></span> <span class='ocrx_word' id='word_1_38' title='bbox 1948 2314 2327 2404; x_wconf 84' lang='lat' dir='ltr'><strong>expenditur</strong></span> <span class='ocrx_word' id='word_1_39' title='bbox 2363 2314 2547 2381; x_wconf 87' lang='lat' dir='ltr'><strong>insti-</strong></span> 
     </span>
     <span class='ocr_line' id='line_1_9' title="bbox 230 2419 2551 2510; baseline -0.001 -21"><span class='ocrx_word' id='word_1_40' title='bbox 230 2419 519 2489; x_wconf 76' lang='lat' dir='ltr'>tutionis</span> <span class='ocrx_word' id='word_1_41' title='bbox 536 2419 738 2508; x_wconf 90' lang='lat' dir='ltr'><strong>hujus</strong></span> <span class='ocrx_word' id='word_1_42' title='bbox 763 2419 1055 2499; x_wconf 89' lang='lat' dir='ltr'><strong>historia,</strong></span> <span class='ocrx_word' id='word_1_43' title='bbox 1077 2421 1346 2487; x_wconf 80' lang='lat' dir='ltr'><strong>essentia</strong></span> <span class='ocrx_word' id='word_1_44' title='bbox 1371 2420 2070 2488; x_wconf 85' lang='lat' dir='ltr'><strong>etinternaordinatio.</strong></span> <span class='ocrx_word' id='word_1_45' title='bbox 2102 2420 2171 2487; x_wconf 78' lang='lat'><strong>2⁰</strong></span> <span class='ocrx_word' id='word_1_46' title='bbox 2195 2421 2249 2486; x_wconf 90' lang='lat' dir='ltr'><strong><em>A</em></strong></span> <span class='ocrx_word' id='word_1_47' title='bbox 2275 2442 2402 2510; x_wconf 82' lang='lat' dir='ltr'><strong>quo</strong></span> <span class='ocrx_word' id='word_1_48' title='bbox 2422 2420 2551 2503; x_wconf 83' lang='lat' dir='ltr'><strong>sit,</strong></span> 
     </span>
     <span class='ocr_line' id='line_1_10' title="bbox 230 2526 2559 2618; baseline 0 -23"><span class='ocrx_word' id='word_1_49' title='bbox 230 2531 370 2596; x_wconf 81' lang='lat' dir='ltr'><strong>sive</strong></span> <span class='ocrx_word' id='word_1_50' title='bbox 401 2527 482 2594; x_wconf 94' lang='lat' dir='ltr'><strong>de</strong></span> <span class='ocrx_word' id='word_1_51' title='bbox 504 2530 808 2616; x_wconf 80' lang='lat' dir='ltr'><strong>potestate</strong></span> <span class='ocrx_word' id='word_1_52' title='bbox 836 2526 915 2594; x_wconf 88' lang='lat' dir='ltr'><strong>ad</strong></span> <span class='ocrx_word' id='word_1_53' title='bbox 941 2549 1141 2615; x_wconf 86' lang='lat' dir='ltr'><strong>quam</strong></span> <span class='ocrx_word' id='word_1_54' title='bbox 1191 2528 1506 2617; x_wconf 82' lang='lat' dir='ltr'><strong>pertineat</strong></span> <span class='ocrx_word' id='word_1_55' title='bbox 1540 2528 1851 2618; x_wconf 84' lang='lat' dir='ltr'><strong>capitula,</strong></span> <span class='ocrx_word' id='word_1_56' title='bbox 1883 2528 2228 2617; x_wconf 85' lang='lat' dir='ltr'><strong>dignitates</strong></span> <span class='ocrx_word' id='word_1_57' title='bbox 2256 2534 2318 2594; x_wconf 91' lang='lat' dir='ltr'><strong>et</strong></span> <span class='ocrx_word' id='word_1_58' title='bbox 2346 2550 2508 2596; x_wconf 93' lang='lat' dir='ltr'><strong>cano</strong></span> <span class='ocrx_word' id='word_1_59' title='bbox 2533 2569 2559 2579; x_wconf 93' lang='lat'>-</span> 
     </span>
     <span class='ocr_line' id='line_1_11' title="bbox 235 2632 2549 2725; baseline 0.001 -26"><span class='ocrx_word' id='word_1_60' title='bbox 235 2635 496 2701; x_wconf 90' lang='lat' dir='ltr'><strong>nicatus</strong></span> <span class='ocrx_word' id='word_1_61' title='bbox 525 2632 797 2721; x_wconf 85' lang='lat' dir='ltr'><strong>erigere,</strong></span> <span class='ocrx_word' id='word_1_62' title='bbox 833 2638 947 2700; x_wconf 87' lang='lat' dir='ltr'><strong>aut</strong></span> <span class='ocrx_word' id='word_1_63' title='bbox 975 2633 1230 2701; x_wconf 91' lang='lat' dir='ltr'><strong>eosdem</strong></span> <span class='ocrx_word' id='word_1_64' title='bbox 1287 2635 1703 2703; x_wconf 87' lang='lat' dir='ltr'><strong>canonicatus</strong></span> <span class='ocrx_word' id='word_1_65' title='bbox 1734 2642 1796 2702; x_wconf 93' lang='lat' dir='ltr'><strong>et</strong></span> <span class='ocrx_word' id='word_1_66' title='bbox 1846 2634 2193 2725; x_wconf 80' lang='lat' dir='ltr'><strong>dignitates</strong></span> <span class='ocrx_word' id='word_1_67' title='bbox 2222 2635 2549 2703; x_wconf 82' lang='lat' dir='ltr'><strong>conferre.</strong></span> 
     </span>
     <span class='ocr_line' id='line_1_12' title="bbox 235 2736 2538 2830; baseline 0.001 -26"><span class='ocrx_word' id='word_1_68' title='bbox 235 2737 305 2805; x_wconf 86' lang='grc'><strong>30</strong></span> <span class='ocrx_word' id='word_1_69' title='bbox 369 2736 482 2804; x_wconf 88' lang='lat' dir='ltr'><strong>Ad</strong></span> <span class='ocrx_word' id='word_1_70' title='bbox 524 2737 690 2827; x_wconf 81' lang='lat' dir='ltr'><strong>quid</strong></span> <span class='ocrx_word' id='word_1_71' title='bbox 767 2749 1094 2822; x_wconf 79' lang='lat' dir='ltr'><strong>teneatur,</strong></span> <span class='ocrx_word' id='word_1_72' title='bbox 1144 2759 1255 2807; x_wconf 89' lang='lat' dir='ltr'><strong>seu</strong></span> <span class='ocrx_word' id='word_1_73' title='bbox 1308 2739 1386 2807; x_wconf 92' lang='lat' dir='ltr'><strong>de</strong></span> <span class='ocrx_word' id='word_1_74' title='bbox 1461 2739 1941 2810; x_wconf 88' lang='lat' dir='ltr'><strong>Canonicorum</strong></span> <span class='ocrx_word' id='word_1_75' title='bbox 2000 2741 2538 2830; x_wconf 84' lang='lat' dir='ltr'><strong>obligationibus.</strong></span> 
     </span>
    </p>
   </div>
   <div class='ocr_carea' id='block_1_6' title="bbox 236 2843 2547 3036">
    <p class='ocr_par' dir='ltr' id='par_1_6' title="bbox 236 2843 2547 3036">
     <span class='ocr_line' id='line_1_13' title="bbox 236 2843 2547 2938; baseline 0.001 -28"><span class='ocrx_word' id='word_1_76' title='bbox 236 2844 306 2909; x_wconf 80' lang='lat'><strong>4⁰</strong></span> <span class='ocrx_word' id='word_1_77' title='bbox 341 2843 524 2927; x_wconf 84' lang='lat' dir='ltr'><strong>Quid</strong></span> <span class='ocrx_word' id='word_1_78' title='bbox 556 2844 792 2935; x_wconf 47' lang='lat' dir='ltr'><strong>possin</strong></span> <span class='ocrx_word' id='word_1_79' title='bbox 825 2868 940 2914; x_wconf 92' lang='lat' dir='ltr'><strong>seu</strong></span> <span class='ocrx_word' id='word_1_80' title='bbox 974 2850 1053 2914; x_wconf 93' lang='lat' dir='ltr'><strong>de</strong></span> <span class='ocrx_word' id='word_1_81' title='bbox 1083 2846 1535 2937; x_wconf 89' lang='lat' dir='ltr'><strong>Capitulorum</strong></span> <span class='ocrx_word' id='word_1_82' title='bbox 1563 2848 2027 2938; x_wconf 82' lang='lat' dir='ltr'><strong>praerogativis.</strong></span> <span class='ocrx_word' id='word_1_83' title='bbox 2060 2847 2139 2915; x_wconf 91' lang='lat' dir='ltr'><strong>Et</strong></span> <span class='ocrx_word' id='word_1_84' title='bbox 2174 2849 2240 2914; x_wconf 83' lang='lat'><strong>5⁰</strong></span> <span class='ocrx_word' id='word_1_85' title='bbox 2276 2847 2547 2913; x_wconf 86' lang='lat' dir='ltr'><strong>tandem</strong></span> 
     </span>
     <span class='ocr_line' id='line_1_14' title="bbox 243 2947 1179 3036; baseline 0.004 -21"><span class='ocrx_word' id='word_1_86' title='bbox 243 2947 402 3036; x_wconf 83' lang='lat' dir='ltr'><strong>quid</strong></span> <span class='ocrx_word' id='word_1_87' title='bbox 426 2948 670 3017; x_wconf 84' lang='lat' dir='ltr'><strong>evadat</strong></span> <span class='ocrx_word' id='word_1_88' title='bbox 693 2948 838 3018; x_wconf 81' lang='lat' dir='ltr'><strong>sede</strong></span> <span class='ocrx_word' id='word_1_89' title='bbox 876 2964 1179 3020; x_wconf 82' lang='lat' dir='ltr'><strong>vacante.</strong></span> 
     </span>
    </p>
   </div>
   <div class='ocr_carea' id='block_1_7' title="bbox 1218 3189 1559 3202">
    <p class='ocr_par' dir='ltr' id='par_1_7' title="bbox 1218 3189 1559 3202">
     <span class='ocr_line' id='line_1_15' title="bbox 1218 3189 1559 3202; baseline 0.003 -4"><span class='ocrx_word' id='word_1_90' title='bbox 1218 3189 1559 3202; x_wconf 63' lang='lat'>———=———-</span> 
     </span>
    </p>
   </div>
   <div class='ocr_carea' id='block_1_8' title="bbox 1005 3486 1790 3579">
    <p class='ocr_par' dir='ltr' id='par_1_8' title="bbox 1005 3486 1790 3579">
     <span class='ocr_line' id='line_1_16' title="bbox 1005 3486 1790 3579; baseline 0.003 -3"><span class='ocrx_word' id='word_1_91' title='bbox 1005 3486 1313 3579; x_wconf 87' lang='lat' dir='ltr'><strong>PARS</strong></span> <span class='ocrx_word' id='word_1_92' title='bbox 1403 3487 1790 3579; x_wconf 80' lang='lat' dir='ltr'><strong>PRIMA</strong></span> 
     </span>
    </p>
   </div>
   <div class='ocr_carea' id='block_1_9' title="bbox 873 3724 1907 3782">
    <p class='ocr_par' dir='ltr' id='par_1_9' title="bbox 873 3724 1907 3782">
     <span class='ocr_line' id='line_1_17' title="bbox 873 3724 1907 3782; baseline 0.002 -9"><span class='ocrx_word' id='word_1_93' title='bbox 873 3724 1093 3782; x_wconf 88' lang='lat' dir='ltr'><strong>QUID</strong></span> <span class='ocrx_word' id='word_1_94' title='bbox 1173 3726 1308 3774; x_wconf 89' lang='lat' dir='ltr'><strong>SIT</strong></span> <span class='ocrx_word' id='word_1_95' title='bbox 1394 3728 1907 3777; x_wconf 83' lang='lat' dir='ltr'>CAPITULUM</span> 
     </span>
    </p>
   </div>
   <div class='ocr_carea' id='block_1_10' title="bbox 231 3931 2532 4347">
    <p class='ocr_par' dir='ltr' id='par_1_10' title="bbox 231 3931 2532 4347">
     <span class='ocr_line' id='line_1_18' title="bbox 332 3931 2528 4025; baseline 0.005 -27"><span class='ocrx_word' id='word_1_96' title='bbox 332 3931 402 3998; x_wconf 83' lang='lat' dir='ltr'><strong>{n</strong></span> <span class='ocrx_word' id='word_1_97' title='bbox 465 3939 745 4023; x_wconf 89' lang='lat' dir='ltr'><strong>quatuor</strong></span> <span class='ocrx_word' id='word_1_98' title='bbox 803 3936 1114 4003; x_wconf 83' lang='lat' dir='ltr'><strong>sectiones</strong></span> <span class='ocrx_word' id='word_1_99' title='bbox 1187 3932 1594 4025; x_wconf 87' lang='lat' dir='ltr'><strong>propositum</strong></span> <span class='ocrx_word' id='word_1_100' title='bbox 1640 3937 2103 4021; x_wconf 84' lang='lat' dir='ltr'><strong>argumentum</strong></span> <span class='ocrx_word' id='word_1_101' title='bbox 2146 3932 2453 4007; x_wconf 88' lang='lat' dir='ltr'><strong>dividitur</strong></span> <span class='ocrx_word' id='word_1_102' title='bbox 2513 3967 2528 4011; x_wconf 74' lang='grc' dir='ltr'>ε</span> 
     </span>
     <span class='ocr_line' id='line_1_19' title="bbox 240 4035 2529 4136; baseline 0.006 -35"><span class='ocrx_word' id='word_1_103' title='bbox 240 4035 311 4099; x_wconf 85' lang='grc'><strong>10</strong></span> <span class='ocrx_word' id='word_1_104' title='bbox 336 4036 510 4117; x_wconf 84' lang='lat' dir='ltr'><strong>Quid</strong></span> <span class='ocrx_word' id='word_1_105' title='bbox 547 4039 632 4106; x_wconf 91' lang='lat' dir='ltr'><strong>sit</strong></span> <span class='ocrx_word' id='word_1_106' title='bbox 674 4037 1053 4130; x_wconf 90' lang='lat' dir='ltr'><strong>Capitulum</strong></span> <span class='ocrx_word' id='word_1_107' title='bbox 1095 4040 1302 4128; x_wconf 89' lang='lat' dir='ltr'><strong>quoad</strong></span> <span class='ocrx_word' id='word_1_108' title='bbox 1359 4061 1476 4109; x_wconf 88' lang='lat' dir='ltr'><strong>sua</strong></span> <span class='ocrx_word' id='word_1_109' title='bbox 1534 4038 1947 4108; x_wconf 90' lang='lat' dir='ltr'><strong>constitutiva</strong></span> <span class='ocrx_word' id='word_1_110' title='bbox 1997 4038 2529 4136; x_wconf 83' lang='lat' dir='ltr'><strong>fundamentalia,</strong></span> 
     </span>
     <span class='ocr_line' id='line_1_20' title="bbox 234 4142 2531 4240; baseline 0.006 -31"><span class='ocrx_word' id='word_1_111' title='bbox 234 4161 359 4209; x_wconf 89' lang='lat' dir='ltr'><strong>seu</strong></span> <span class='ocrx_word' id='word_1_112' title='bbox 397 4142 476 4211; x_wconf 90' lang='lat' dir='ltr'><strong>de</strong></span> <span class='ocrx_word' id='word_1_113' title='bbox 502 4144 709 4236; x_wconf 90' lang='lat' dir='ltr'><strong>ipsius</strong></span> <span class='ocrx_word' id='word_1_114' title='bbox 731 4145 1021 4214; x_wconf 89' lang='lat' dir='ltr'><strong>essentia.</strong></span> <span class='ocrx_word' id='word_1_115' title='bbox 1051 4145 1118 4213; x_wconf 79' lang='lat'><strong>2⁰</strong></span> <span class='ocrx_word' id='word_1_116' title='bbox 1147 4145 1319 4227; x_wconf 86' lang='lat' dir='ltr'><strong>Quid</strong></span> <span class='ocrx_word' id='word_1_117' title='bbox 1351 4148 1433 4216; x_wconf 92' lang='lat' dir='ltr'><strong>sit</strong></span> <span class='ocrx_word' id='word_1_118' title='bbox 1461 4146 1677 4236; x_wconf 89' lang='lat' dir='ltr'><strong>quoad</strong></span> <span class='ocrx_word' id='word_1_119' title='bbox 1716 4144 1925 4215; x_wconf 86' lang='lat' dir='ltr'><strong>varias</strong></span> <span class='ocrx_word' id='word_1_120' title='bbox 1961 4168 2263 4238; x_wconf 85' lang='lat' dir='ltr'><strong>personas</strong></span> <span class='ocrx_word' id='word_1_121' title='bbox 2290 4154 2531 4240; x_wconf 91' lang='lat' dir='ltr'><strong>quibus</strong></span> 
     </span>
     <span class='ocr_line' id='line_1_21' title="bbox 231 4248 2532 4347; baseline 0.003 -32"><span class='ocrx_word' id='word_1_122' title='bbox 231 4248 541 4318; x_wconf 87' lang='lat' dir='ltr'><strong>coalescit</strong></span> <span class='ocrx_word' id='word_1_123' title='bbox 557 4250 660 4319; x_wconf 85' lang='lat' dir='ltr'><strong>vel</strong></span> <span class='ocrx_word' id='word_1_124' title='bbox 677 4273 823 4341; x_wconf 84' lang='lat' dir='ltr'><strong>quae</strong></span> <span class='ocrx_word' id='word_1_125' title='bbox 844 4253 968 4343; x_wconf 90' lang='lat' dir='ltr'><strong>ipsi</strong></span> <span class='ocrx_word' id='word_1_126' title='bbox 990 4258 1313 4342; x_wconf 85' lang='lat' dir='ltr'><strong>aptantur.</strong></span> <span class='ocrx_word' id='word_1_127' title='bbox 1344 4254 1410 4323; x_wconf 92' lang='grc'><strong>30</strong></span> <span class='ocrx_word' id='word_1_128' title='bbox 1431 4251 1601 4333; x_wconf 92' lang='lat' dir='ltr'><strong>Quid</strong></span> <span class='ocrx_word' id='word_1_129' title='bbox 1623 4253 1704 4322; x_wconf 92' lang='lat' dir='ltr'><strong>sit</strong></span> <span class='ocrx_word' id='word_1_130' title='bbox 1727 4254 1938 4344; x_wconf 85' lang='lat' dir='ltr'><strong>quoad</strong></span> <span class='ocrx_word' id='word_1_131' title='bbox 1963 4254 2136 4323; x_wconf 87' lang='lat' dir='ltr'><strong>bona</strong></span> <span class='ocrx_word' id='word_1_132' title='bbox 2154 4259 2532 4347; x_wconf 86' lang='lat' dir='ltr'><strong>temporalia</strong></span> 
     </span>
    </p>
   </div>
   <div class='ocr_carea' id='block_1_11' title="bbox 192 4356 2532 4550">
    <p class='ocr_par' dir='ltr' id='par_1_11' title="bbox 192 4356 2532 4550">
     <span class='ocr_line' id='line_1_22' title="bbox 192 4356 2532 4452; baseline -0.002 -28"><span class='ocrx_word' id='word_1_133' title='bbox 192 4367 199 4372; x_wconf 79' lang='grc'><strong><em>’</em></strong></span> <span class='ocrx_word' id='word_1_134' title='bbox 229 4356 483 4444; x_wconf 86' lang='lat' dir='ltr'><strong>quibus</strong></span> <span class='ocrx_word' id='word_1_135' title='bbox 510 4363 922 4429; x_wconf 85' lang='lat' dir='ltr'><strong>sustentatur.</strong></span> <span class='ocrx_word' id='word_1_136' title='bbox 954 4360 1024 4427; x_wconf 80' lang='grc'><strong>40</strong></span> <span class='ocrx_word' id='word_1_137' title='bbox 1043 4359 1214 4441; x_wconf 90' lang='lat' dir='ltr'><strong>Quid</strong></span> <span class='ocrx_word' id='word_1_138' title='bbox 1236 4361 1319 4429; x_wconf 90' lang='lat' dir='ltr'><strong>sit</strong></span> <span class='ocrx_word' id='word_1_139' title='bbox 1337 4359 1550 4450; x_wconf 86' lang='lat' dir='ltr'><strong>quoad</strong></span> <span class='ocrx_word' id='word_1_140' title='bbox 1567 4361 1779 4451; x_wconf 90' lang='lat' dir='ltr'><strong>legem</strong></span> <span class='ocrx_word' id='word_1_141' title='bbox 1805 4362 2014 4452; x_wconf 91' lang='lat' dir='ltr'><strong>ipsius</strong></span> <span class='ocrx_word' id='word_1_142' title='bbox 2034 4360 2532 4430; x_wconf 86' lang='lat' dir='ltr'><strong>coadunationes</strong></span> 
     </span>
     <span class='ocr_line' id='line_1_23' title="bbox 231 4464 1760 4550; baseline -0.005 -22"><span class='ocrx_word' id='word_1_143' title='bbox 231 4464 655 4550; x_wconf 86' lang='lat' dir='ltr'><strong>regulantem</strong></span> <span class='ocrx_word' id='word_1_144' title='bbox 668 4515 683 4532; x_wconf 89' lang='lat'><strong>.</strong></span> <span class='ocrx_word' id='word_1_145' title='bbox 1759 4499 1760 4502; x_wconf 55' lang='lat'><em>=</em></span> 
     </span>
    </p>
   </div>
   <div class='ocr_carea' id='block_1_12' title="bbox 2229 4581 2256 4623">
    <p class='ocr_par' dir='ltr' id='par_1_12' title="bbox 2229 4581 2256 4623">
     <span class='ocr_line' id='line_1_24' title="bbox 2229 4581 2256 4623; baseline 0 0"><span class='ocrx_word' id='word_1_146' title='bbox 2229 4581 2256 4623; x_wconf 81' lang='lat'><strong>1</strong></span> 
     </span>
    </p>
   </div>
  </div>
 </body>
</html>
