2930 4982
1216 364 1293 409 ΒΕ
1334 363 1669 411 culmus·
2550 358 2586 412 9

1389 581 1504 659 §3

304 737 503 776 FALSUM
545 736 639 775 EST
672 737 930 777 CAPITULA
969 737 1257 777 DERIVASSE
1286 738 1356 777 AB
1392 737 1763 778 INSTITUTIONE
1804 739 2128 793 MONASTICA,
2171 739 2268 779 SEU
2294 739 2592 779 CANONICOS

1004 842 1072 882 AB
1108 842 1339 882 Exonmo
1377 842 1566 882 FUISSE
1605 841 1889 881 noNAcnos

384 975 493 1045 Sic
528 976 800 1043 habetur
834 962 915 1043 ,in
959 977 1238 1045 concilio
1279 976 1743 1057 Caehutheusi‚
1802 975 1960 1043 anni
2003 974 2162 1060 787,
2210 998 2455 1045 canone
2499 978 2585 1044 4:

297 1081 614 1171 Episcopi
631 1079 941 1171 diliqenti
966 1103 1126 1149 cura
1138 1079 1573 1172 provideant,
1600 1104 1728 1172 quo
1757 1101 1982 1148 omnes
2013 1080 2337 1148 Canonici
2363 1082 2469 1149 sui
2488 1105 2594 1150 ca-

298 1187 525 1255 nonice
547 1187 811 1272 vivant,
839 1198 905 1254 et
934 1187 1248 1254 monachi
1264 1210 1378 1255 seu
1407 1186 1749 1254 monachoe
1774 1185 2178 1278 requlariter
2203 1208 2595 1255 conversen-

302 1303 412 1358 tur
444 1303 582 1359 tam
629 1292 701 1359 in
737 1292 891 1360 cibis
936 1314 1140 1384 quam
1168 1292 1238 1360 in
1264 1292 1590 1376 vestibus,·
1621 1304 1701 1359 ut
1725 1291 2031 1360 discretio
2060 1292 2152 1359 sit
2179 1290 2354 1361 inter
2385 1294 2596 1361 Cano·

300 1397 515 1464 nicum
551 1409 616 1464 et
655 1397 1055 1466 monachum
1080 1397 1189 1465 vel
1232 1398 1647 1466 saecularem.
1706 1397 1803 1466 lbi
1851 1403 2018 1466 certe
2047 1399 2190 1486 jam
2233 1398 2402 1467 clare
2445 1400 2596 1467 satis

298 1503 681 1592 exprimitur
702 1504 1056 1572 discrimen
1090 1502 1453 1573 Canonicos
1482 1505 1651 1573 inter
1678 1508 1740 1571 et
1768 1501 2144 1571 monachos,

382 1608 471 1675 At
496 1632 646 1678 vero
674 1611 742 1677 in
786 1612 1022 1679 celebri
1061 1610 1354 1680 Concilio
1391 1610 1932 1701 Aquisgranensi,
1967 1610 2126 1677 anni
2171 1608 2330 1690 816,
2380 1631 2479 1678 res
2512 1614 2598 1678 ita

299 1719 467 1803 patet
492 1720 565 1782 ut
588 1716 809 1784 nullus
834 1716 1243 1805 relinquatur
1279 1716 1505 1807 effugii
1532 1718 1738 1785 exitus
1772 1740 1787 1784 ε
1829 1716 2002 1800 Quia
2032 1713 2331 1783 evidenti
2371 1727 2599 1784 aucto-

297 1816 498 1885 ritate
529 1817 739 1910 liquet
769 1821 1158 1890 canonicam
1187 1821 1674 1891 institutionem
1710 1821 1962 1890 caeteris
1976 1832 2308 1912 proestare
2328 1820 2596 1889 institu-

301 1921 611 2008 tionibus,
654 1923 936 1994 debeant
985 1949 1232 1996 necesse
1264 1939 1360 1994 est
1388 1928 1506 2018 qui
1534 1928 1733 2020 hujus
1768 1927 2214 2019 professionis
2252 1939 2596 1994 censentur

298 2028 587 2113 nomine,
618 2051 986 2121 procurare
1023 2033 1318 2123 qualiter
1356 2032 1427 2099 in
1476 2034 1838 2124 semetipsis
1889 2030 2191 2099 eamdem
2234 2032 2596 2100 institutio-

295 2155 447 2200 nem
479 2133 625 2203 vita
658 2147 722 2202 et
766 2137 1066 2206 moribus
1095 2151 1499 2207 exornent...
1537 2140 1735 2222 Quia
1773 2137 1890 2227 qui
1926 2149 2137 2205 tanta>
2175 2138 2596 2206 auctoritatis

296 2238 723 2307 institutione
756 2242 1054 2332 pollent,
1101 2255 1164 2310 et
1204 2266 1270 2310 se
1319 2245 1475 2310 aliis
1523 2243 1889 2310 imitabiles
1933 2242 2227 2330 praebere
2275 2241 2590 2310 debent...

305 2346 740 2432 Quamquam
768 2346 947 2412 enim
982 2347 1352 2431 Canonicis,
1383 2347 1543 2437 quia
1573 2349 1644 2415 in
1666 2346 1870 2414 sacris
1895 2346 2255 2414 canonibus
2284 2347 2418 2415 illis
2439 2371 2599 2438 pro-

295 2447 592 2515 hibitum
615 2470 746 2517 non
777 2449 1046 2540 leqitur,
1081 2451 1279 2520 liceat
1303 2453 1521 2522 linum
1548 2452 1841 2534 induere,
1868 2451 2184 2521 carnibus
2211 2453 2401 2537 vesci,
2435 2452 2597 2523 dare

298 2566 361 2622 et
393 2554 712 2645 accipere,
728 2558 1049 2649 proprias
1075 2581 1176 2627 res
1199 2572 1264 2628 et
1290 2560 1607 2629 Ecclesia.²
1632 2582 1785 2628 cum
1810 2559 2201 2638 bumilitate
2232 2571 2296 2626 et
2309 2560 2591 2650 justitia

299 2659 536 2729 babere
560 2661 764 2752 (quod
784 2665 1123 2733 monacbis
1150 2666 1267 2756 qui
1284 2666 1646 2735 secundum
1677 2665 2056 2758 reqularem
2105 2664 2594 2732 institutionem

301 2765 651 2833 arctiorem
700 2768 950 2837 ducunt
992 2770 1208 2839 vitam
1223 2772 1499 2863 penitus
1527 2771 1889 2840 inhibitum
1932 2769 2080 2859 est),
2108 2791 2245 2835 non
2277 2781 2500 2835 tamen
2525 2769 2598 2837 in

302 2869 605 2939 cavendis
629 2874 807 2943 vitiis
821 2887 886 2942 et
910 2876 1380 2966 amplectendis
1406 2877 1769 2945 virtutibus
1796 2869 2023 2943 eorum
2045 2897 2088 2940 a
2117 2873 2598 2940 monachorum

305 2973 548 3045 distare
572 2976 757 3047 debet
780 2980 947 3050 vita.
972 2982 1285 3050 Monachi
1309 3004 1624 3071 namque,
1651 2980 1791 3069 qui,
1821 2974 2278 3066 evanqelicum
2298 3000 2593 3071 proeeep·

306 3090 442 3148 tum
468 3095 834 3174 sequentes,
876 3084 1280 3153 renuntiatis
1317 3084 1784 3177 patrimoniis,
1836 3105 1961 3151 sua
2014 3083 2276 3151 Christo
2326 3083 2589 3164 dedere,

306 3189 535 3257 merito
565 3189 644 3257 de
674 3190 1120 3282 facultatibus
1170 3192 1486 3261 Ecclesioe
1532 3190 1905 3276 subsidium
1949 3189 2292 3280 accipiunt
2333 3201 2595 3282 tempo-

305 3294 526 3363 rale...
557 3300 653 3364 Et
672 3298 827 3388 quia
851 3298 1024 3366 nibil
1045 3297 1175 3366 sibi
1190 3298 1548 3391 proprium
1571 3298 2005 3390 reliquerunt,
2040 3295 2474 3386 manifestum
2499 3312 2597 3366 est

307 3398 458 3468 illos
474 3403 946 3492 copiosioribus
959 3404 1275 3474 Ecclesiae
1292 3406 1672 3497 sumptibus
1690 3427 1897 3497 quam
1918 3403 2301 3482 Canonicos,
2330 3402 2594 3492 quisuis

306 3516 368 3571 et
392 3507 707 3576 Ecclesioe
746 3509 933 3577 licite
963 3521 1250 3578 utuntur
1289 3510 1506 3596 rebus,
1548 3509 1864 3601 indiqere.
1908 3508 2362 3598 Unusquisque
2391 3508 2592 3595 enim,

304 3622 381 3677 ut
408 3613 509 3679 ait
546 3615 937 3705 ApostoluS‚
963 3617 1320 3707 proprium
1362 3615 1616 3685 donum
1648 3617 1849 3684 habet
1888 3638 1931 3681 a
1972 3617 2132 3680 Deo.
2180 3610 2362 3700 (Can.
2405 3611 2586 3701 115.)

390 3718 575 3786 Solet
606 3720 679 3787 in
694 3718 1041 3811 plerisque
1069 3722 1556 3788 Canonicorum
1586 3716 2211 3810 eonqreqationibus
2232 3714 2594 3810 irrationa-

309 3821 521 3891 biliter
543 3826 702 3915 fieri
718 3838 795 3894 ut
822 3824 1140 3894 nonnulli
1166 3823 1386 3892 elerici
1409 3828 1527 3916 qui
1548 3822 1890 3892 et.divitiis
1911 3818 2238 3910 affluunt,
2270 3820 2589 3911 majorem

305 3930 555 3999 caeteris
599 3955 937 4000 annonam
977 3931 1364 4023 accipiant..
1381 3984 1397 3999 .
1444 3934 1866 4024 Quapropter
1908 3927 2245 3997 communi
2283 3950 2592 4001 consensu

304 4043 596 4105 statuere
628 4039 898 4129 placuit
942 4051 1019 4107 ut
1059 4038 1398 4129 accipiant
1436 4039 1699 4131 sinquli
1753 4036 2073 4107 Canonici
2110 4058 2240 4128 per
2294 4036 2595 4126 sinqulos

305 4135 432 4207 dies
460 4153 750 4230 quatuor
774 4143 987 4212 libras
1017 4143 1244 4212 vini...
1281 4144 1464 4235 (Can.
1511 4147 1623 4213 12}
1678 4153 1728 4208 sel
1818 4147 1992 4229 1⁵:23

391 4248 991 4338 Reprehensibilem
1027 4248 1218 4341 apud
1245 4249 1600 4342 plerosque
1636 4254 1991 4324 Canonieos
2035 4254 2381 4325 inolevisse
2420 4272 2594 4317 eom-

302 4351 594 4438 perimus
615 4378 830 4440 usum,
854 4379 926 4425 eo
959 4356 1138 4448 quod
1177 4356 1508 4447 cucullas,
1548 4361 1783 4451 quibus
1814 4361 1978 4430 solis
2027 4357 2370 4429 monacbis
2400 4365 2593 4418 uten-
