2930 4982
1124 350 1206 397 nn
1251 349 1582 397 mmnus.
2373 343 2491 396 εγω
2541 306 2553 317 ’

214 470 475 562 quidem
507 492 544 538 a
565 470 713 560 jure
743 472 1080 538 communi
1113 474 1487 559 potestatem
1516 468 1796 557 eligendi
1824 479 1888 538 et
1901 472 2338 541 constituendi
2359 497 2508 544 suc-

215 599 531 652 cessorem
560 576 848 644 suumin
872 576 1177 649 vicariatu
1195 574 1538 665 Episcopi3
1573 575 1681 642 sed
1713 577 2025 665 posterior
2043 578 2164 645 ¹ille
2197 580 2504 661 vicariam,

215 685 359 754 licet
404 705 442 751 a
487 682 772 773 capitulo
820 682 919 762 sit¹
946 682 1358 760 constitutus,
1407 687 1471 747 et
1517 682 1868 750 succedens
1914 685 2218 773 capitulo,
2263 709 2414 755 vere
2441 695 2507 756 et

215 790 473 881 proprie
501 788 948 884 nonlsuccedit
974 788 1044 856 in
1075 787 1338 856 alterius
1365 810 1572 877 quam
1611 787 1913 878 Episcopi
1947 790 2258 859 vicariatu
2287 815 2307 875 ;
2337 814 2502 862 fcum

215 902 588 987 potestatem
628 916 817 969 suam
853 916 966 965 seu
995 894 1377 964 vicariatum
1430 915 1627 964 suum
1673 894 1926 982 integre
1970 901 2032 962 et
2066 916 2200 962 non
2232 906 2515 989 ex-parte

213 1008 505 1078 teneatur
525 1001 891 1092 capitulum
907 1013 911 1072 1
919 1000 1077 1070 huic
1091 1002 1336 1084 vicario
1362 1001 1821 1070 transmittere.
1845 998 1979 1069 Nec
2002 1001 2257 1068 dicatur
2274 1025 2516 1092 quem-

212 1109 372 1177 libet
404 1131 540 1181 esse
579 1109 900 1180 vicarium
937 1108 1347 1200 illiusaquo
1383 1108 1805 1176 constituitur
1831 1107 2027 1175 :hoc
2051 1108 2233 1175 enim
2269 1108 2508 1178 salsum

213 1221 334 1286 est.
360 1215 443 1284 Et
467 1221 640 1306 patet
665 1218 735 1283 in
767 1237 919 1284 casu
937 1214 1156 1284 vicarii
1179 1214 1556 1304 capitularis
1581 1212 1875 1304 deputati
1893 1213 1977 1282 ab
1999 1214 2363 1303 antiquiore
2385 1217 2523 1283 suf-

214 1322 544 1411 fraganeo,
603 1321 865 1411 quando
939 1320 1303 1412 capitulum
1371 1319 1946 1410 metropolitanum
1993 1319 2295 1408 ⁴neglexit
2344 1322 2516 1390 intra

213 1428 509 1498 debitum
542 1435 800 1518 tempus
828 1429 1163 1519 deputare.
1205 1426 1380 1495 Talis
1419 1426 1603 1494 enim
1635 1426 1917 1500 vicarius
1953 1427 2527 1516 exercetjurisdic·

209 1539 461 1604 tionem
493 1537 893 1606 ordinariam
911 1534 1428 1624 metropolitani,
1463 1554 1594 1621 qua
1612 1532 2070 1622 jurisdictione
2098 1537 2271 1599 caret
2298 1533 2526 1601 suffra-

214 1662 490 1730 ganeus-3
538 1664 613 1710 ac
654 1641 928 1733 proinde
955 1640 1166 1710 dictus
1188 1639 1486 1708 *vicarius
1534 1658 1667 1707 non
1717 1638 1848 1727 agit
1886 1638 2055 1705 vices
2098 1637 2519 1728 suffraganei,

208 1748 319 1816 sed
353 1748 838 1838 metropolitani
866 1745 1182 1815 defuncti.

301 1852 436 1922 Nec
484 1855 738 1922 dicatur
776 1853 970 1922 etiam
992 1853 1135 1921 ideo
1177 1852 1395 1920 vocari
1420 1852 1742 1919 vicarium
1776 1850 2197 1939 capitularem
2240 1851 2391 1940 quia
2429 1859 2522 1919 est

210 1962 489 2034 vicarius
536 1962 832 2053 capituli.
879 1960 1049 2030 Nam
1089 1969 1161 2026 ut
1202 1961 1327 2027 hoc
1359 1958 1632 2025 nomine
1658 1962 1924 2026 vocetur
1949 1957 2185 2025 sufficit
2225 1958 2305 2023 ad
2337 1958 2525 2047 capi-

211 2070 426 2141 tulum
453 2072 776 2158 pertinere
808 2068 1012 2157 ipsius
1039 2066 1420 2136 electionem
1448 2088 1465 2133 :
1502 2064 1680 2132 unde
1717 2063 1838 2130 illa
1863 2063 2303 2131 denominatio
2341 2063 2515 2130 idem

211 2181 397 2241 sonat
422 2196 498 2240 ac
530 2173 820 2242 vicarius
851 2172 1176 2263 Episcopi
1198 2170 1535 2263 defuncti,
1575 2193 1618 2238 α
1642 2170 1947 2260 capitulo
1975 2170 2240 2238 electus.

301 2279 437 2366 Nec
476 2281 739 2348 tandem
786 2281 1044 2349 dicatur
1070 2264 1597 2369 jurisdictionem
1638 2278 2099 2367 episcopalem,
2145 2277 2314 2344 sicut
2354 2276 2518 2343 'sede

206 2385 429 2477 plena,
478 2386 566 2454 ita
612 2410 650 2454 a
686 2387 931 2454 fortiori
979 2386 1178 2453 electo
1230 2386 1470 2453 vicario
1513 2383 1881 2474 capitulari,
1929 2405 2187 2473 semper
2227 2382 2510 2449 residere

207 2515 409 2584 penes
457 2495 820 2584 capitulum
864 2493 935 2561 in
964 2493 1234 2576 habitu,
1268 2500 1341 2560 ut
1372 2499 1594 2561 tenent
1627 2490 1820 2559 multi
1848 2489 2159 2558 doctores.
2194 2488 2361 2557 Nam
2393 2488 2507 2556 hic

209 2601 429 2689 agitur
484 2601 562 2668 de
583 2600 1042 2691 jurisdictione
1080 2599 1683 2688 exercibili‚-qualis
1709 2597 1976 2689 rpropria
2006 2603 2142 2683 erat
2183 2595 2509 2686 Episcopo
2547 2666 2556 2671 *⁷

207 2707 520 2797 privative
547 2707 626 2774 ad
657 2707 1020 2797 capitulum
1060 2730 1077 2789 ;
1105 2710 1168 2773 et
1199 2707 1411 2796 quoad
1448 2705 1632 2772 illam
1668 2703 1951 2771 dicimus
1977 2701 2292 2770 vicarium
2325 2704 2506 2792 capi-

206 2815 486 2889 tularem
518 2835 652 2880 esse
679 2814 1001 2881 vicarium
1019 2813 1322 2904 Episcopi
1357 2818 1421 2879 et
1447 2818 1582 2899 non
1611 2809 1883 2900 capituli
1913 2834 1929 2894 ;
1960 2809 2136 2897 quod
2162 2816 2330 2874 recte
2349 2828 2505 2874 con-

204 2918 501 2988 cluditur
516 2940 601 2985 ex
632 2940 707 2986 eo
735 2920 910 3009 quod
944 2919 1315 3010 jurisdictio
1343 2918 1457 2985 illa
1485 2917 1846 2985 exercibilis
1874 2916 2131 3007 penitus
2161 2913 2499 3002 extingua-

203 3029 318 3091 tur
354 3023 426 3090 in
463 3024 745 3114 capitulo
773 3025 991 3094 statim
1015 3047 1090 3093 ac
1119 3025 1358 3092 electus
1390 3025 1516 3092 fuit
1537 3023 1822 3103 vicarius
1850 3021 2246 3112 capitularis.

297 3127 376 3195 11.
409 3127 923 3197 consectarium.
957 3127 1377 3205 - Vicarius
1418 3127 1796 3218 capitularis
1825 3147 1959 3194 non
1990 3130 2197 3217 potest
2225 3146 2263 3192 a
2309 3126 2499 3215 capi-

197 3233 346 3302 tulo
385 3237 697 3303 revocari.
741 3273 832 3295 .-
857 3234 1025 3304 Nam
1062 3235 1349 3303 revocari
1390 3239 1646 3321 tantum
1689 3238 1900 3324 posset
1926 3233 1991 3299 vi
2022 3231 2496 3320 jurisdictionis

198 3341 254 3408 E
262 3342 605 3433 piscopalis
640 3344 710 3417 in
751 3343 1036 3434 capitulo
1063 3342 1501 3428 remanentis3
1533 3341 1713 3430 atqui
1742 3340 1925 3407 nulla
1952 3343 2241 3405 remanet
2263 3337 2499 3427 hujus-

144 3440 153 3449 *
200 3449 386 3525 modi
407 3448 777 3537 jurisdictio
802 3450 870 3518 in
903 3450 1222 3540 capitu103
1258 3448 1580 3538 siquidem
1619 3469 1695 3514 ex
1730 3446 2269 3537 principiesupra
2298 3444 2497 3513 stabi-

201 3555 351 3636 lito,
382 3561 511 3622 tota
538 3561 603 3622 et
633 3577 763 3624 non
792 3577 868 3622 ex
895 3562 1077 3646 parte
1099 3556 1334 3623 transit
1356 3554 1433 3621 -in
1464 3554 1789 3621 vicarium
1818 3552 2268 3642 capitularem.

296 3660 588 3750 Objectio
616 3686 633 3729 :
667 3663 1073 3743 Contrarium
1103 3667 1454 3737 tenuerunt
1481 3661 1669 3728 mu1ti
1691 3666 1751 3727 et
1778 3658 2146 3749 gravissimi
2173 3657 2483 3739 doctores,

199 3772 266 3835 et
294 3768 642 3845 firmarunt
672 3770 898 3847 multoe
920 3769 1378 3836 declarationes
1397 3768 1992 3857 congregationum
2012 3763 2478 3831 Romanarum.

202 3911 294 3924 -
325 3873 668 3963 Distinguo
702 3899 718 3941 t
760 3875 943 3943 Olim
974 3877 1235 3964 quando
1266 3875 1534 3964 ‘vigebat
1561 3877 1673 3963 jus
1701 3872 2104 3941 contrarium
2138 3892 2250 3938 seu
2281 3869 2491 3959 potius

205 3982 531 4047 contraria
565 3981 1006 4072 interpretatio
1028 3982 1224 4071 juris,
1265 3981 1547 4050 concedo
1575 4005 1596 4048 ε
1640 4003 1716 4048 ex
1748 4001 1881 4068 quo
1916 3976 2491 4067 interpretatioilla

203 4086 508 4154 derelicta
537 4094 655 4172 est,
701 4094 765 4155 et
791 4087 860 4154 in
883 4089 999 4178 jus
1034 4089 1635 4178 transiitopposita,
1661 4108 1854 4174 nego.
1889 4083 2077 4152 Unde
2104 4081 2214 4169 hic
2233 4082 2489 4150 frustra

204 4198 689 4283 opponerentur
734 4197 1143 4280 auctoritates
1184 4202 1245 4262 et
1281 4195 1446 4262 facta
1475 4195 1773 4284 priorum
1807 4196 1951 4281 post
1976 4189 2298 4277 synodum
2338 4185 2487 4254 Tri-

204 4299 544 4368 dentinam
567 4308 958 4392 temporum.
985 4301 1153 4382 Quia
1177 4307 1359 4380 tunc,
1391 4305 1465 4366 ut
1493 4300 1803 4381 diximus,
1829 4296 2285 4363 admittebatur
2313 4313 2497 4381 posse

204 4426 242 4472 a
270 4407 559 4496 capitulo
596 4409 944 4476 transmitti
977 4432 1134 4477 cum
1164 4405 1676 4476 restrictionibus
1704 4403 2220 4493 jurisdictionem
2250 4394 2504 4464 vicario.
