2930 4982
1168 327 1249 373 DE
1295 326 1623 373 GAPmJLls.
2417 322 2453 376 Ξ
2464 323 2498 377 4
2511 322 2545 375 5

267 446 432 536 (sess.
475 444 564 512 25
604 447 703 512 De
744 446 868 536 ref.
922 467 981 513 c.
1029 445 1097 537 6)
1150 468 1168 515 2
1218 445 1563 538 Episcopis
1599 445 1841 538 ubique
1877 446 1932 515 is
1967 447 2183 516 lzonor
2208 448 2554 518 tribuatur

259 551 370 644 qui
406 573 633 619 eorum
675 549 1002 642 diqnitati
1031 575 1173 644 par
1223 567 1344 638 est,
1388 553 1605 643 eisque
1650 553 1723 621 in
1760 553 1954 622 choro
1998 566 2062 622 et
2099 554 2172 623 in
2218 555 2549 646 capitulo,

261 663 329 726 in
359 657 888 750 processionibus
927 670 992 726 et
1033 658 1193 728 aliis
1236 659 1500 727 actibus
1531 658 1835 751 publicis
1882 660 1970 728 sit
1993 660 2226 753 prima
2262 658 2441 729 sedes
2486 671 2553 728 et

259 765 434 834 locus
459 787 652 855 quem
680 764 814 857 ipsi
839 764 1180 856 eleqerint,
1213 777 1278 834 et
1294 766 1652 857 praecipua
1681 766 1985 835 omnium
2011 789 2232 836 rerum
2254 764 2552 857 aqenda-

253 893 400 941 rum
419 871 813 939 auctoritas.
842 870 1103 940 Primus
1127 879 1349 941 autem
1367 873 1553 941 locus
1580 872 1692 941 ille
1721 873 2185 943 existimandus
2211 879 2330 960 est,
2351 893 2552 963 quem

252 976 608 1067 Episcopus
640 977 927 1068 elegerit.
958 977 1125 1048 Vide
1162 984 1415 1071 patrem
1443 979 1822 1048 Andreucci
1855 980 1979 1071 (De
2009 978 2255 1048 tuenda
2281 1000 2553 1047 concor-

247 1081 381 1164 dia,
418 1089 599 1173 parte
634 1084 697 1168 1,
730 1106 872 1176 cap.
907 1085 1001 1176 2).

326 1189 406 1257 2⁰
442 1188 730 1257 Debetur
761 1190 1193 1260 baldachinus
1225 1213 1425 1274 unus,
1464 1197 1577 1260 aut
1603 1193 1797 1262 etiam
1824 1193 2070 1284 plures,
2107 1192 2161 1261 si
2191 1192 2555 1283 Episcopus

243 1294 513 1386 elegerit
559 1297 782 1388 plures
822 1298 995 1367 locos
1047 1298 1206 1366 fixos
1255 1299 1337 1367 ad
1386 1299 1597 1368 varias
1638 1300 2033 1369 functiones.
2089 1324 2126 1365 <a
2170 1298 2294 1367 Hic
2337 1303 2558 1367 autem

252 1426 280 1464 «
321 1403 551 1486 locuS,
598 1402 652 1469 si
696 1402 781 1470 sit
821 1403 894 1471 in
936 1404 1208 1472 ecclesia
1253 1405 1358 1471 vel
1396 1405 1555 1473 alibi
1595 1411 1871 1474 statutus
1913 1428 1988 1474 ac
2029 1406 2197 1473 fixus
2238 1404 2318 1473 ad
2369 1404 2553 1472 func-

251 1533 282 1573 «
323 1509 543 1576 tiones
585 1508 901 1599 publicaS,
948 1509 1263 1601 cooperiri
1307 1510 1498 1579 debet
1542 1511 1831 1581 umbella
1878 1533 1995 1580 seu
2037 1510 2452 1594 baldachino,
2494 1516 2556 1580 et

247 1641 279 1681 «
322 1614 607 1705 quidem
630 1614 880 1684 etiamsi
909 1617 1130 1708 plures
1163 1619 1233 1684 in
1261 1617 1493 1685 eadem
1527 1619 1801 1688 ecclesia
1829 1619 1907 1687 ad
1939 1618 2158 1710 plures
2188 1617 2556 1685 functiones

248 1749 280 1785 «
320 1721 552 1790 statuti
604 1722 736 1789 sint
780 1723 937 1805 loci;
1001 1723 1178 1791 unde
1226 1729 1433 1815 potest
1474 1725 1832 1817 Episcopus
1884 1726 1956 1793 in
2011 1746 2145 1793 una
2194 1724 2553 1814 eademque

249 1853 287 1893 «
331 1828 604 1897 ecclesia
640 1828 860 1918 plures
904 1829 1143 1898 habere
1179 1830 1336 1899 fixas
1372 1832 1552 1900 sedes
1584 1855 1738 1901 cum
1779 1831 2173 1904 baldachino
2213 1831 2293 1899 ad
2339 1830 2552 1899 varias

243 1961 277 1999 «
324 1935 781 2004 functiones.»
829 1935 1259 2025 (Andreucci‚
1288 1937 1435 2004 loco
1464 1937 1704 2028 citato.)

322 2041 434 2109 Ad
492 2040 797 2126 dubium,
852 2067 888 2107 ε(
928 2063 1012 2109 an
1059 2041 1381 2134 Episcopo
1423 2042 1819 2132 pontificalia
1865 2043 2185 2111 exercenti
2235 2046 2554 2133 competat

244 2174 276 2211 «
324 2148 606 2215 retentio
633 2147 1006 2217 baldachini
1035 2170 1149 2216 seu
1186 2146 1565 2216 umbraculi
1592 2149 1787 2216 etiam
1818 2148 2081 2237 pretiosi
2106 2154 2170 2216 et
2195 2147 2406 2216 aurati
2445 2168 2553 2216 su-

240 2279 277 2318 «
330 2274 460 2342 pra
504 2253 724 2320 sedem
768 2255 1045 2342 positam
1088 2276 1126 2320 a
1161 2254 1360 2320 latere
1383 2254 1625 2320 *altaris
1680 2253 1984 2342 majoris,
2026 2289 2117 2302 —
2157 2252 2225 2319 S.
2280 2252 2556 2320 Rituum

243 2383 286 2419 ι(
342 2355 775 2445 Congregatio
821 2357 1314 2425 rescribendum
1360 2358 1614 2425 censuit
1662 2383 1677 2425 ε
1738 2359 2150 2449 Competere,
2197 2355 2553 2426 dummodo

244 2483 283 2523 ε(
332 2479 474 2525 non
514 2457 605 2525 sit
631 2457 1007 2549 pretiosum
1046 2481 1166 2528 nec
1203 2470 1547 2528 auratum.
1585 2460 1675 2530 20
1719 2461 1979 2551 augusti
2023 2459 2217 2528 1729.
2255 2485 2289 2524 »
2327 2459 2547 2552 (Apud

229 2564 626 2649 Gardellini‚
656 2577 729 2632 n⁰
752 2566 955 2653 3837,
982 2567 1059 2635 ad
1081 2566 1183 2657 5.)

326 2670 619 2741 ΡυΝοτυΜ
630 2672 714 2740 ΙΙ.
732 2674 1224 2764 —Honorifica
1235 2673 1568 2765 Episcopo
1584 2673 1808 2742 debita
1824 2672 2052 2764 quoad
2062 2672 2540 2743 assistentiam.

230 2816 326 2830 —
348 2778 697 2867 Tanquam
727 2787 978 2849 certum
1009 2787 1202 2870 atque
1228 2787 1403 2849 extra
1431 2803 1696 2849 omnem
1724 2782 2232 2849 controversiam
2258 2778 2548 2867 positum

231 2886 606 2955 tenendum
637 2892 731 2952 est
774 2886 1175 2976 principium
1228 2887 1395 2954 illud
1424 2874 1752 2976 generale,
1799 2885 2136 2975 Episcopo
2161 2881 2549 2949 solemniter

236 2990 620 3061 celebranti
658 3000 781 3056 aut
819 2989 964 3057 alia
988 2990 1425 3080 pontificalia
1457 2989 1782 3057 exercenti
1824 2988 2048 3056 deberi
2095 2985 2548 3055 assistentiam

238 3124 280 3167 a
327 3096 779 3188 diqnitatibus
827 3108 893 3163 et
932 3095 1257 3186 capitulo.
1292 3095 1367 3161 Id
1413 3096 1552 3185 ipsa
1592 3095 1790 3183 exigit
1824 3095 2202 3185 episcopalis
2243 3094 2550 3185 praeemi-

241 3204 567 3271 nentiasset
591 3200 873 3290 dignitas
906 3225 922 3269 ε
957 3200 1027 3268 id
1055 3205 1363 3289 tanquam
1393 3200 1607 3288 legem
1637 3201 2035 3268 sanctissime
2081 3205 2207 3269 tota
2239 3203 2412 3266 retro
2432 3219 2547 3267 an-

241 3308 511 3396 tiquitas
548 3306 822 3376 servavit
860 3330 877 3373 2
925 3306 993 3374 id
1034 3327 1324 3396 expresse
1366 3305 1640 3374 sancivit
1682 3305 2063 3375 Tridentina
2113 3304 2419 3396 synodus,
2465 3304 2544 3374 de

241 3413 672 3504 dignitatibus
705 3416 769 3480 et
801 3412 1131 3480 canonicis
1157 3412 1246 3479 ita
1270 3414 1652 3504 praecipiens
1683 3438 1701 3483 ε
1737 3414 2332 3505 Compellantur...
2370 3411 2546 3502 Epi-

241 3541 439 3609 scopo
480 3516 843 3585 celebranti
893 3529 1014 3584 aut
1065 3517 1213 3584 alia
1257 3519 1686 3608 pontificalia
1742 3522 2072 3590 exercenti
2130 3520 2432 3588 assistere
2480 3529 2546 3584 et

246 3624 587 3692 inservire.
607 3622 815 3714 (Sess.
848 3623 961 3708 24,
992 3646 1050 3692 c.
1092 3623 1203 3709 12,
1227 3627 1324 3690 De
1354 3624 1508 3713 ref.)

337 3730 427 3799 At
453 3737 674 3817 ·vero,*
706 3733 899 3818 prout
952 3728 1016 3793 in
1073 3728 1360 3794 materiis
1412 3728 1820 3814 frequentem
1873 3727 2236 3818 praesertim
2296 3723 2545 3816 praxim

248 3834 745 3926 respicientibus
807 3831 1099 3901 accidere
1171 3830 1370 3913 solet,
1433 3831 1642 3898 multa
1697 3835 1871 3900 circa
1924 3832 2198 3900 modum
2261 3832 2544 3921 generali

251 3939 410 4008 huic
462 3938 841 4029 obligationi
884 3938 1081 4005 variis
1119 3936 1191 4004 in
1238 3935 1494 4005 casibus
1547 3938 1981 4007 satisfaciendi
2041 3944 2179 4007 orta
2218 3943 2369 4007 sunt
2419 3939 2545 4007 du·-

251 4047 396 4137 bia3
441 4068 590 4137 quae
635 4045 717 4114 ab
744 4043 1110 4136 Apostolica
1168 4042 1330 4113 Sede
1386 4046 1825 4114 mediantibus
1877 4046 2188 4114 Romanis
2231 4046 2543 4117 Cardina·

251 4152 423 4221 lium
484 4151 1095 4241 congregationibus
1167 4150 1433 4219 fuerunt
1497 4152 1768 4220 diversis
1832 4153 2236 4245 temporibus
2305 4154 2538 4223 decisa.

252 4256 308 4326 E
356 4258 598 4349 quibus
652 4256 977 4348 praecipua
1032 4257 1260 4328 saltem
1321 4261 1386 4324 et
1440 4257 1603 4332 scitu
1661 4260 1920 4330 utiliora
1977 4261 2087 4329 hic
2145 4270 2544 4329 commemo·

255 4366 455 4434 randa
482 4369 655 4435 sunt.
