2930 4982
1186 289 1270 336 DB
1313 289 1643 338 cAPrmus.
2440 285 2465 342 ἱ
2489 286 2562 341 17

364 408 646 478 lnvaluit
676 430 832 478 usus
874 410 945 477 in
987 410 1188 478 variis
1227 410 1408 495 locis,
1450 416 1524 477 ut
1567 431 1605 477 a
1650 409 1963 499 primaeva
1987 409 2098 478 illa
2121 415 2185 478 et
2226 415 2564 482 communi

281 516 448 586 vocis
486 515 860 606 primicerii
905 516 1433 608 interpretatione
1484 515 1909 583 recederetur.
1966 513 2229 584 Constat
2267 519 2450 586 enim
2496 521 2564 587 in

277 621 667 715 quibusdam
694 622 1175 691 cathedralibus
1204 629 1268 691 et
1301 621 1657 710 collegiatis
1685 622 1967 711 primam
1994 625 2135 712 post
2163 620 2562 715 Episcopum

279 726 653 817 dignitatem
681 747 815 795 esse
832 728 1317 819 primicerium,
1335 727 1534 817 idque
1556 727 1754 795 etiam
1774 748 1850 795 ex
1868 727 2200 818 pontificio
2217 730 2562 798 erectionis

279 832 651 925 diplomate,
708 839 780 901 ut
814 834 1034 903 videre
1067 841 1160 903 est
1190 835 1261 902 in
1308 834 1693 903 collectione
1739 834 2142 902 decisionum
2173 832 2432 904 Pittonii
2469 837 2562 928 (in

276 943 442 1006 tomo
474 960 594 1030 pro
622 938 968 1030 capitulis).
1012 940 1092 1008 Et
1114 940 1205 1008 sic
1230 940 1297 1007 in
1327 938 1537 1008 Gallia
1566 960 1778 1031 nuper
1808 939 1974 1007 dum
2022 944 2313 1027 ageretur
2336 940 2415 1008 de
2442 941 2562 1008 eri·

275 1045 480 1135 genda
532 1044 751 1113 Sancti
797 1044 1093 1135 Dionysii
1134 1067 1337 1137 prope
1383 1046 1662 1114 Parisios
1702 1045 2063 1134 collegiata,
2117 1044 2565 1135 praeficiendus

275 1159 402 1221 erat
412 1151 867 1243 primicerius.
896 1153 1098 1220 Porro
1115 1152 1187 1220 in
1214 1152 1338 1220 hoc
1366 1174 1519 1221 casu
1545 1175 1664 1221 vox
1688 1152 1801 1221 illa
1827 1152 2001 1220 idem
2031 1157 2217 1219 sonat
2241 1172 2318 1219 ac
2332 1152 2565 1242 prima

275 1256 593 1348 diqnitas,
624 1279 747 1326 nec
772 1258 967 1326 habet
984 1280 1249 1327 sensum
1276 1280 1474 1349 supra
1501 1281 1538 1327 a
1567 1258 1889 1327 Leurenio
1915 1257 2300 1349 expositum.

355 1363 441 1433 Π.
482 1389 518 1429 «
550 1363 688 1432 Sub
725 1365 993 1433 nomine
1024 1364 1335 1434 Sacristae
1360 1366 1541 1432 venit
1582 1365 1637 1433 is
1668 1365 1749 1432 ad
1780 1385 1981 1453 quem
2018 1364 2313 1454 proxime
2348 1384 2562 1432 sacro-

281 1492 312 1531 «
338 1490 492 1536 rum
541 1486 855 1559 vasorum¹
894 1475 958 1539 et
1004 1470 1292 1539 thesauri
1349 1468 1767 1538 ecclesiastici
1811 1488 1967 1538 cura
2015 1474 2274 1558 spectat.
2324 1468 2564 1548 Quem·

280 1575 693 1644 «admodum
722 1576 901 1644 enim
949 1576 1131 1646 locus
1171 1578 1240 1645 in
1265 1599 1400 1667 quo
1430 1598 1582 1645 vasa
1627 1582 1689 1644 et
1734 1582 1933 1645 vestes
1982 1597 2177 1645 sacrae
2214 1580 2566 1665 caeteraque

277 1707 313 1747 «
345 1682 631 1772 supellex
649 1683 728 1750 ad
759 1684 1197 1752 ministerium
1233 1684 1746 1753 ecclesiasticum
1792 1684 2091 1774 deputata
2142 1682 2476 1773 reponitur
2502 1689 2564 1751 et

279 1812 318 1851 a
340 1795 715 1873 asservatur,
744 1789 988 1856 dicitur
1018 1789 1434 1873 sacrarium;
1458 1790 1547 1856 ita
1574 1790 1689 1879 qui
1725 1789 1960 1856 harum
1987 1809 2210 1856 rerum
2245 1808 2471 1855 curam
2500 1794 2563 1854 et

280 1916 316 1956 α
340 1895 692 1963 custodiam
740 1893 959 1978 habet,
993 1896 1272 1963 sacrista
1318 1896 1700 1987 appellatur.
1736 1894 1991 1963 Dicitur
2017 1915 2279 1983 quoque
2325 1894 2394 1960 in
2442 1892 2560 1960 ali-

272 2022 306 2062 «
341 2000 580 2087 quibus
614 2000 899 2070 ecclesiis
927 2000 1409 2084 thesaurarius,
1453 2005 1518 2068 et
1553 1999 2000 2091 scevophylaoe
2043 1998 2555 2089 (Thomassinus,

271 2131 305 2169 α
337 2113 521 2196 parte
552 2129 600 2193 1,
633 2108 680 2174 l.
718 2129 790 2194 n,
820 2129 880 2175 c.
914 2106 1069 2195 103,
1096 2129 1167 2174 n.
1201 2105 1332 2198 11),
1357 2106 1423 2173 id
1453 2110 1570 2190 est,
1602 2127 1932 2174 sacrorum
1952 2126 2249 2173 vasorum
2273 2111 2507 2173 custos.

361 2237 399 2275 (ι
430 2211 674 2281 Munus
719 2213 902 2279 illius
954 2218 1048 2279 est
1085 2213 1342 2296 calices‘,
1396 2217 1685 2299 patenae,
1738 2210 2101 2291 thuribula,
2154 2211 2559 2293 candelabra,

263 2340 305 2381 <a
344 2315 608 2401 aliaque
657 2316 1039 2403 hujusmodi
1098 2317 1560 2398 instrumenta,
1615 2318 1996 2381 ornamenta
2059 2318 2121 2381 et
2189 2315 2564 2381 vestimenta

264 2444 303 2484 «
339 2417 796 2504 ecclesiastica,
820 2425 1157 2510 totumque
1177 2420 1461 2490 ecclesiae
1483 2420 1858 2487 thesaurum
1885 2418 2205 2488 custodire
2227 2417 2388 2512 (cap.
2411 2442 2559 2508 un„

267 2552 303 2593 «
333 2527 435 2592 De
455 2524 679 2614 officio
702 2526 1020 2606 sacristae,
1045 2530 1115 2595 in
1139 2528 1258 2596 lib.
1295 2551 1315 2595 1
1341 2525 1815 2618 decretalium).
1859 2525 2150 2617 Insuper,
2186 2532 2259 2594 ut
2285 2527 2559 2596 babetur

271 2657 306 2698 a
334 2631 405 2698 in
442 2630 650 2722 capite
682 2632 995 2702 Perlcctis
1022 2635 1189 2723 (dist.
1229 2634 1367 2725 25),
1399 2633 1481 2702 ad
1508 2636 1649 2723 ejus
1675 2632 1969 2702 officium
1995 2639 2236 2724 spectat
2268 2634 2555 2703 basilica-

273 2763 306 2802 α
329 2759 483 2806 rum
513 2745 577 2807 et
607 2742 849 2810 ostiarii
877 2743 1226 2829 ordinatio,
1258 2741 1515 2810 incensi
1552 2741 1960 2832 praeparatio,
2002 2763 2163 2807 cura
2185 2741 2556 2808 chrismatis

274 2868 307 2908 «
335 2845 750 2934 conficiendi,
795 2847 1156 2938 baptisterii
1199 2849 1570 2932 ordinandi,
1602 2848 1988 2940 praeparatio
2023 2847 2460 2913 luminarium
2488 2847 2558 2913 in

278 2976 311 3015 «
340 2955 621 3021 sacrario
663 2960 727 3021 et
766 2954 837 3022 in
868 2956 1223 3024 sacrificiis.
1255 2956 1375 3024 His
1405 2978 1541 3023 non
1582 2956 1874 3023 obstante
1913 2951 2089 3041 quod
2127 2951 2411 3018 custodia
2449 2972 2554 3018 ec-

277 3079 311 3119 «
338 3057 549 3127 clesiae
593 3066 655 3128 et
682 3062 985 3128 omnium
1027 3081 1330 3127 vasorum
1359 3062 1439 3127 ad
1474 3060 2011 3128 archidiaconum
2054 3061 2334 3147 spectare
2384 3058 2557 3125 dica-

282 3188 313 3228 «
339 3170 445 3233 tur
466 3166 552 3256 (c.
580 3165 694 3235 Ad
706 3166 866 3254 lzoec,
888 3166 983 3234 De
1003 3166 1113 3233 off.
1141 3165 1380 3256 arch).
1408 3165 1575 3234 Nam
1594 3167 1759 3235 bene
1783 3165 2121 3256 respondet
2143 3163 2555 3233 Reiffenstuel

282 3294 314 3333 ι(
338 3269 439 3360 (ad
482 3273 653 3340 titul.
686 3276 781 3341 De
807 3273 1028 3364 officio
1058 3271 1532 3357 archidiaconi,
1563 3293 1631 3338 n.
1677 3271 1770 3360 5),
1800 3270 1998 3359 quod,
2023 3272 2207 3360 juxta
2244 3275 2436 3360 caput
2468 3272 2554 3337 Ut

284 3377 528 3462 «sciat,
567 3382 662 3447 De
692 3380 997 3462 sacrista,
1033 3379 1494 3448 archidiacono
1523 3378 1783 3446 sacrista
1814 3376 2140 3466 subjectus
2185 3378 2312 3457 sit3
2367 3383 2582 3466 atque.

283 3484 497 3552 «adeo
547 3507 692 3575 quae
738 3487 1029 3578 proxime
1077 3487 1158 3553 ad
1201 3487 1482 3555 sacristae
1525 3484 1884 3554 custodiam
1924 3488 2237 3574 spectant,
2296 3505 2370 3551 eo
2414 3504 2556 3550 me-

284 3615 316 3655 «
341 3591 556 3659 diante
593 3592 961 3683 pertineant
984 3592 1294 3681 primario
1321 3598 1384 3660 et
1412 3590 1865 3682 principaliter
1892 3589 1972 3657 ad
2003 3590 2204 3679 ipsius
2229 3589 2551 3657 archidia-

287 3720 317 3760 α
342 3698 488 3765 coni
518 3719 771 3765 curam.
1962 3687 1971 3696 ’
2327 3717 2332 3722 ’

367 3832 402 3872 «
429 3804 742 3886 Quamvis
805 3802 1278 3872 Thomassinus
1327 3800 1493 3891 (loco
1535 3797 1750 3885 citato)
1801 3797 2032 3862 referat
2077 3802 2374 3866 sanctum
2416 3798 2559 3868 Eu-

291 3910 687 4000 «thymium
729 3911 1155 3978 vaticinatum
1202 3905 1543 3975 Anastasio
1592 3895 1967 3994 presbytero
2002 3901 2455 3993 chorepiscopo
2501 3910 2564 3972 et

290 4040 322 4079 «
353 4018 634 4086 sacristae
665 4014 948 4085 ecclesiae
986 4015 1430 4106 patriarchalis
1476 4008 2104 4098 Hierosolymitanae,
2137 4009 2271 4077 fore
2316 4017 2387 4077 ut
2432 4010 2565 4100 ipse

295 4144 325 4185 ε(
351 4122 739 4212 quandoque
784 4122 987 4212 hujus
1013 4121 1297 4190 ecclesiae
1343 4120 1607 4188 culmen
1654 4114 2134 4204 conscenderet,
2174 4123 2236 4185 et
2283 4118 2437 4183 hinc
2490 4119 2566 4185 li-

298 4251 330 4291 «
355 4251 548 4319 quere
578 4231 749 4299 dicat
775 4230 1004 4319 quanti
1035 4229 1340 4318 ponderis
1369 4231 1532 4293 esset
1576 4222 1686 4292 illa
1721 4223 2202 4315 scevophylacis
2251 4222 2558 4309 dignitaS,

295 4359 328 4398 α
353 4345 547 4426 utque
596 4336 982 4428 presbyteris
1027 4356 1279 4425 semper
1333 4332 1937 4415 commendaretur3
1992 4330 2435 4398 indubitatum
2473 4330 2567 4387 ta-
