2930 4982
395 303 437 359 ι
448 303 472 358 -1
489 300 526 358 8
1374 304 1715 353 moruus

404 456 439 496 α
467 429 815 517 Gregorius
845 425 1039 493 dicit:
1088 426 1502 491 Sanctorum
1540 424 1756 491 vitam
1783 424 2110 516 corriqere
2149 445 2287 492 non
2306 435 2679 515 praesumat

404 565 438 601 ι(
464 537 603 605 nisi
630 535 751 625 qui
775 532 855 601 de
876 556 943 600 se
968 533 1256 600 meliora
1276 533 1509 599 sentit.

488 669 522 707 α
551 639 930 731 Respondeo
953 637 1333 721 dicendum,
1368 637 1543 727 quod
1564 640 1876 707 correctio
1905 661 2051 729 quae
2073 645 2167 708 est
2202 645 2380 708 actus
2412 638 2678 728 justitiae

397 775 433 816 α
459 771 570 841 per
587 746 1046 816 coercitionem
1071 765 1278 835 poenoe
1302 766 1435 812 non
1455 745 1759 834 competit
1781 746 2038 813 subdito
2063 750 2359 835 respectu
2383 742 2674 825 Praelati;

396 883 434 919 α
456 856 567 925 sed
601 852 911 925 correctio
958 850 1267 938 fraterna,
1315 874 1462 941 quae
1508 858 1602 920 est
1648 858 1830 921 actus
1877 853 2231 940 charitatis,
2269 852 2550 942 pertinet
2595 853 2674 920 ad

394 987 431 1029 et
460 980 1001 1051 unumquemque
1025 963 1318 1048 respectu
1348 959 1697 1047 cujuslibet
1725 981 2013 1048 personae
2049 958 2128 1026 ad
2165 981 2364 1049 quam
2397 957 2675 1025 charita-

394 1091 432 1133 «
458 1076 590 1138 tem
618 1068 807 1137 debet
832 1066 1096 1148 habere,
1129 1065 1186 1132 si
1229 1064 1298 1131 in
1327 1085 1400 1132 ea
1440 1065 1690 1154 aliquid
1717 1065 2089 1155 corrigibile
2118 1065 2514 1132 inveniatur.
2549 1062 2671 1133 Sed

392 1200 428 1240 α
450 1176 606 1264 quia
645 1179 824 1242 actus
847 1172 1177 1241 virtuosus
1205 1170 1394 1238 debet
1426 1192 1562 1239 esse
1590 1171 1957 1240 moderatus
1987 1172 2217 1240 debitis
2241 1173 2669 1238 circumstan-

392 1304 425 1344 α
447 1282 580 1364 tiis,
611 1282 756 1349 ideo
778 1280 847 1346 in
874 1278 1272 1346 correctione
1306 1299 1438 1367 qua
1477 1278 1718 1346 subditi
1747 1280 2087 1368 corrigunt
2116 1278 2443 1361 Praelatos,
2482 1276 2665 1346 debet

388 1410 424 1449 (ι
445 1387 680 1456 modus
708 1405 1040 1475 congruus
1058 1382 1375 1466 adhiberi,
1403 1389 1481 1450 ut
1506 1383 1751 1471 scilicet
1780 1405 1910 1452 non
1930 1405 2084 1451 cum
2110 1383 2433 1474 protervia
2465 1388 2528 1450 et
2549 1383 2669 1450 du-

389 1516 425 1557 «
449 1492 624 1580 ritia,
655 1492 763 1559 sed
809 1511 964 1559 cum
998 1488 1495 1556 mansuetudine
1527 1494 1590 1555 et
1623 1489 1981 1556 reverentia
2016 1487 2443 1576 corrigantur.
2481 1485 2668 1555 Unde

385 1623 420 1661 ε(
446 1598 793 1688 Apostolus
814 1596 997 1678 dicit,
1041 1595 1364 1663 seniorem
1392 1617 1478 1661 ne
1504 1593 1974 1684 increpaveri3‚
2005 1593 2121 1662 sed
2143 1594 2403 1661 obsecra
2433 1604 2513 1658 ut
2522 1615 2663 1681 pa-

381 1728 418 1770 «
449 1716 638 1772 trem.
670 1704 775 1771 Ad
800 1704 1093 1792 primum
1123 1723 1275 1791 ergo
1300 1701 1652 1768 dicendum
1683 1702 1857 1789 quod
1894 1709 2053 1768 tunc
2084 1700 2391 1770 Praelatus
2413 1699 2660 1767 inordi-

381 1835 415 1873 «
443 1818 588 1878 nate
620 1809 872 1876 videtur
907 1806 1114 1895 tangi,
1160 1806 1422 1896 quando
1462 1807 1888 1875 irreverenter
1912 1808 2380 1897 objurgatur...
2421 1805 2522 1873 Ad
2551 1825 2662 1873 se-

379 1942 415 1983 «
443 1917 763 1995 cundum,
818 1915 994 2004 quod
1044 1914 1116 1981 iu
1168 1912 1398 1980 faciem
1447 1917 1737 1982 resistere
1788 1937 2004 1982 coram
2052 1913 2364 1981 omnibus
2416 1913 2661 1981 excedit

376 2048 411 2088 α
439 2024 711 2091 modum
740 2024 1035 2090 fraternae
1061 2021 1558 2088 correctionis...
1588 2019 1937 2089 Sciendum
1966 2026 2187 2088 tamen
2218 2020 2516 2109 estquod
2540 2019 2650 2088 ubi

373 2131 813 2199 «immineret
856 2128 1226 2220 periculum
1272 2127 1447 2212 fidei,
1496 2127 1692 2194 etiam
1723 2127 1985 2217 publice
2035 2131 2247 2194 essent
2309 2125 2568 2195 Praelati
2617 2148 2654 2194 a

370 2261 405 2301 ι(
433 2237 709 2305 subditis
731 2235 1068 2325 arguendi.
1084 2285 1131 2302 ..
1159 2233 1261 2301 Ad
1287 2234 1550 2300 tertium
1577 2232 1955 2327 dicendum,
1979 2233 2152 2322 quod
2173 2224 2566 2322 praesumere
2589 2255 2653 2301 se

368 2367 403 2406 α
430 2363 567 2409 esse
589 2340 970 2431 simpliciter
998 2339 1332 2406 meliorem
1359 2361 1560 2428 quam
1586 2341 1667 2406 sit
1691 2338 2024 2426 Praelatus,
2046 2339 2302 2405 videtur
2331 2360 2468 2406 esse
2490 2361 2653 2430 prae-

364 2470 399 2511 ι(
426 2453 821 2536 sumptuosae
851 2446 1204 2536 superbiae3
1242 2446 1353 2513 sed
1395 2447 1713 2517 aestimarc
1741 2467 1808 2515 se
1837 2446 2174 2516 'meliorem
2211 2452 2536 2534 quantum
2570 2447 2653 2520 ad

363 2551 666 2639 «aliquid
689 2573 824 2617 non
856 2559 951 2617 est
979 2551 1535 2641 praesumptionis,
1562 2552 1716 2642 quia
1743 2553 1966 2621 nullus
1994 2557 2087 2620 est
2116 2554 2185 2619 in
2220 2552 2336 2618 hac
2371 2552 2491 2618 vita
2520 2551 2645 2639 qui

363 2682 396 2721 (ι
422 2677 558 2723 non
587 2655 819 2723 haheat
855 2655 1140 2743 aliquem
1185 2655 1532 2723 defectum.
1579 2657 1661 2725 Et
1696 2658 1892 2725 etiam
1937 2655 2463 2727 considerandum
2501 2661 2632 2741 est,

361 2788 397 2829 «
422 2763 599 2853 quod
640 2783 793 2830 cum
816 2761 1052 2850 aliquis
1080 2760 1428 2829 Praelatum
1468 2764 1796 2831 caritative
1825 2766 2153 2849 admonet,
2199 2784 2327 2831 non
2364 2768 2641 2853 propter

358 2896 394 2935 α
418 2870 543 2938 hoc
584 2892 649 2937 se
699 2870 1012 2958 majorem
1059 2869 1402 2953 existimat,
1455 2871 1567 2938 sed
1614 2872 1936 2940 auxilium
1989 2874 2364 2963 impartitur
2413 2872 2473 2939 ei
2522 2873 2641 2960 qui

357 3000 389 3038 α
413 2988 671 3065 quanto
702 2977 779 3043 in
809 2977 947 3044 loeo
975 2975 1337 3067 superiori,
1370 2989 1561 3045 tanto
1589 2978 1663 3045 in
1680 2979 1986 3069 periculo
2016 2978 2266 3069 majori
2300 2989 2633 3061 versatur,

356 3107 390 3146 ι(
415 3088 486 3149 ut
511 3083 919 3171 Augustinus
945 3082 1101 3149 dicit
1123 3083 1193 3149 in
1219 3081 1490 3171 Regula.
1514 3107 1550 3149 »

433 3188 654 3256 Castro
679 3188 871 3257 Palao
900 3190 995 3255 De
1023 3188 1376 3275 charitate,
1401 3195 1586 3257 tract.
1615 3191 1683 3277 6,
1716 3191 2062 3281 disputatio
2093 3190 2168 3260 3:
2216 3190 2509 3281 «Duplex
2537 3196 2627 3259 est

350 3317 385 3355 «
412 3295 745 3361 correctio.
788 3293 938 3361 Alia
968 3301 1063 3361 est
1101 3296 1408 3361 correctio
1449 3294 1756 3379 fraterna,
1802 3297 1928 3364 alia
1957 3296 2268 3385 juridica.
2306 3296 2627 3364 Correctio

347 3396 690 3464 «fraterna
732 3403 850 3483 est,
896 3420 1022 3489 qua
1061 3399 1273 3487 primo
1309 3403 1371 3465 et
1412 3422 1528 3489 per
1575 3421 1640 3468 se
1681 3401 1965 3469 intendis
2003 3402 2255 3469 bonum
2297 3402 2618 3490 proximi:

343 3526 379 3567 ι(
406 3504 716 3571 correctio
743 3525 894 3572 vero
934 3504 1244 3593 juridica,
1282 3527 1412 3594 qua
1452 3512 1701 3596 spectas
1741 3508 1988 3575 bonum
2025 3506 2305 3574 aliorum
2349 3508 2469 3597 qui
2510 3529 2618 3599 per

344 3634 380 3675 α
407 3615 744 3701 peccatum
790 3612 990 3677 unius
1033 3611 1573 3695 scandalizantur,
1625 3619 1687 3679 et
1735 3613 1987 3681 bonum
2037 3634 2393 3681 commune
2446 3612 2616 3703 quod

340 3717 646 3787 «turbari
670 3719 989 3807 cujusque
1018 3722 1279 3807 peccato
1303 3718 1491 3786 solet:
1526 3720 1796 3808 ideoque
1824 3721 1962 3789 haec
1991 3722 2298 3788 correctio
2326 3721 2408 3788 ad
2430 3720 2617 3811 justi-

338 3845 374 3884 «
398 3824 558 3890 tiam
584 3824 1044 3892 vindicativam
1071 3829 1330 3915 spectat.
1357 3822 1685 3894 Correctio
1722 3826 2004 3893 fraterna
2026 3824 2307 3895 exerceri
2343 3833 2549 3917 potest
2574 3848 2609 3895 a

334 3951 370 3989 α
399 3929 539 4015 pari
562 3929 632 3996 in
661 3952 907 4020 parem,
940 3934 1004 3996 et
1031 3929 1113 3997 ab
1138 3929 1443 3998 inferiore
1473 3932 1543 3998 in
1570 3933 1995 4021 superiorem,
2022 3938 2147 4000 eta
2178 3935 2513 4023 superiore
2540 3936 2606 4001 in

332 4054 366 4093 «
396 4029 767 4103 inferiorem
790 4062 806 4121 3
831 4036 988 4125 quia
1006 4036 1086 4103 ad
1105 4035 1281 4104 illius
1309 4038 1689 4106 exercitium
1715 4039 1897 4107 nulla
1921 4038 2279 4128 requiritur
2294 4041 2605 4128 jurisdic-

333 4162 366 4200 (ι
392 4135 503 4203 tio.
540 4138 628 4203 At
660 4141 995 4227 judicialis
1022 4145 1332 4212 correctio
1357 4165 1489 4212 non
1525 4149 1730 4236 potest
1765 4168 1900 4213 esse
1928 4146 2011 4213 ab
2035 4145 2163 4213 alio
2191 4168 2395 4235 quam
2428 4170 2466 4214 a
2492 4169 2602 4216 su·

329 4268 363 4307 «
392 4241 639 4333 periore
688 4248 1061 4332 potestatem
1094 4250 1566 4337 jurisdictionis
1606 4250 1882 4317 habente
1914 4248 2257 4340 (punctum
2300 4251 2365 4338 1,
2400 4275 2469 4320 n.
2502 4252 2593 4340 2).

326 4374 362 4415 α
386 4388 478 4401 -
503 4347 661 4430 Quae
692 4368 980 4439 personae
1003 4356 1341 4422 teneantur
1378 4356 1701 4444 corrigere
1732 4361 1794 4423 et
1819 4379 1966 4447 quae
1994 4358 2123 4425 sint
2150 4357 2601 4448 corrigendae‘?
