<?xml version="1.0" encoding="UTF-8"?>
<!DOCTYPE html PUBLIC "-//W3C//DTD XHTML 1.0 Transitional//EN"
    "http://www.w3.org/TR/xhtml1/DTD/xhtml1-transitional.dtd">
<html xmlns="http://www.w3.org/1999/xhtml" xml:lang="en" lang="en">
 <head>
  <title>
</title>
<meta http-equiv="Content-Type" content="text/html;charset=utf-8" />
  <meta name='ocr-system' content='tesseract 3.04.00' />
  <meta name='ocr-capabilities' content='ocr_page ocr_carea ocr_par ocr_line ocrx_word'/>
</head>
<body>
  <div class='ocr_page' id='page_1' title='image "./tractatusdecapi00bouigoog_0369.png"; bbox 0 0 2930 4982; ppageno 0'>
   <div class='ocr_carea' id='block_1_1' title="bbox 1136 315 2513 373">
    <p class='ocr_par' dir='ltr' id='par_1_1' title="bbox 1136 315 2513 373">
     <span class='ocr_line' id='line_1_1' title="bbox 1136 315 2513 373; baseline 0.001 -2"><span class='ocrx_word' id='word_1_1' title='bbox 1136 326 1214 371; x_wconf 72' lang='lat' dir='ltr'><strong>nn</strong></span> <span class='ocrx_word' id='word_1_2' title='bbox 1255 323 1582 371; x_wconf 53' lang='lat' dir='ltr'><strong>errimus.</strong></span> <span class='ocrx_word' id='word_1_3' title='bbox 2388 315 2513 373; x_wconf 89' lang='grc'><strong>333</strong></span> 
     </span>
    </p>
   </div>
   <div class='ocr_carea' id='block_1_2' title="bbox 213 440 2522 4030">
    <p class='ocr_par' dir='ltr' id='par_1_2' title="bbox 257 440 2512 746">
     <span class='ocr_line' id='line_1_2' title="bbox 258 440 2510 535; baseline 0.005 -29"><span class='ocrx_word' id='word_1_4' title='bbox 258 440 391 507; x_wconf 87' lang='lat' dir='ltr'><strong>tiam</strong></span> <span class='ocrx_word' id='word_1_5' title='bbox 418 462 564 509; x_wconf 91' lang='lat' dir='ltr'><strong>cum</strong></span> <span class='ocrx_word' id='word_1_6' title='bbox 587 443 845 528; x_wconf 81' lang='lat' dir='ltr'><strong>effectu,</strong></span> <span class='ocrx_word' id='word_1_7' title='bbox 883 445 1128 514; x_wconf 90' lang='lat' dir='ltr'><strong>scilicet</strong></span> <span class='ocrx_word' id='word_1_8' title='bbox 1155 444 1440 512; x_wconf 85' lang='lat' dir='ltr'><strong>ecclesiae</strong></span> <span class='ocrx_word' id='word_1_9' title='bbox 1471 450 1531 510; x_wconf 87' lang='lat' dir='ltr'><strong>et</strong></span> <span class='ocrx_word' id='word_1_10' title='bbox 1551 444 1788 513; x_wconf 86' lang='lat' dir='ltr'><strong>divinis</strong></span> <span class='ocrx_word' id='word_1_11' title='bbox 1818 445 2051 515; x_wconf 77' lang='lat' dir='ltr'><strong>officiis</strong></span> <span class='ocrx_word' id='word_1_12' title='bbox 2071 446 2510 535; x_wconf 79' lang='lat' dir='ltr'><strong>inserviendo,</strong></span> 
     </span>
     <span class='ocr_line' id='line_1_3' title="bbox 257 545 2512 641; baseline 0.005 -31"><span class='ocrx_word' id='word_1_13' title='bbox 257 564 386 611; x_wconf 89' lang='lat' dir='ltr'><strong>cum</strong></span> <span class='ocrx_word' id='word_1_14' title='bbox 414 545 534 614; x_wconf 78' lang='lat' dir='ltr'><strong>hoc&#39;</strong></span> <span class='ocrx_word' id='word_1_15' title='bbox 567 548 649 616; x_wconf 89' lang='lat' dir='ltr'><strong>sit</strong></span> <span class='ocrx_word' id='word_1_16' title='bbox 690 570 838 617; x_wconf 87' lang='lat' dir='ltr'><strong>vere</strong></span> <span class='ocrx_word' id='word_1_17' title='bbox 879 549 1158 617; x_wconf 90' lang='lat' dir='ltr'><strong>residere</strong></span> <span class='ocrx_word' id='word_1_18' title='bbox 1172 572 1189 632; x_wconf 93' lang='lat'>;</span> <span class='ocrx_word' id='word_1_19' title='bbox 1235 554 1307 615; x_wconf 92' lang='lat' dir='ltr'><strong>ut</strong></span> <span class='ocrx_word' id='word_1_20' title='bbox 1348 547 1644 616; x_wconf 92' lang='lat' dir='ltr'><strong>decisum</strong></span> <span class='ocrx_word' id='word_1_21' title='bbox 1692 570 1730 615; x_wconf 89' lang='lat' dir='ltr'><strong>a</strong></span> <span class='ocrx_word' id='word_1_22' title='bbox 1770 547 1963 618; x_wconf 86' lang='lat' dir='ltr'><strong>Sacra</strong></span> <span class='ocrx_word' id='word_1_23' title='bbox 1994 548 2512 641; x_wconf 83' lang='lat' dir='ltr'><strong>Congregatione</strong></span> 
     </span>
     <span class='ocr_line' id='line_1_4' title="bbox 258 650 2320 746; baseline 0.004 -32"><span class='ocrx_word' id='word_1_24' title='bbox 258 650 485 717; x_wconf 90' lang='lat' dir='ltr'><strong>concilii</strong></span> <span class='ocrx_word' id='word_1_25' title='bbox 513 653 702 721; x_wconf 84' lang='lat' dir='ltr'><strong>refert</strong></span> <span class='ocrx_word' id='word_1_26' title='bbox 725 653 1073 743; x_wconf 83' lang='lat' dir='ltr'><strong>Fagnanus</strong></span> <span class='ocrx_word' id='word_1_27' title='bbox 1102 654 1195 744; x_wconf 87' lang='lat' dir='ltr'><strong>(in</strong></span> <span class='ocrx_word' id='word_1_28' title='bbox 1221 676 1279 722; x_wconf 90' lang='lat' dir='ltr'><strong>c.</strong></span> <span class='ocrx_word' id='word_1_29' title='bbox 1310 652 1518 733; x_wconf 82' lang='lat' dir='ltr'><em>Licet,</em></span> <span class='ocrx_word' id='word_1_30' title='bbox 1546 655 1640 720; x_wconf 87' lang='lat' dir='ltr'><strong>De</strong></span> <span class='ocrx_word' id='word_1_31' title='bbox 1659 651 2060 743; x_wconf 67' lang='lat' dir='ltr'><strong>praebendis,</strong></span> <span class='ocrx_word' id='word_1_32' title='bbox 2085 677 2153 722; x_wconf 91' lang='lat' dir='ltr'><strong>n.</strong></span> <span class='ocrx_word' id='word_1_33' title='bbox 2186 655 2320 746; x_wconf 75' lang='lat'><strong>41).</strong></span> 
     </span>
    </p>

    <p class='ocr_par' dir='ltr' id='par_1_3' title="bbox 246 753 2510 1168">
     <span class='ocr_line' id='line_1_5' title="bbox 327 753 2507 853; baseline 0.004 -32"><span class='ocrx_word' id='word_1_34' title='bbox 327 753 457 823; x_wconf 90' lang='lat' dir='ltr'><strong>Non</strong></span> <span class='ocrx_word' id='word_1_35' title='bbox 484 767 574 827; x_wconf 89' lang='lat' dir='ltr'><strong>est</strong></span> <span class='ocrx_word' id='word_1_36' title='bbox 596 761 1028 829; x_wconf 88' lang='lat' dir='ltr'><strong>omittendum</strong></span> <span class='ocrx_word' id='word_1_37' title='bbox 1052 760 1227 850; x_wconf 90' lang='lat' dir='ltr'><strong>quod</strong></span> <span class='ocrx_word' id='word_1_38' title='bbox 1253 761 1505 850; x_wconf 89' lang='lat' dir='ltr'><strong>quoties</strong></span> <span class='ocrx_word' id='word_1_39' title='bbox 1533 765 1840 847; x_wconf 83' lang='lat' dir='ltr'><strong>ageretur</strong></span> <span class='ocrx_word' id='word_1_40' title='bbox 1862 759 1941 826; x_wconf 90' lang='lat' dir='ltr'><strong>de</strong></span> <span class='ocrx_word' id='word_1_41' title='bbox 1966 760 2272 848; x_wconf 84' lang='lat' dir='ltr'><strong>privando</strong></span> <span class='ocrx_word' id='word_1_42' title='bbox 2291 763 2507 853; x_wconf 88' lang='lat' dir='ltr'><strong>aliquo</strong></span> 
     </span>
     <span class='ocr_line' id='line_1_6' title="bbox 250 863 2510 950; baseline 0.005 -25"><span class='ocrx_word' id='word_1_43' title='bbox 250 864 552 949; x_wconf 86' lang='lat' dir='ltr'><strong>canonico,</strong></span> <span class='ocrx_word' id='word_1_44' title='bbox 585 867 670 934; x_wconf 95' lang='lat' dir='ltr'><strong>ob</strong></span> <span class='ocrx_word' id='word_1_45' title='bbox 699 888 831 934; x_wconf 90' lang='lat' dir='ltr'><strong>non</strong></span> <span class='ocrx_word' id='word_1_46' title='bbox 870 866 1311 950; x_wconf 78' lang='lat' dir='ltr'><strong>residentiam,</strong></span> <span class='ocrx_word' id='word_1_47' title='bbox 1340 888 1375 934; x_wconf 88' lang='lat' dir='ltr'><strong>a</strong></span> <span class='ocrx_word' id='word_1_48' title='bbox 1404 887 1524 933; x_wconf 88' lang='lat' dir='ltr'><strong>suo</strong></span> <span class='ocrx_word' id='word_1_49' title='bbox 1553 863 1969 948; x_wconf 81' lang='lat' dir='ltr'>canonicatu,</span> <span class='ocrx_word' id='word_1_50' title='bbox 2002 869 2069 931; x_wconf 82' lang='lat' dir='ltr'><strong>et</strong></span> <span class='ocrx_word' id='word_1_51' title='bbox 2100 867 2510 936; x_wconf 79' lang='lat' dir='ltr'><strong>canonicatus</strong></span> 
     </span>
     <span class='ocr_line' id='line_1_7' title="bbox 246 969 2510 1063; baseline 0.005 -32"><span class='ocrx_word' id='word_1_52' title='bbox 246 973 382 1033; x_wconf 89' lang='lat' dir='ltr'><strong>esset</strong></span> <span class='ocrx_word' id='word_1_53' title='bbox 396 969 797 1042; x_wconf 82' lang='lat' dir='ltr'><strong>simultaneae</strong></span> <span class='ocrx_word' id='word_1_54' title='bbox 817 971 1172 1041; x_wconf 88' lang='lat' dir='ltr'><strong>collationis</strong></span> <span class='ocrx_word' id='word_1_55' title='bbox 1193 971 1495 1062; x_wconf 86' lang='lat' dir='ltr'>Episcopi</span> <span class='ocrx_word' id='word_1_56' title='bbox 1519 978 1580 1038; x_wconf 86' lang='lat' dir='ltr'><strong>et</strong></span> <span class='ocrx_word' id='word_1_57' title='bbox 1597 969 1898 1062; x_wconf 88' lang='lat' dir='ltr'><strong>capituli,</strong></span> <span class='ocrx_word' id='word_1_58' title='bbox 1924 976 2083 1039; x_wconf 90' lang='lat' dir='ltr'><strong>tunc</strong></span> <span class='ocrx_word' id='word_1_59' title='bbox 2103 978 2283 1040; x_wconf 83' lang='lat' dir='ltr'><strong>actus</strong></span> <span class='ocrx_word' id='word_1_60' title='bbox 2305 975 2510 1063; x_wconf 81' lang='lat' dir='ltr'><strong>priva·</strong></span> 
     </span>
     <span class='ocr_line' id='line_1_8' title="bbox 246 1071 2393 1168; baseline 0.005 -32"><span class='ocrx_word' id='word_1_61' title='bbox 246 1071 417 1142; x_wconf 89' lang='lat' dir='ltr'><strong>tionis</strong></span> <span class='ocrx_word' id='word_1_62' title='bbox 444 1085 758 1167; x_wconf 79' lang='lat' dir='ltr'><strong>spectaret</strong></span> <span class='ocrx_word' id='word_1_63' title='bbox 787 1078 986 1145; x_wconf 89' lang='lat' dir='ltr'><strong>simul</strong></span> <span class='ocrx_word' id='word_1_64' title='bbox 1011 1077 1093 1145; x_wconf 89' lang='lat' dir='ltr'><strong>ad</strong></span> <span class='ocrx_word' id='word_1_65' title='bbox 1113 1083 1493 1164; x_wconf 88' lang='lat' dir='ltr'><strong>utrumque,</strong></span> <span class='ocrx_word' id='word_1_66' title='bbox 1526 1076 1714 1144; x_wconf 88' lang='lat' dir='ltr'><strong>sicuti</strong></span> <span class='ocrx_word' id='word_1_67' title='bbox 1744 1082 1986 1167; x_wconf 85' lang='lat' dir='ltr'><strong>spectat</strong></span> <span class='ocrx_word' id='word_1_68' title='bbox 2004 1082 2066 1145; x_wconf 87' lang='lat' dir='ltr'><strong>et</strong></span> <span class='ocrx_word' id='word_1_69' title='bbox 2086 1078 2393 1168; x_wconf 78' lang='lat' dir='ltr'><strong>provisio,</strong></span> 
     </span>
    </p>

    <p class='ocr_par' dir='ltr' id='par_1_4' title="bbox 232 1178 2515 1489">
     <span class='ocr_line' id='line_1_9' title="bbox 316 1178 2514 1272; baseline 0.005 -27"><span class='ocrx_word' id='word_1_70' title='bbox 316 1178 569 1250; x_wconf 88' lang='lat' dir='ltr'><strong>Prolata</strong></span> <span class='ocrx_word' id='word_1_71' title='bbox 596 1206 747 1251; x_wconf 89' lang='lat' dir='ltr'><strong>vero</strong></span> <span class='ocrx_word' id='word_1_72' title='bbox 779 1183 1089 1251; x_wconf 88' lang='lat' dir='ltr'><strong>sententia</strong></span> <span class='ocrx_word' id='word_1_73' title='bbox 1138 1180 1516 1272; x_wconf 81' lang='lat' dir='ltr'><strong>privationis</strong></span> <span class='ocrx_word' id='word_1_74' title='bbox 1559 1181 1645 1249; x_wconf 96' lang='lat' dir='ltr'><strong>ob</strong></span> <span class='ocrx_word' id='word_1_75' title='bbox 1696 1201 1828 1249; x_wconf 90' lang='lat' dir='ltr'><strong>non</strong></span> <span class='ocrx_word' id='word_1_76' title='bbox 1860 1181 2301 1270; x_wconf 85' lang='lat' dir='ltr'><strong>residentiam,</strong></span> <span class='ocrx_word' id='word_1_77' title='bbox 2357 1206 2514 1254; x_wconf 90' lang='lat' dir='ltr'><strong>cum</strong></span> 
     </span>
     <span class='ocr_line' id='line_1_10' title="bbox 236 1286 2514 1383; baseline 0.004 -34"><span class='ocrx_word' id='word_1_78' title='bbox 236 1286 612 1372; x_wconf 78' lang='lat' dir='ltr'><strong>praecedenti</strong></span> <span class='ocrx_word' id='word_1_79' title='bbox 660 1288 1092 1357; x_wconf 89' lang='lat' dir='ltr'><strong>observatione</strong></span> <span class='ocrx_word' id='word_1_80' title='bbox 1120 1287 1632 1377; x_wconf 88' lang='lat' dir='ltr'><strong>praemissorum,</strong></span> <span class='ocrx_word' id='word_1_81' title='bbox 1679 1287 1761 1355; x_wconf 92' lang='lat' dir='ltr'><strong>ab</strong></span> <span class='ocrx_word' id='word_1_82' title='bbox 1790 1309 1864 1356; x_wconf 90' lang='lat' dir='ltr'><strong>ea</strong></span> <span class='ocrx_word' id='word_1_83' title='bbox 1895 1310 2028 1357; x_wconf 93' lang='lat' dir='ltr'><strong>non</strong></span> <span class='ocrx_word' id='word_1_84' title='bbox 2071 1289 2263 1358; x_wconf 89' lang='lat' dir='ltr'><strong>datur</strong></span> <span class='ocrx_word' id='word_1_85' title='bbox 2288 1294 2514 1383; x_wconf 85' lang='lat' dir='ltr'><strong>appel-</strong></span> 
     </span>
     <span class='ocr_line' id='line_1_11' title="bbox 232 1386 2515 1489; baseline 0.006 -35"><span class='ocrx_word' id='word_1_86' title='bbox 232 1386 367 1457; x_wconf 85' lang='lat' dir='ltr'><strong>latio</strong></span> <span class='ocrx_word' id='word_1_87' title='bbox 394 1395 768 1483; x_wconf 68' lang='lat' dir='ltr'><strong>suspenshra</strong></span> <span class='ocrx_word' id='word_1_88' title='bbox 797 1418 813 1463; x_wconf 74' lang='grc' dir='ltr'><strong><em>ε</em></strong></span> <span class='ocrx_word' id='word_1_89' title='bbox 840 1417 1025 1464; x_wconf 89' lang='lat' dir='ltr'><strong>secus</strong></span> <span class='ocrx_word' id='word_1_90' title='bbox 1060 1415 1207 1461; x_wconf 86' lang='lat' dir='ltr'><strong>vero</strong></span> <span class='ocrx_word' id='word_1_91' title='bbox 1232 1394 1492 1482; x_wconf 90' lang='lat' dir='ltr'><strong>quando</strong></span> <span class='ocrx_word' id='word_1_92' title='bbox 1511 1415 1640 1461; x_wconf 92' lang='lat' dir='ltr'><strong>non</strong></span> <span class='ocrx_word' id='word_1_93' title='bbox 1672 1400 1837 1461; x_wconf 88' lang='lat' dir='ltr'><strong>esset</strong></span> <span class='ocrx_word' id='word_1_94' title='bbox 1856 1401 2144 1464; x_wconf 88' lang='lat' dir='ltr'><strong>servatus</strong></span> <span class='ocrx_word' id='word_1_95' title='bbox 2169 1397 2329 1466; x_wconf 88' lang='lat' dir='ltr'><strong>ordo</strong></span> <span class='ocrx_word' id='word_1_96' title='bbox 2353 1420 2515 1489; x_wconf 83' lang='lat' dir='ltr'><strong>prae·</strong></span> 
     </span>
    </p>

    <p class='ocr_par' dir='ltr' id='par_1_5' title="bbox 213 1492 2351 1590">
     <span class='ocr_line' id='line_1_12' title="bbox 213 1492 2351 1590; baseline 0.006 -29"><span class='ocrx_word' id='word_1_97' title='bbox 213 1492 482 1585; x_wconf 73' lang='lat' dir='ltr'><strong>‘scriptus</strong></span> <span class='ocrx_word' id='word_1_98' title='bbox 516 1501 589 1568; x_wconf 90' lang='lat' dir='ltr'><strong>in</strong></span> <span class='ocrx_word' id='word_1_99' title='bbox 618 1501 910 1590; x_wconf 84' lang='lat' dir='ltr'><strong>allegatis</strong></span> <span class='ocrx_word' id='word_1_100' title='bbox 934 1501 1133 1569; x_wconf 88' lang='lat' dir='ltr'><strong>sacris</strong></span> <span class='ocrx_word' id='word_1_101' title='bbox 1158 1501 1521 1569; x_wconf 88' lang='lat' dir='ltr'><strong>canonibus</strong></span> <span class='ocrx_word' id='word_1_102' title='bbox 1550 1506 1613 1568; x_wconf 88' lang='lat' dir='ltr'><strong>et</strong></span> <span class='ocrx_word' id='word_1_103' title='bbox 1640 1501 1921 1570; x_wconf 92' lang='lat' dir='ltr'><strong>concilio</strong></span> <span class='ocrx_word' id='word_1_104' title='bbox 1947 1501 2351 1573; x_wconf 83' lang='lat' dir='ltr'><strong>Tridentino.</strong></span> 
     </span>
    </p>

    <p class='ocr_par' dir='ltr' id='par_1_6' title="bbox 229 1600 2517 2123">
     <span class='ocr_line' id='line_1_13' title="bbox 312 1600 2508 1700; baseline 0.004 -30"><span class='ocrx_word' id='word_1_105' title='bbox 312 1600 457 1672; x_wconf 86' lang='lat' dir='ltr'><strong>Haec</strong></span> <span class='ocrx_word' id='word_1_106' title='bbox 494 1606 627 1674; x_wconf 83' lang='lat' dir='ltr'><strong>fere</strong></span> <span class='ocrx_word' id='word_1_107' title='bbox 648 1657 655 1667; x_wconf 73' lang='grc'><strong>.</strong></span> <span class='ocrx_word' id='word_1_108' title='bbox 677 1609 757 1676; x_wconf 92' lang='lat' dir='ltr'><strong>ad</strong></span> <span class='ocrx_word' id='word_1_109' title='bbox 798 1609 1074 1677; x_wconf 86' lang='lat' dir='ltr'><strong>verbum</strong></span> <span class='ocrx_word' id='word_1_110' title='bbox 1123 1608 1655 1696; x_wconf 85' lang='lat' dir='ltr'><strong>transcripsimus</strong></span> <span class='ocrx_word' id='word_1_111' title='bbox 1707 1627 1785 1674; x_wconf 86' lang='lat' dir='ltr'><strong>ex</strong></span> <span class='ocrx_word' id='word_1_112' title='bbox 1840 1606 2279 1678; x_wconf 79' lang='lat' dir='ltr'><strong>Scarfantonio</strong></span> <span class='ocrx_word' id='word_1_113' title='bbox 2323 1610 2393 1700; x_wconf 86' lang='lat' dir='ltr'><strong>(t.</strong></span> <span class='ocrx_word' id='word_1_114' title='bbox 2457 1609 2508 1694; x_wconf 89' lang='grc' dir='ltr'><strong>Ι,</strong></span> 
     </span>
     <span class='ocr_line' id='line_1_14' title="bbox 238 1710 2512 1804; baseline 0.006 -31"><span class='ocrx_word' id='word_1_115' title='bbox 238 1728 293 1793; x_wconf 91' lang='lat' dir='ltr'><strong>p.</strong></span> <span class='ocrx_word' id='word_1_116' title='bbox 324 1710 469 1798; x_wconf 88' lang='lat'><strong>183,</strong></span> <span class='ocrx_word' id='word_1_117' title='bbox 496 1714 700 1782; x_wconf 89' lang='lat' dir='ltr'><strong>editio</strong></span> <span class='ocrx_word' id='word_1_118' title='bbox 740 1714 1080 1792; x_wconf 87' lang='lat' dir='ltr'><strong>Lucensis,</strong></span> <span class='ocrx_word' id='word_1_119' title='bbox 1119 1713 1340 1804; x_wconf 78' lang='lat'><strong>1723).</strong></span> <span class='ocrx_word' id='word_1_120' title='bbox 1393 1712 1659 1783; x_wconf 88' lang='lat' dir='ltr'><strong>Modum</strong></span> <span class='ocrx_word' id='word_1_121' title='bbox 1692 1714 2088 1804; x_wconf 89' lang='lat' dir='ltr'><strong>procedendi</strong></span> <span class='ocrx_word' id='word_1_122' title='bbox 2127 1722 2350 1784; x_wconf 87' lang='lat' dir='ltr'><strong>contra</strong></span> <span class='ocrx_word' id='word_1_123' title='bbox 2377 1738 2512 1786; x_wconf 86' lang='lat' dir='ltr'><strong>non</strong></span> 
     </span>
     <span class='ocr_line' id='line_1_15' title="bbox 234 1814 2508 1910; baseline 0.007 -33"><span class='ocrx_word' id='word_1_124' title='bbox 234 1814 568 1889; x_wconf 88' lang='lat' dir='ltr'><strong>residentes</strong></span> <span class='ocrx_word' id='word_1_125' title='bbox 598 1821 942 1889; x_wconf 88' lang='lat' dir='ltr'><strong>canonicos</strong></span> <span class='ocrx_word' id='word_1_126' title='bbox 966 1821 1160 1889; x_wconf 89' lang='lat' dir='ltr'><strong>tradit</strong></span> <span class='ocrx_word' id='word_1_127' title='bbox 1187 1821 1382 1888; x_wconf 85' lang='lat' dir='ltr'><strong>etiam</strong></span> <span class='ocrx_word' id='word_1_128' title='bbox 1408 1819 1794 1888; x_wconf 88' lang='lat' dir='ltr'><strong>Benedictus</strong></span> <span class='ocrx_word' id='word_1_129' title='bbox 1815 1819 1965 1888; x_wconf 91' lang='lat' dir='ltr'><strong>XlV</strong></span> <span class='ocrx_word' id='word_1_130' title='bbox 1989 1819 2335 1910; x_wconf 88' lang='lat' dir='ltr'><strong>(Institutio</strong></span> <span class='ocrx_word' id='word_1_131' title='bbox 2353 1825 2508 1905; x_wconf 88' lang='grc'><strong>107,</strong></span> 
     </span>
     <span class='ocr_line' id='line_1_16' title="bbox 233 1914 2517 2019; baseline 0.004 -31"><span class='ocrx_word' id='word_1_132' title='bbox 233 1914 375 2008; x_wconf 68' lang='grc' dir='ltr'><strong>ἓὸ).</strong></span> <span class='ocrx_word' id='word_1_133' title='bbox 410 1923 544 2005; x_wconf 85' lang='lat' dir='ltr'><strong>Qui</strong></span> <span class='ocrx_word' id='word_1_134' title='bbox 574 1928 846 2018; x_wconf 90' lang='lat' dir='ltr'><strong>insuper</strong></span> <span class='ocrx_word' id='word_1_135' title='bbox 886 1928 1116 2019; x_wconf 90' lang='lat' dir='ltr'><strong>probat</strong></span> <span class='ocrx_word' id='word_1_136' title='bbox 1153 1926 1252 2015; x_wconf 84' lang='lat' dir='ltr'><strong>(ex</strong></span> <span class='ocrx_word' id='word_1_137' title='bbox 1284 1926 1715 1993; x_wconf 85' lang='lat' dir='ltr'><strong>declaratione</strong></span> <span class='ocrx_word' id='word_1_138' title='bbox 1742 1924 1954 1993; x_wconf 85' lang='lat' dir='ltr'><strong>Sacrae</strong></span> <span class='ocrx_word' id='word_1_139' title='bbox 1981 1924 2517 2014; x_wconf 82' lang='lat' dir='ltr'><strong>Congregationis</strong></span> 
     </span>
     <span class='ocr_line' id='line_1_17' title="bbox 229 2023 2516 2123; baseline 0.003 -29"><span class='ocrx_word' id='word_1_140' title='bbox 229 2023 290 2089; x_wconf 89' lang='lat' dir='ltr'><strong>in</strong></span> <span class='ocrx_word' id='word_1_141' title='bbox 326 2026 675 2101; x_wconf 87' lang='lat' dir='ltr'><strong>Parentina</strong></span> <span class='ocrx_word' id='word_1_142' title='bbox 708 2034 791 2102; x_wconf 89' lang='lat'><strong>18</strong></span> <span class='ocrx_word' id='word_1_143' title='bbox 838 2032 1141 2101; x_wconf 90' lang='lat' dir='ltr'><strong>novemb.</strong></span> <span class='ocrx_word' id='word_1_144' title='bbox 1197 2030 1421 2119; x_wconf 80' lang='lat'><strong>1673),</strong></span> <span class='ocrx_word' id='word_1_145' title='bbox 1454 2031 1879 2120; x_wconf 88' lang='lat' dir='ltr'><strong>Episcopum,</strong></span> <span class='ocrx_word' id='word_1_146' title='bbox 1929 2033 1985 2099; x_wconf 87' lang='lat' dir='ltr'><strong>si</strong></span> <span class='ocrx_word' id='word_1_147' title='bbox 2032 2030 2318 2121; x_wconf 83' lang='lat' dir='ltr'><strong>incoepto</strong></span> <span class='ocrx_word' id='word_1_148' title='bbox 2367 2055 2516 2123; x_wconf 90' lang='lat' dir='ltr'><strong>pro-</strong></span> 
     </span>
    </p>

    <p class='ocr_par' dir='ltr' id='par_1_7' title="bbox 226 2137 2513 2334">
     <span class='ocr_line' id='line_1_18' title="bbox 226 2137 2513 2227; baseline 0.003 -27"><span class='ocrx_word' id='word_1_149' title='bbox 226 2151 398 2201; x_wconf 84' lang='lat' dir='ltr'><strong>cessu</strong></span> <span class='ocrx_word' id='word_1_150' title='bbox 424 2138 611 2225; x_wconf 82' lang='lat' dir='ltr'><strong>juxta</strong></span> <span class='ocrx_word' id='word_1_151' title='bbox 630 2142 912 2208; x_wconf 84' lang='lat' dir='ltr'><strong>formam</strong></span> <span class='ocrx_word' id='word_1_152' title='bbox 939 2139 1328 2219; x_wconf 88' lang='lat' dir='ltr'><strong>Tridentini,</strong></span> <span class='ocrx_word' id='word_1_153' title='bbox 1364 2139 1758 2207; x_wconf 88' lang='lat' dir='ltr'><strong>canonicum</strong></span> <span class='ocrx_word' id='word_1_154' title='bbox 1788 2137 2113 2204; x_wconf 88' lang='lat' dir='ltr'><strong>absentem</strong></span> <span class='ocrx_word' id='word_1_155' title='bbox 2140 2140 2513 2227; x_wconf 87' lang='lat' dir='ltr'><strong>suspendat,</strong></span> 
     </span>
     <span class='ocr_line' id='line_1_19' title="bbox 226 2241 2128 2334; baseline 0.002 -30"><span class='ocrx_word' id='word_1_156' title='bbox 226 2257 358 2306; x_wconf 90' lang='lat' dir='ltr'><strong>non</strong></span> <span class='ocrx_word' id='word_1_157' title='bbox 389 2263 572 2334; x_wconf 85' lang='lat' dir='ltr'><strong>posse</strong></span> <span class='ocrx_word' id='word_1_158' title='bbox 596 2246 675 2311; x_wconf 89' lang='lat' dir='ltr'><strong>ad</strong></span> <span class='ocrx_word' id='word_1_159' title='bbox 698 2247 1072 2312; x_wconf 88' lang='lat' dir='ltr'><strong>ulteriorem</strong></span> <span class='ocrx_word' id='word_1_160' title='bbox 1103 2266 1368 2334; x_wconf 86' lang='lat' dir='ltr'><strong>poenam</strong></span> <span class='ocrx_word' id='word_1_161' title='bbox 1393 2241 1778 2333; x_wconf 85' lang='lat' dir='ltr'><strong>privationis</strong></span> <span class='ocrx_word' id='word_1_162' title='bbox 1807 2241 2128 2308; x_wconf 85' lang='lat' dir='ltr'><strong>devenire.</strong></span> 
     </span>
    </p>

    <p class='ocr_par' dir='ltr' id='par_1_8' title="bbox 222 2343 2522 4030">
     <span class='ocr_line' id='line_1_20' title="bbox 309 2343 2522 2440; baseline 0.002 -28"><span class='ocrx_word' id='word_1_163' title='bbox 309 2343 540 2424; x_wconf 82' lang='lat' dir='ltr'><strong>Quaeri</strong></span> <span class='ocrx_word' id='word_1_164' title='bbox 564 2350 674 2417; x_wconf 86' lang='lat' dir='ltr'><strong>hic.</strong></span> <span class='ocrx_word' id='word_1_165' title='bbox 701 2356 907 2440; x_wconf 89' lang='lat' dir='ltr'><strong>potest</strong></span> <span class='ocrx_word' id='word_1_166' title='bbox 934 2356 1160 2416; x_wconf 90' lang='lat' dir='ltr'><strong>utrum</strong></span> <span class='ocrx_word' id='word_1_167' title='bbox 1189 2349 1315 2415; x_wconf 85' lang='lat' dir='ltr'><strong>illae</strong></span> <span class='ocrx_word' id='word_1_168' title='bbox 1341 2349 1512 2438; x_wconf 92' lang='lat' dir='ltr'><strong>juris</strong></span> <span class='ocrx_word' id='word_1_169' title='bbox 1552 2346 1997 2435; x_wconf 89' lang='lat' dir='ltr'><strong>dispositiones</strong></span> <span class='ocrx_word' id='word_1_170' title='bbox 2020 2347 2335 2437; x_wconf 88' lang='lat' dir='ltr'><strong>applicari</strong></span> <span class='ocrx_word' id='word_1_171' title='bbox 2378 2370 2522 2439; x_wconf 85' lang='lat' dir='ltr'><strong>pos-</strong></span> 
     </span>
     <span class='ocr_line' id='line_1_21' title="bbox 228 2450 2518 2549; baseline 0.003 -33"><span class='ocrx_word' id='word_1_172' title='bbox 228 2450 373 2538; x_wconf 90' lang='lat' dir='ltr'><strong>sint,</strong></span> <span class='ocrx_word' id='word_1_173' title='bbox 406 2462 650 2526; x_wconf 90' lang='lat' dir='ltr'><strong>attento</strong></span> <span class='ocrx_word' id='word_1_174' title='bbox 680 2457 982 2549; x_wconf 75' lang='lat' dir='ltr'><strong>praesenti</strong></span> <span class='ocrx_word' id='word_1_175' title='bbox 1015 2461 1181 2524; x_wconf 89' lang='lat' dir='ltr'><strong>statu</strong></span> <span class='ocrx_word' id='word_1_176' title='bbox 1226 2455 1646 2524; x_wconf 80' lang='lat' dir='ltr'><strong>eccleSIarum</strong></span> <span class='ocrx_word' id='word_1_177' title='bbox 1677 2455 1746 2521; x_wconf 93' lang='lat' dir='ltr'><strong>in</strong></span> <span class='ocrx_word' id='word_1_178' title='bbox 1796 2452 2026 2523; x_wconf 87' lang='lat' dir='ltr'><strong>Gallia.</strong></span> <span class='ocrx_word' id='word_1_179' title='bbox 2079 2453 2250 2523; x_wconf 89' lang='lat' dir='ltr'><strong>Cum</strong></span> <span class='ocrx_word' id='word_1_180' title='bbox 2282 2476 2518 2548; x_wconf 91' lang='lat' dir='ltr'><strong>nempe</strong></span> 
     </span>
     <span class='ocr_line' id='line_1_22' title="bbox 228 2559 2516 2654; baseline 0.003 -29"><span class='ocrx_word' id='word_1_181' title='bbox 228 2561 495 2644; x_wconf 87' lang='lat' dir='ltr'><strong>quilibet</strong></span> <span class='ocrx_word' id='word_1_182' title='bbox 532 2567 883 2634; x_wconf 89' lang='lat' dir='ltr'><strong>canonicus</strong></span> <span class='ocrx_word' id='word_1_183' title='bbox 924 2564 1319 2654; x_wconf 88' lang='lat' dir='ltr'><strong>stipendium</strong></span> <span class='ocrx_word' id='word_1_184' title='bbox 1362 2583 1560 2630; x_wconf 89' lang='lat' dir='ltr'><strong>suum</strong></span> <span class='ocrx_word' id='word_1_185' title='bbox 1591 2559 1966 2629; x_wconf 88' lang='lat' dir='ltr'><strong>immediate</strong></span> <span class='ocrx_word' id='word_1_186' title='bbox 2011 2561 2280 2653; x_wconf 87' lang='lat' dir='ltr'><strong>recipiat</strong></span> <span class='ocrx_word' id='word_1_187' title='bbox 2307 2585 2346 2630; x_wconf 91' lang='lat' dir='ltr'><strong>a</strong></span> <span class='ocrx_word' id='word_1_188' title='bbox 2373 2562 2516 2632; x_wconf 91' lang='lat' dir='ltr'><strong>Gu-</strong></span> 
     </span>
     <span class='ocr_line' id='line_1_23' title="bbox 226 2665 2515 2760; baseline 0.003 -27"><span class='ocrx_word' id='word_1_189' title='bbox 226 2665 476 2758; x_wconf 90' lang='lat' dir='ltr'><strong>bernio,</strong></span> <span class='ocrx_word' id='word_1_190' title='bbox 508 2675 790 2743; x_wconf 83' lang='lat' dir='ltr'><strong>difficilis</strong></span> <span class='ocrx_word' id='word_1_191' title='bbox 814 2674 1072 2743; x_wconf 88' lang='lat' dir='ltr'><strong>videtur</strong></span> <span class='ocrx_word' id='word_1_192' title='bbox 1093 2673 1378 2742; x_wconf 85' lang='lat' dir='ltr'><strong>executio</strong></span> <span class='ocrx_word' id='word_1_193' title='bbox 1402 2672 1736 2740; x_wconf 83' lang='lat' dir='ltr'><strong>sententiae</strong></span> <span class='ocrx_word' id='word_1_194' title='bbox 1763 2671 2093 2738; x_wconf 84' lang='lat' dir='ltr'><strong>canonicae</strong></span> <span class='ocrx_word' id='word_1_195' title='bbox 2138 2693 2270 2760; x_wconf 90' lang='lat' dir='ltr'><strong>qua</strong></span> <span class='ocrx_word' id='word_1_196' title='bbox 2299 2673 2515 2760; x_wconf 90' lang='lat' dir='ltr'><strong>primo</strong></span> 
     </span>
     <span class='ocr_line' id='line_1_24' title="bbox 223 2776 2519 2870; baseline 0.003 -32"><span class='ocrx_word' id='word_1_197' title='bbox 223 2791 394 2842; x_wconf 84' lang='lat' dir='ltr'><strong>anno</strong></span> <span class='ocrx_word' id='word_1_198' title='bbox 417 2783 779 2866; x_wconf 82' lang='lat' dir='ltr'><strong>privaretur</strong></span> <span class='ocrx_word' id='word_1_199' title='bbox 801 2781 1072 2848; x_wconf 88' lang='lat' dir='ltr'><strong>dimidia</strong></span> <span class='ocrx_word' id='word_1_200' title='bbox 1100 2786 1279 2870; x_wconf 89' lang='lat' dir='ltr'><strong>parte</strong></span> <span class='ocrx_word' id='word_1_201' title='bbox 1308 2778 1668 2853; x_wconf 88' lang='lat' dir='ltr'><strong>fructuum,</strong></span> <span class='ocrx_word' id='word_1_202' title='bbox 1696 2777 1981 2844; x_wconf 90' lang='lat' dir='ltr'><strong>secundo</strong></span> <span class='ocrx_word' id='word_1_203' title='bbox 2009 2796 2181 2842; x_wconf 88' lang='lat' dir='ltr'><strong>anno</strong></span> <span class='ocrx_word' id='word_1_204' title='bbox 2211 2776 2519 2844; x_wconf 86' lang='lat' dir='ltr'><strong>omnibus</strong></span> 
     </span>
     <span class='ocr_line' id='line_1_25' title="bbox 222 2878 2517 2972; baseline 0.003 -30"><span class='ocrx_word' id='word_1_205' title='bbox 222 2879 578 2965; x_wconf 79' lang='lat' dir='ltr'><strong>fructibuS,</strong></span> <span class='ocrx_word' id='word_1_206' title='bbox 604 2891 819 2971; x_wconf 89' lang='lat' dir='ltr'><strong>etqua</strong></span> <span class='ocrx_word' id='word_1_207' title='bbox 839 2885 1109 2951; x_wconf 85' lang='lat' dir='ltr'><strong>ulterius</strong></span> <span class='ocrx_word' id='word_1_208' title='bbox 1129 2886 1491 2972; x_wconf 88' lang='lat' dir='ltr'><strong>privaretur</strong></span> <span class='ocrx_word' id='word_1_209' title='bbox 1523 2885 1665 2970; x_wconf 92' lang='lat' dir='ltr'><strong>ipso</strong></span> <span class='ocrx_word' id='word_1_210' title='bbox 1693 2881 2098 2948; x_wconf 88' lang='lat' dir='ltr'><strong>canonicatu.</strong></span> <span class='ocrx_word' id='word_1_211' title='bbox 2135 2878 2280 2946; x_wconf 88' lang='lat' dir='ltr'><strong>Non</strong></span> <span class='ocrx_word' id='word_1_212' title='bbox 2300 2887 2517 2950; x_wconf 79' lang='lat' dir='ltr'><strong>tamen</strong></span> 
     </span>
     <span class='ocr_line' id='line_1_26' title="bbox 222 2984 2516 3073; baseline 0.004 -25"><span class='ocrx_word' id='word_1_213' title='bbox 222 2984 486 3054; x_wconf 89' lang='lat' dir='ltr'><strong>videtur</strong></span> <span class='ocrx_word' id='word_1_214' title='bbox 500 2989 753 3056; x_wconf 89' lang='lat' dir='ltr'><strong>obstare</strong></span> <span class='ocrx_word' id='word_1_215' title='bbox 770 2990 910 3056; x_wconf 86' lang='lat' dir='ltr'><strong>haec</strong></span> <span class='ocrx_word' id='word_1_216' title='bbox 930 2989 1287 3057; x_wconf 82' lang='lat' dir='ltr'><strong>difficultas.</strong></span> <span class='ocrx_word' id='word_1_217' title='bbox 1314 2988 1453 3055; x_wconf 89' lang='lat' dir='ltr'><strong>Etsi</strong></span> <span class='ocrx_word' id='word_1_218' title='bbox 1484 2988 1663 3054; x_wconf 89' lang='lat' dir='ltr'><strong>enim</strong></span> <span class='ocrx_word' id='word_1_219' title='bbox 1687 2987 1764 3053; x_wconf 92' lang='lat' dir='ltr'><strong>de</strong></span> <span class='ocrx_word' id='word_1_220' title='bbox 1789 2986 1955 3052; x_wconf 81' lang='lat' dir='ltr'><strong>facto</strong></span> <span class='ocrx_word' id='word_1_221' title='bbox 1976 2988 2355 3073; x_wconf 88' lang='lat' dir='ltr'><strong>sequestrari</strong></span> <span class='ocrx_word' id='word_1_222' title='bbox 2383 3010 2516 3057; x_wconf 91' lang='lat' dir='ltr'><strong>non</strong></span> 
     </span>
     <span class='ocr_line' id='line_1_27' title="bbox 224 3090 2517 3185; baseline 0.002 -28"><span class='ocrx_word' id='word_1_223' title='bbox 224 3093 416 3176; x_wconf 87' lang='lat' dir='ltr'><strong>possit</strong></span> <span class='ocrx_word' id='word_1_224' title='bbox 449 3095 534 3162; x_wconf 89' lang='lat' dir='ltr'><strong>ab</strong></span> <span class='ocrx_word' id='word_1_225' title='bbox 565 3094 886 3185; x_wconf 86' lang='lat' dir='ltr'><strong>Episcopo</strong></span> <span class='ocrx_word' id='word_1_226' title='bbox 929 3099 1041 3160; x_wconf 82' lang='lat' dir='ltr'><strong>aut</strong></span> <span class='ocrx_word' id='word_1_227' title='bbox 1077 3093 1353 3160; x_wconf 86' lang='lat' dir='ltr'><strong>dimidia</strong></span> <span class='ocrx_word' id='word_1_228' title='bbox 1394 3112 1547 3180; x_wconf 88' lang='lat' dir='ltr'><strong>pars</strong></span> <span class='ocrx_word' id='word_1_229' title='bbox 1595 3090 1897 3180; x_wconf 91' lang='lat' dir='ltr'><strong>stipendii</strong></span> <span class='ocrx_word' id='word_1_230' title='bbox 1939 3090 2167 3174; x_wconf 88' lang='lat' dir='ltr'><strong>annui,</strong></span> <span class='ocrx_word' id='word_1_231' title='bbox 2200 3097 2310 3158; x_wconf 89' lang='lat' dir='ltr'><strong>aut</strong></span> <span class='ocrx_word' id='word_1_232' title='bbox 2356 3094 2517 3161; x_wconf 84' lang='lat' dir='ltr'><strong>inte-</strong></span> 
     </span>
     <span class='ocr_line' id='line_1_28' title="bbox 228 3196 2513 3289; baseline 0.004 -30"><span class='ocrx_word' id='word_1_233' title='bbox 228 3214 412 3279; x_wconf 85' lang='lat' dir='ltr'><strong>grum</strong></span> <span class='ocrx_word' id='word_1_234' title='bbox 439 3200 610 3270; x_wconf 91' lang='lat' dir='ltr'><strong>illud</strong></span> <span class='ocrx_word' id='word_1_235' title='bbox 640 3221 938 3267; x_wconf 88' lang='lat' dir='ltr'><strong>annuum</strong></span> <span class='ocrx_word' id='word_1_236' title='bbox 972 3198 1394 3289; x_wconf 85' lang='lat' dir='ltr'><strong>stipendium,</strong></span> <span class='ocrx_word' id='word_1_237' title='bbox 1439 3198 1506 3265; x_wconf 91' lang='lat' dir='ltr'><strong>id</strong></span> <span class='ocrx_word' id='word_1_238' title='bbox 1536 3200 1747 3265; x_wconf 89' lang='lat' dir='ltr'><strong>tamen</strong></span> <span class='ocrx_word' id='word_1_239' title='bbox 1779 3196 2121 3264; x_wconf 76' lang='lat' dir='ltr'><strong>efficaciter</strong></span> <span class='ocrx_word' id='word_1_240' title='bbox 2147 3197 2513 3286; x_wconf 85' lang='lat' dir='ltr'><strong>operabitur</strong></span> 
     </span>
     <span class='ocr_line' id='line_1_29' title="bbox 227 3300 2506 3395; baseline 0.004 -29"><span class='ocrx_word' id='word_1_241' title='bbox 227 3306 538 3372; x_wconf 86' lang='lat' dir='ltr'><strong>sententia</strong></span> <span class='ocrx_word' id='word_1_242' title='bbox 572 3305 974 3395; x_wconf 81' lang='lat' dir='ltr'><strong>episcopaliS,</strong></span> <span class='ocrx_word' id='word_1_243' title='bbox 1016 3312 1089 3372; x_wconf 89' lang='lat' dir='ltr'><strong>ut</strong></span> <span class='ocrx_word' id='word_1_244' title='bbox 1107 3308 1249 3393; x_wconf 87' lang='lat' dir='ltr'><strong>jam</strong></span> <span class='ocrx_word' id='word_1_245' title='bbox 1275 3304 1399 3370; x_wconf 88' lang='lat' dir='ltr'><strong>tale</strong></span> <span class='ocrx_word' id='word_1_246' title='bbox 1430 3304 1827 3393; x_wconf 84' lang='lat' dir='ltr'><strong>stipendium</strong></span> <span class='ocrx_word' id='word_1_247' title='bbox 1859 3302 1939 3369; x_wconf 88' lang='lat' dir='ltr'><strong>ad</strong></span> <span class='ocrx_word' id='word_1_248' title='bbox 1964 3300 2210 3369; x_wconf 89' lang='lat' dir='ltr'><strong>dictum</strong></span> <span class='ocrx_word' id='word_1_249' title='bbox 2240 3308 2506 3376; x_wconf 87' lang='lat' dir='ltr'><strong>canoni-</strong></span> 
     </span>
     <span class='ocr_line' id='line_1_30' title="bbox 230 3407 2500 3501; baseline 0.004 -29"><span class='ocrx_word' id='word_1_250' title='bbox 230 3426 369 3476; x_wconf 89' lang='lat' dir='ltr'><strong>cum</strong></span> <span class='ocrx_word' id='word_1_251' title='bbox 409 3434 550 3480; x_wconf 91' lang='lat' dir='ltr'><strong>non</strong></span> <span class='ocrx_word' id='word_1_252' title='bbox 604 3412 942 3501; x_wconf 87' lang='lat' dir='ltr'><strong>pertineat,</strong></span> <span class='ocrx_word' id='word_1_253' title='bbox 971 3418 1033 3478; x_wconf 92' lang='lat' dir='ltr'><strong>et</strong></span> <span class='ocrx_word' id='word_1_254' title='bbox 1083 3412 1154 3477; x_wconf 92' lang='lat' dir='ltr'><strong>in</strong></span> <span class='ocrx_word' id='word_1_255' title='bbox 1199 3412 1595 3478; x_wconf 88' lang='lat' dir='ltr'><strong>conscientia</strong></span> <span class='ocrx_word' id='word_1_256' title='bbox 1631 3416 1921 3478; x_wconf 88' lang='lat' dir='ltr'><strong>teneatur</strong></span> <span class='ocrx_word' id='word_1_257' title='bbox 1948 3407 2116 3475; x_wconf 87' lang='lat' dir='ltr'><strong>illud</strong></span> <span class='ocrx_word' id='word_1_258' title='bbox 2149 3411 2500 3481; x_wconf 81' lang='lat' dir='ltr'><strong>restituere.</strong></span> 
     </span>
     <span class='ocr_line' id='line_1_31' title="bbox 228 3509 2512 3606; baseline 0 -26"><span class='ocrx_word' id='word_1_259' title='bbox 228 3509 399 3590; x_wconf 84' lang='lat' dir='ltr'><strong>Quod</strong></span> <span class='ocrx_word' id='word_1_260' title='bbox 435 3539 599 3585; x_wconf 90' lang='lat' dir='ltr'><strong>cum</strong></span> <span class='ocrx_word' id='word_1_261' title='bbox 646 3517 855 3606; x_wconf 89' lang='lat' dir='ltr'><strong>primo</strong></span> <span class='ocrx_word' id='word_1_262' title='bbox 889 3523 950 3584; x_wconf 91' lang='lat' dir='ltr'><strong>et</strong></span> <span class='ocrx_word' id='word_1_263' title='bbox 1004 3517 1283 3584; x_wconf 89' lang='lat' dir='ltr'><strong>secundo</strong></span> <span class='ocrx_word' id='word_1_264' title='bbox 1332 3538 1507 3583; x_wconf 87' lang='lat' dir='ltr'><strong>anno</strong></span> <span class='ocrx_word' id='word_1_265' title='bbox 1551 3515 1790 3583; x_wconf 86' lang='lat' dir='ltr'><strong>factum</strong></span> <span class='ocrx_word' id='word_1_266' title='bbox 1834 3514 2055 3595; x_wconf 77' lang='lat' dir='ltr'><strong>suerit,</strong></span> <span class='ocrx_word' id='word_1_267' title='bbox 2101 3512 2191 3578; x_wconf 92' lang='lat' dir='ltr'><strong>nil</strong></span> <span class='ocrx_word' id='word_1_268' title='bbox 2235 3515 2512 3603; x_wconf 88' lang='lat' dir='ltr'><strong>impedit</strong></span> 
     </span>
     <span class='ocr_line' id='line_1_32' title="bbox 229 3617 2513 3711; baseline -0.002 -24"><span class='ocrx_word' id='word_1_269' title='bbox 229 3624 577 3704; x_wconf 81' lang='lat' dir='ltr'><strong>quominus</strong></span> <span class='ocrx_word' id='word_1_270' title='bbox 599 3623 914 3688; x_wconf 88' lang='lat' dir='ltr'><strong>sententia</strong></span> <span class='ocrx_word' id='word_1_271' title='bbox 953 3621 1330 3711; x_wconf 85' lang='lat' dir='ltr'><strong>privationis</strong></span> <span class='ocrx_word' id='word_1_272' title='bbox 1354 3624 1538 3708; x_wconf 79' lang='lat' dir='ltr'><strong>juxta</strong></span> <span class='ocrx_word' id='word_1_273' title='bbox 1589 3625 2015 3688; x_wconf 89' lang='lat' dir='ltr'><strong>memoratam</strong></span> <span class='ocrx_word' id='word_1_274' title='bbox 2054 3617 2336 3684; x_wconf 85' lang='lat' dir='ltr'><strong>formam</strong></span> <span class='ocrx_word' id='word_1_275' title='bbox 2383 3617 2513 3683; x_wconf 83' lang='lat' dir='ltr'><strong>ful-</strong></span> 
     </span>
     <span class='ocr_line' id='line_1_33' title="bbox 231 3721 2509 3810; baseline -0.002 -21"><span class='ocrx_word' id='word_1_276' title='bbox 231 3724 532 3796; x_wconf 86' lang='lat' dir='ltr'><strong>minetur.</strong></span> <span class='ocrx_word' id='word_1_277' title='bbox 560 3727 785 3807; x_wconf 86' lang='lat' dir='ltr'><strong>Quoad</strong></span> <span class='ocrx_word' id='word_1_278' title='bbox 808 3726 1221 3795; x_wconf 89' lang='lat' dir='ltr'><strong>Gubernium</strong></span> <span class='ocrx_word' id='word_1_279' title='bbox 1241 3731 1487 3808; x_wconf 64' lang='lat' dir='ltr'><strong>autem,</strong></span> <span class='ocrx_word' id='word_1_280' title='bbox 1515 3727 1663 3793; x_wconf 84' lang='lat' dir='ltr'><strong>satis</strong></span> <span class='ocrx_word' id='word_1_281' title='bbox 1686 3727 1831 3804; x_wconf 88' lang='lat' dir='ltr'><strong>erit,</strong></span> <span class='ocrx_word' id='word_1_282' title='bbox 1855 3725 2023 3792; x_wconf 88' lang='lat' dir='ltr'><strong>sicut</strong></span> <span class='ocrx_word' id='word_1_283' title='bbox 2049 3723 2116 3789; x_wconf 90' lang='lat' dir='ltr'><strong>in</strong></span> <span class='ocrx_word' id='word_1_284' title='bbox 2145 3721 2289 3788; x_wconf 90' lang='lat' dir='ltr'><strong>aliis</strong></span> <span class='ocrx_word' id='word_1_285' title='bbox 2312 3721 2509 3810; x_wconf 93' lang='lat' dir='ltr'><strong>depo-</strong></span> 
     </span>
     <span class='ocr_line' id='line_1_34' title="bbox 229 3826 2511 3924; baseline 0.001 -32"><span class='ocrx_word' id='word_1_286' title='bbox 229 3828 532 3902; x_wconf 88' lang='lat' dir='ltr'><strong>sitionum</strong></span> <span class='ocrx_word' id='word_1_287' title='bbox 578 3833 858 3913; x_wconf 86' lang='lat' dir='ltr'><strong>casibus,</strong></span> <span class='ocrx_word' id='word_1_288' title='bbox 891 3835 943 3900; x_wconf 92' lang='lat' dir='ltr'><strong>si</strong></span> <span class='ocrx_word' id='word_1_289' title='bbox 971 3835 1094 3924; x_wconf 86' lang='lat' dir='ltr'><strong>ipsi</strong></span> <span class='ocrx_word' id='word_1_290' title='bbox 1141 3854 1215 3898; x_wconf 85' lang='lat' dir='ltr'><strong>ex</strong></span> <span class='ocrx_word' id='word_1_291' title='bbox 1238 3832 1606 3899; x_wconf 89' lang='lat' dir='ltr'><strong>testimonio</strong></span> <span class='ocrx_word' id='word_1_292' title='bbox 1642 3830 1943 3920; x_wconf 87' lang='lat' dir='ltr'><strong>Episcopi</strong></span> <span class='ocrx_word' id='word_1_293' title='bbox 1969 3833 2216 3898; x_wconf 89' lang='lat' dir='ltr'><strong>constet</strong></span> <span class='ocrx_word' id='word_1_294' title='bbox 2241 3826 2511 3895; x_wconf 88' lang='lat' dir='ltr'><strong>canoni·</strong></span> 
     </span>
     <span class='ocr_line' id='line_1_35' title="bbox 232 3937 2143 4030; baseline -0.001 -28"><span class='ocrx_word' id='word_1_295' title='bbox 232 3955 373 4006; x_wconf 87' lang='lat' dir='ltr'><strong>cum</strong></span> <span class='ocrx_word' id='word_1_296' title='bbox 399 3941 602 4008; x_wconf 81' lang='lat' dir='ltr'><strong>fuisse</strong></span> <span class='ocrx_word' id='word_1_297' title='bbox 616 3940 907 4028; x_wconf 85' lang='lat' dir='ltr'><strong>legitime</strong></span> <span class='ocrx_word' id='word_1_298' title='bbox 930 3939 1293 4030; x_wconf 86' lang='lat' dir='ltr'><strong>depositum</strong></span> <span class='ocrx_word' id='word_1_299' title='bbox 1324 3944 1387 4006; x_wconf 92' lang='lat' dir='ltr'><strong>et</strong></span> <span class='ocrx_word' id='word_1_300' title='bbox 1407 3937 1864 4007; x_wconf 89' lang='lat' dir='ltr'><strong>canonicatum</strong></span> <span class='ocrx_word' id='word_1_301' title='bbox 1894 3956 2143 4004; x_wconf 85' lang='lat' dir='ltr'><strong>vacare.</strong></span> 
     </span>
    </p>
   </div>
  </div>
 </body>
</html>
