2930 4982
400 353 526 411 424
1366 357 1712 406 mAc'rAws

397 482 889 576 expendendum
946 479 1256 550 occurrit.
1315 478 1623 570 Exposito
1688 482 1906 546 autem
1963 477 2297 547 communi
2354 478 2532 567 jure,
2604 477 2677 547 de

397 590 694 681 praesenti
738 594 908 658 statu
952 587 1457 667 seminariorum
1484 584 1739 654 -Galliae
1769 584 2197 675 quaestionem
2243 582 2672 653 instituemus.

1488 855 1599 936 §1

981 1031 1133 1072 mets
1157 1029 1500 1070 mlum-muz
1522 1029 1724 1069 mnus
1751 1026 2095 1069 ExPEnm‘run
2198 1050 2199 1055 =

485 1205 539 1275 l.
614 1206 944 1288 Quidnam
1008 1208 1302 1277 statuerit
1361 1204 1742 1276 Tridentina
1814 1204 2121 1293 synodus.
2182 1239 2274 1261 —-
2333 1204 2503 1284 Quoe
2548 1225 2680 1275 om-

403 1311 523 1383 nia
548 1312 639 1404 (1)
669 1325 866 1404 atque
891 1313 1044 1382 alia
1065 1313 1162 1381 ad
1186 1313 1360 1383 hanc
1384 1326 1533 1384 rem·
1559 1322 1948 1404 opportuna
1970 1321 2043 1383 vet
2084 1309 2486 1391 necessaria,
2528 1311 2679 1402 Epi-

403 1419 590 1510 scopi
619 1419 875 1510 sinquli
902 1442 1054 1489 cum
1091 1420 1364 1489 consilio
1411 1417 1702 1488 duorum
1754 1417 2247 1489 canonicorum
2267 1416 2606 1486 seniorum
2624 1429 2681 1486 et

401 1526 795 1617 qraviorum
824 1549 987 1618 quos
1014 1527 1149 1619 ipsi
1176 1527 1516 1618 eleqerint,
1541 1536 1751 1618 prout
1781 1524 2086 1617 Spiritus
2112 1526 2406 1593 Sanctus
2430 1544 2681 1615 suqynes·

403 1633 586 1712 serit,
603 1634 1022 1703 constituent
1038 1654 1069 1718 ;
1105 1656 1309 1725 eaque
1350 1646 1426 1702 ut
1476 1655 1731 1724 semper
1774 1632 2223 1717 observentur,
2253 1630 2494 1721 scepius
2520 1630 2679 1699 >visi-

409 1736 921 1829 tandooperam
967 1739 1253 1809 dabunt.
1286 1779 1379 1791 —-
1404 1738 1695 1830 thuia
1729 1738 1824 1807 ad
1847 1738 2119 1830 colleqii
2138 1737 2487 1830 fabricam·
2500 1737 2679 1823 insti-

407 1843 749 1931 tuendam,
791 1856 855 1913 et
897 1845 993 1914 ad
1031 1845 1391 1915 mercedem
1425 1846 1952 1938 proeceptoribus
1993 1857 2057 1914 et
2083 1845 2417 1931 ministris
2441 1844 2683 1931 soloen-

411 1946 571 2021 dam
607 1962 675 2019 et
714 1950 808 2018 ad
833 1950 1150 2021 alendam
1178 1953 1645 2043 juventutem,
1690 1963 1773 2020 et·
1806 1950 1901 2020 ad
1958 1950 2125 2019 alios
2170 1963 2485 2042 sumptus
2537 1950 2681 2018 certi

409 2055 661 2125 reditus
685 2071 884 2126 erunt
909 2059 1257 2128 necessarii
1260 2079 1292 2143 ;
1322 2060 1509 2127 ultra
1533 2082 1610 2127 ea
1647 2056 1877 2149 quoe...
1917 2068 2077 2127 sunt
2116 2056 2468 2147 aliquibus
2506 2056 2682 2126 eccle·

409 2161 533 2233 siis
559 2174 624 2233 et
651 2163 811 2233 locis
839 2164 1230 2234 destinata..
1245 2217 1294 2252 .‚
1316 2164 1528 2233 iidem
1552 2165 1882 2257 Episcopi
1914 2187 2068 2232 cum
2095 2163 2383 2232 consilio
2414 2162 2677 2231 duorum

411 2267 494 2338 de
514 2269 838 2360 capitulo,
870 2294 1154 2362 quorum
1181 2271 1358 2340 alter
1388 2271 1487 2339 ab
1506 2271 1868 2363 Episcopo,-
1910 2271 2088 2339 alter
2109 2270 2192 2338 ab
2223 2269 2366 2360 ipso
2397 2267 2679 2361 capitulo

409 2375 737 2464 eliqatur‚
761 2377 1080 2469 itemque
1092 2377 1382 2447 duorum
1424 2378 1533 2447 de
1547 2378 1724 2448 clero
1748 2378 2083 2462 civitatis,
2116 2399 2401 2469 quorum
2439 2374 2681 2467 quidem

409 2478 697 2552 alterius
746 2484 975 2554 electio
1018 2483 1337 2554 similiter
1372 2484 1467 2552 ad
1490 2485 1930 2577 Episcopum,
1960 2484 2244 2553 alterius
2281 2506 2433 2552 vero
2458 2481 2554 2551 ad
2570 2481 2683 2551 cle—

409 2605 561 2652 rum
583 2587 934 2674 pertineat
945 2609 976 2671 ;
1016 2612 1099 2658 ex
1136 2590 1477 2679 fructibus
1522 2592 1802 2681 inteqn‘s
1835 2615 2077 2661 mensae
2124 2588 2563 2681 Episcopalis,
2617 2598 2683 2655 et

412 2689 786 2780 capituli...
821 2705 885 2760 et
914 2694 1452 2784 hospitalium...
1481 2707 1543 2763 et
1565 2696 2669 2788 beneficionumquorumcumque...

401 2809 678 2887 partem
698 2798 1020 2890 aliquam
1046 2801 1151 2868 vel
1162 2800 1551 2891 portionem
1584 2800 1986 2871 detrahent:
2037 2814 2104 2871 et
2134 2825 2282 2870 eam
2309 2798 2682 2891 portionem

409 2904 509 2976 sic
524 2904 978 2975 detractam...
1030 2907 1188 2975 huic
1232 2907 1520 2999 colleqio
1560 2909 2008 3000 applicabunt
2044 2919 2108 2984 et
2148 2905 2678 2999 incorporabunt.

411 3011 724 3081 Rationes
751 3025 976 3084 autem
996 3013 1333 3082 redituum
1351 3015 1557 3106 liujus
1586 3015 1939 3083 seminarii
1960 3016 2337 3106 Episcopus
2358 3012 2556 3082 annis
2567 3010 2680 3079 sin·

411 3116 597 3206 qulis
641 3119 955 3209 accipiat,
992 3120 1436 3210 praesentibus
1479 3120 1735 3189 duobus
1775 3145 1820 3189 a
1866 3121 2192 3212 capitulo,
2240 3131 2307 3187 et
2348 3118 2618 3187 totidem
2646 3137 2680 3181 α

411 3222 585 3291 clero
613 3224 916 3293 civitatis
965 3223 1325 3317 deputatis.
1366 3230 1452 3294 In
1493 3228 1782 3296 ecclesiis
1811 3240 2041 3295 autem
2084 3224 2358 3317 amplas
2410 3224 2679 3293 dioeceses

411 3327 835 3418 habentibus,
851 3333 1074 3422 possit
1095 3333 1470 3425 Episcopus
1492 3357 1706 3401 unum
1733 3333 1842 3401 vel
1860 3334 2072 3424 plura
2100 3332 2174 3401 in
2193 3332 2478 3415 dioecesi,
2496 3338 2679 3423 prout

414 3431 544 3501 sibi
569 3448 1022 3524 opportunum
1065 3438 1421 3518 videbitur,
1469 3440 1706 3506 lzabere
1731 3439 2101 3507 seminaria
2120 3460 2143 3506 .·
2174 3462 2322 3529 quoe
2356 3451 2579 3506 tamen
2611 3433 2677 3502 ab

414 3538 535 3608 illo
575 3563 736 3627 uno,
785 3543 964 3633 quod
996 3544 1069 3610 in
1099 3545 1365 3613 civitate
1413 3556 1702 3613 erectum
1752 3557 1818 3613 et
1858 3545 2294 3615 constitutum
2331 3545 2572 3637 fuerit,
2617 3540 2676 3609 in

412 3647 721 3717 omnibus
749 3643 1182 3739 dependeant.
1205 3649 1418 3740 ³(Sess.
1454 3651 1567 3736 23,
1602 3675 1659 3720 e.
1695 3650 1833 3738 18.)

498 3751 582 3822 ll.
612 3753 733 3822 Per
750 3754 1083 3824 decretum
1109 3756 1303 3839 istud,
1333 3755 1701 3825 Tridentini
1731 3756 1979 3842 PatreS,
2009 3778 2126 3847 pro
2156 3749 2482 3847 regimine
2511 3752 2679 3827 semi·

414 3858 774 3945 uariorum,
820 3862 1143 3953 triplicem
1211 3864 1683 3931 constituerunt
1743 3862 2193 3930 consultorum
2256 3885 2370 3931 seu
2431 3863 2682 3953 deputa·

414 3968 633 4031 torum
658 3969 961 4057 classem3
995 3988 1197 4056 quam
1225 3990 1341 4035 nos
1366 3968 1839 4035 commissionis
1870 3970 2139 4036 nomine
2177 3967 2680 4058 designabimus.

411 4063 633 4136 Prima
662 4089 817 4160 ergo
846 4071 1216 4142 commissio
1245 4075 1416 4141 clare
1439 4075 1761 4163 reperitur
1788 4074 2081 4143 instituta
2104 4075 2209 4142 his
2244 4075 2503 4143 verbiS.
2539 4076 2689 4157 Quoe

412 4169 639 4239 omnia
672 4186 874 4265 atque
906 4179 1053 4247 alia
1089 4179 1183 4248 ad
1203 4179 1378 4248 banc
1419 4201 1559 4247 rem
1603 4192 2008 4272 opportuna,
2061 4178 2393 4270 Episcopi
2432 4173 2689 4271 sinquli

409 4417 442 4468 d
473 4336 544 4401 (1)
566 4334 755 4399 Nempe
774 4349 887 4400 quae
907 4313 1180 4401 respiciunt
1197 4345 1582 4398 seminariorurn
1597 4344 1818 4407 regimen
1838 4342 2129 4394 immediate
2141 4341 2320 4393 antea
2307 4354 2359 4391 ιιι
2379 4341 2478 4392 hoc
2498 4339 2688 4392 decreto

444 4420 733 4481 ascriptum.
