2930 4982
386 323 511 381 ⁴58
1352 328 1700 377 ramnus

382 457 489 521 tus
523 450 789 522 Carolus
816 452 886 519 in
917 450 1199 519 concilio
1228 449 1692 520 Mediolanensi
1727 473 1745 517 ε
1784 449 1950 517 Cum
1989 446 2338 516 eanonicus
2392 471 2672 540 cappam

382 556 631 638 induit,
675 578 824 647 quoe
872 556 1185 626 humeros
1215 556 1539 647 conteqit,
1578 567 1642 624 et
1673 555 1953 623 brachia·
1991 555 2186 647 quasi
2214 554 2553 642 devincit,
2604 578 2676 625 ex

380 687 454 736 eo
501 664 751 733 amictu
804 664 975 733 intel
979 665 1160 755 liyat
1205 688 1274 733 se
1318 670 1689 755 repressas,²
1712 663 2027 754 quasique
2066 661 2402 730 devinctas
2445 663 2682 732 habere

380 769 609 845 debere
653 771 1121 863 appetitiones,
1159 794 1239 840 ac
1273 794 1354 840 -se
1396 782 1616 838 totum
1663 769 1758 838 ad
1786 769 1913 838 -Dei
1955 769 2381 838 voluntatem
2431 781 2683 838 accom-

384 876 738 948 modare...
787 878 1226 959 canonicum,
1276 877 1437 946 dum
1486 876 1778 946 humeris
1823 876 1933 946 vel
1978 876 2262 944 brachiis
2302 877 2681 944 almutium

377 984 736 1075 pelliceam
764 984 1079 1076 imponit,
1109 1007 1256 1052 eam
1281 984 1754 1076 coqitationem
1778 982 2124 1073 suscipere,
2156 981 2229 1048 in
2259 1003 2327 1048 se
2352 981 2683 1049 restrictas

388 1112 468 1158 ac
487 1090 693 1182 plane
718 1101 1019 1158 mortuas
1037 1113 1167 1158 esse
1194 1102 1496 1181 oportere
1517 1111 1743 1157 rerum
1762 1087 2268 1157 mundanarum
2297 1087 2679 1178 affectiones

391 1207 590 1286 atque
611 1194 1040 1285 cupiditates,
1070 1196 1305 1284 atejus
1334 1195 1432 1264 rei
1455 1196 1844 1286 siqnificans
1872 1206 1967 1262 est
1990 1195 2118 1262 illa
2146 1193 2681 1261 animalisinter·

391 1305 642 1373 mortui
651 1304 867 1395 pellis
910 1326 1116 1394 quam
1147 1303 1229 1371 de
1265 1328 1445 1374 more
1476 1318 1713 1395 qestat.

477 1410 587 1479 111.
617 1416 950 1479 Mozettam
971 1409 1035 1501 (a
1051 1433 1202 1480 voce
1220 1413 1369 1483 itala
1398 1436 1581 1482 moza
1600 1435 1747 1504 quae
1771 1410 2091 1501 significat
2110 1406 2454 1501 cappam),
2484 1428 2685 1477 recen-

389 1514 573 1587 tioris
609 1538 771 1586 usus
808 1517 1265 1587 existimarunt
1299 1521 1604 1588 nonnulli
1634 1545 1650 1604 ;
1691 1525 1755 1587 at
1796 1514 2075 1587 Sarnelli
2124 1517 2420 1607 (Lettere
2448 1515 2678 1598 eccles,

391 1629 437 1692 t.
495 1622 577 1707 ΙΙ,
627 1624 762 1691 lett.
806 1622 921 1705 27)
961 1627 1241 1693 ostendit
1288 1628 1838 1716 antiquissimam,
1885 1646 2005 1692 nec
2052 1624 2249 1691 aliam
2306 1637 2455 1691 esse
2494 1641 2677 1710 quam

394 1724 648 1794 birrum
677 1727 866 1795 iilum
894 1727 1261 1813 lacernam,
1296 1734 1410 1819 qui
1443 1738 1762 1820 tanquam
1789 1733 2242 1798 vestium-com
2255 1729 2669 1819 plementum‚

391 1852 523 1903 non
557 1837 814 1899 tantum
844 1838 1040 1921 eaput
1080 1836 1192 1903 sed
1220 1842 1285 1904 et
1306 1837 1617 1904 humeros
1646 1835 1922 1925 tegebat.
1962 1835 2055 1903 De
2083 1842 2304 1902 sancto
2345 1832 2677 1924 Cypriane,

394 1939 463 2009 in
494 1939 652 2007 actis
681 1940 889 2029 ipsius
937 1944 1694 2031 martyriismemoratur
1718 1943 1934 2033 ipsum
1979 1942 2196 2033 primo
2230 1942 2497 2009 exuisse
2515 1936 2686 2007 hahi-

392 2050 535 2114 tum
565 2050 680 2136 qui
711 2049 951 2120 dicitur
994 2051 1215 2119 birrus
1251 2050 1577 2133 lacer-nus,
1618 2072 1815 2139 quem
1848 2049 2163 2140 plicatum
2210 2044 2407 2137 ad‘ge
2423 2069 2552 2115 nua
2593 2066 2685 2137 po-

392 2155 554 2234 suit;
603 2156 897 2225 tunicam
949 2157 1202 2244 deinde,
1258 2179 1460 2247 quam
1516 2159 1789 2225 diacono
1824 2156 2128 2237 tradidit,
2184 2160 2249 2221 et
2303 2172 2477 2222 cum
2529 2152 2685 2220 linea

399 2259 773 2331 carnificem
795 2271 1208 2355 exspectasse.
1242 2262 1362 2330 Per
1382 2262 1629 2331 lineam
1645 2262 1734 2329 ibi
1755 2259 2255 2350 intelligendum
2285 2282 2432 2328 esse
2456 2260 2683 2328 rochet-

395 2367 540 2432 tum
591 2373 654 2435 et
710 2393 826 2459 per
884 2370 1137 2437 birrum
1192 2376 1532 2438 mozettam
1604 2370 1929 2437 existimat
1966 2368 2275 2434 ,laudatus
2328 2366 2675 2435 Sal-uellus,

392 2466 582 2539 Birro
613 2472 724 2563 (1)}
748 2481 963 2544 autem
1001 2476 1379 2565 hujusmodi
1417 2478 1512 2545 uti
1552 2477 1771 2545 solitos
1790 2470 2475 2566 -fuisseEpiscoposet'
2512 2464 2681 2542 cano-

395 2574 576 2644 nicos
599 2579 831 2665 probat
860 2584 1306 2649 monumentis
1335 2582 1662 2672 pluribus.

407 2735 416 2744 .
483 2675 595 2747 IV.
661 2681 755 2749 De
806 2684 1098 2752 almutiis
1156 2686 1408 2752 erudite
1462 2687 1720 2753 disserit
1782 2684 2062 2753 Sarnelli
2113 2683 2375 2776 (Lettere
2424 2680 2664 2765 eccles„

394 2790 442 2852 t.
477 2783 591 2866 lx,
638 2811 704 2879 p.
740 2789 846 2878 82)
876 2818 894 2879 ;
935 2790 1327 2874 illasautem
1361 2787 1805 2881 archaeologiae
1840 2791 2226 2882 quaestiones
2249 2790 2497 2879 ingredi
2524 2793 2679 2856 esset

396 2899 572 2964 extra
601 2902 938 2966 tractatum
970 2906 1266 2967 nostrum
1292 2900 1534 2989 vagari.
1573 2900 1728 2968 Haec
1759 2906 2013 2967 tantum
2049 2921 2122 2966 ex
2152 2896 2440 2967 Sarnello
2467 2917 2679 2963 excer-

395 3000 654 3090 pimus:
692 3030 725 3068 «
755 3005 1127 3074 Almutium
1157 3007 1281 3075 fuit
1304 3007 1491 3074 initio
1513 3009 1708 3074 vestis
1722 3006 2021 3097 operiens
2043 3010 2317 3096 caputet
2340 3005 2673 3080 humeros3

403 3129 439 3173 α
483 3108 594 3175 sed
624 3114 951 3202 praecipue
1010 3119 1228 3204 caput,
1267 3120 1340 3180 ut
1377 3115 1709 3182 contendit
1736 3112 2036 3182 Molanus
2065 3109 2237 3201 (1.-3‚
2301 3115 2401 3179 De
2437 3104 2682 3178 eanoni-

403 3241 438 3280 «
483 3217 597 3300 cis,
638 3242 697 3287 c.
739 3219 829 3310 5).
864 3220 1141 3289 Videtur
1174 3222 1463 3290 derivare
1508 3245 1544 3290 a
1581 3224 1849 3292 vocibus
1883 3219 2228 3296 teutonicis
2264 3220 2370 3288 alt
2410 3232 2674 3286 mutsen.

403 3345 436 3384 ι(
481 3321 547 3389 id
579 3330 671 3390 est
677 3326 946 3414 pileum
963 3325 1319 3395 seniorum.
1351 3328 1482 3404 Nos
1506 3328 1790 3396 dicimus
1810 3327 2208 3413 almutium,
2235 3326 2347 3393 sed
2375 3328 2676 3414 corrupte,

403 3452 438 3492 ι(
482 3448 639 3493 nam
667 3428 1090 3496 dicideberet
1124 3434 1505 3499 armutium
1533 3455 1609 3500 eo
1637 3434 1810 3522 quod
1844 3441 2123 3523 gestetur
2150 3454 2346 3523 super
2381 3452 2614 3499 armos.
2647 3451 2676 3491 »

394 3531 598 3604 Hodie
628 3557 778 3603 vero
808 3532 1182 3620 almutium,
1216 3534 1329 3604 seu
1352 3539 1653 3625 almutia,
1692 3546 1787 3608 est
1822 3541 2286 3607 indumentum
2321 3539 2679 3629 pelliceum,

397 3642 567 3731 quod
600 3642 739 3733 jam
769 3664 900 3711 non
938 3663 1132 3734 super
1170 3654 1364 3734 caput
1392 3651 1454 3712 et
1478 3646 1789 3714 humeros
1818 3653 1890 3713 ut
1916 3647 2102 3731 olim,
2131 3645 2240 3713 sed
2273 3667 2476 3735 super
2502 3660 2681 3711 unam

397 3751 727 3841 scapulam
765 3751 865 3819 vel
892 3749 1085 3817 etiam
1113 3772 1304 3841 super
1330 3752 1677 3820 brachium
1719 3752 2054 3820 sinistrum
2081 3757 2391 3846 gestatur.

484 3853 762 3924 Videtur
808 3857 1172 3925 introducta
1214 3860 1405 3925 vestis
1462 3857 1576 3926 illa
1624 3858 1764 3926 loco
1832 3879 2074 3949 cappae,
2124 3879 2326 3947 quam
2371 3855 2678 3943 integram

463 4012 528 4071 (ι)
556 4015 662 4063 Vox
688 4017 867 4077 byrrus
892 4031 921 4067 a
948 4030 1106 4081 graeco
1128 4019 1300 4088 πυῤῥές
1328 4017 1508 4079 (rufus,
1530 4018 1730 4080 rutilus)
1754 4019 1953 4068 videtur
1974 4016 2244 4067 derivasse.
2271 4016 2506 4066 Detracta
2524 4016 2681 4062 autem

397 4091 540 4152 1)ss¹·oe
568 4103 681 4149 quae
704 4098 904 4156 tegebat
921 4098 1175 4154 humeros,
1198 4109 1313 4160 pars
1337 4100 1506 4157 rigens
1529 4110 1640 4158 quae
1665 4099 1920 4159 operiebat
1939 4103 2108 4160 caput,
2127 4096 2260 4146 dicta
2283 4094 2384 4144 fuit
2410 4093 2680 4143 birrettum·

397 4166 519 4228 Quae
547 4167 725 4218 biretta
745 4172 958 4225 formam
982 4178 1281 4239 quadratam
1303 4179 1609 4238 habuerunt,
1636 4181 1785 4228 etiam
1807 4180 1858 4226 in
1879 4176 2055 4238 Gallia,
2083 4182 2142 4225 ut
2160 4178 2362 4226 constat
2390 4188 2451 4224 ex
2477 4167 2685 4222 conciliis

396 4247 570 4299 Gallias
595 4261 754 4310 usque
772 4251 836 4299 ad
857 4257 1097 4307 saeculum
1120 4273 1200 4309 xvz
1224 4260 1427 4319 habitis,
1442 4262 1495 4309 in
1521 4260 1700 4321 quibus
1720 4260 1886 4318 agitur
1909 4259 1969 4307 de
1989 4258 2184 4306 birettis
2204 4255 2482 4319 quadratis.
2512 4272 2536 4298 ι
2556 4246 2687 4300 Unde

399 4345 425 4377 α
461 4342 636 4394 capere
661 4340 872 4389 nequeo,
897 4333 967 4380 att
986 4334 1136 4383 Nardi
1165 4339 1311 4396 (tom.
1335 4339 1393 4401 11,
1417 4351 1527 4402 pag.
1554 4341 1684 4402 380),
1710 4337 1964 4402 quomodo
1992 4339 2044 4386 ln
2067 4336 2156 4388 illa
2180 4341 2381 4398 regione
2404 4328 2683 4384 introducta

399 4422 422 4453 ι
460 4409 562 4460 sint
584 4407 767 4457 biretta
790 4407 962 4456 conica
985 4413 1037 4458 et
1061 4411 1180 4460 alta.
1207 4432 1230 4457 ι.
1952 4441 1955 4444 -
