2930 4982
1298 363 1508 409 tNossx.
2411 355 2535 409 617

319 484 349 547 ς
382 486 431 537 4.
466 485 538 535 Ex
568 486 757 548 origine
784 485 875 534 aut
906 481 1272 532 consuetudine
1300 482 1469 543 potest
1494 479 1694 530 collatio
1720 480 2105 545 praebendarum
2130 480 2192 531 ad
2224 479 2388 531 solum

380 562 682 629 Episcopum
702 565 784 615 vel
805 564 871 614 ad
889 561 1055 613 solum
1073 560 1349 624 capitulum
1376 563 1631 623 pertinere
1641 595 1937 612 ..........
1959 599 1971 613 2.
1988 593 2381 612 .............
2451 561 2540 607 204

318 645 350 708 ἓ
383 648 431 697 5.
466 645 609 696 Unde
637 649 806 696 ortum
824 646 909 705 jus
929 653 1198 692 commune
1226 640 1541 690 simultaneae
1551 674 2381 692 ...........................
2454 643 2545 689 205

318 726 349 789 ἓ
380 730 431 779 6.
465 726 523 775 111
556 738 657 787 quo
684 725 1022 784 consistatjus
1042 722 1322 772 collationis
1346 721 1663 771 simultaneae
1674 754 2381 771 ......................
2452 721 2543 770 207

319 803 350 868 ἓ
385 809 430 855 7.
467 803 682 854 Effectus
702 804 832 865 Juris
859 801 1175 851 simultaneae
1202 834 2381 852 ......................................
2451 800 2542 848 208

317 884 348 947 §
382 889 426 934 8.
463 883 532 934 De
564 882 830 933 concordia
859 883 984 931 inita
1017 880 1316 943 Episcopum
1339 880 1473 929 inter
1494 881 1545 930 et
1572 879 1848 943 capitulum
1871 892 1960 943 pro
1984 881 2215 929 exercitio
2239 878 2388 928 colla-

379 962 534 1012 tionis
560 960 897 1019 simultaneae‚
923 963 979 1016 et
999 957 1062 1008 de
1089 957 1348 1008 effectibus
1377 956 1495 1006 inde
1525 956 1800 1006 fluentibus
1813 991 2386 1009 ...................
2457 958 2548 1006 209

318 1048 349 1112 ἓ
385 1053 434 1099 9.
468 1049 536 1099 De
561 1048 685 1098 salsa
711 1050 944 1112 opinione
967 1060 1144 1096 eorum
1173 1049 1257 1109 qui
1289 1050 1537 1110 putarent
1558 1048 1642 1107 J‘us
1662 1044 1948 1095 conferendi
1974 1043 2215 1094 beneficia
2236 1046 2396 1107 perti-

379 1140 502 1178 nere
526 1127 589 1177 ad
611 1127 840 1178 ordinem
875 1126 1230 1190 episcopalem,
1254 1125 1335 1176 vel
1357 1125 1422 1175 ad
1448 1126 1732 1176 essentialia
1750 1124 2110 1186 jurisdictionis
2133 1122 2395 1173 ordinarias

380 1210 419 1258 E
455 1211 556 1259 isco
593 1208 684 1258 alis
690 1241 2042 1261 ............................................
2069 1251 2073 1255 .
2092 1238 2386 1256 ..........
2457 1205 2540 1251 211

319 1297 349 1359 ἓ
384 1222 460 1347 lg.
498 1222 589 1346 Αιξ)
609 1298 660 1345 111
694 1294 953 1345 hodiernis
993 1293 1165 1344 Galliae
1204 1293 1427 1345 ecclesiis
1463 1294 1666 1345 collatio
1707 1295 2099 1344 canonicatuum
2142 1292 2395 1356 pertineat

380 1376 531 1424 simul
555 1375 619 1424 ad
649 1374 954 1436 Episcopum
975 1376 1027 1422 et
1050 1372 1327 1435 capitulum
1342 1407 2386 1426 ..................................
2455 1370 2548 1420 214

379 1454 665 1519 Proposztio
704 1459 764 1502 1⁸.
802 1453 932 1502 Ante
960 1452 1322 1502 concordatum
1349 1455 1471 1502 anni
1506 1455 1647 1513 1801,
1665 1455 1749 1514 J‘us
1776 1452 2055 1502 collationis
2075 1448 2393 1500 simultaneae

441 1534 503 1583 de
528 1533 658 1583 tacto
684 1531 884 1595 vigebat
912 1534 966 1581 in
1002 1531 1180 1581 multis
1211 1530 1489 1582 Galliarum
1522 1532 1787 1595 capitulis3
1820 1527 1871 1581 et
1897 1533 1981 1591 J‘us
2008 1528 2134 1579 illud
2174 1539 2281 1578 esse
2311 1528 2394 1624 jus

443 1625 714 1662 commune
739 1614 984 1673 tanquam
1008 1614 1206 1661 certum
1227 1609 1508 1660 habebatur
1527 1640 2385 1662 ............................
2456 1604 2546 1650 214

378 1692 663 1756 Propositaeo
691 1693 761 1740 2⁸.
799 1690 1072 1752 Postquam
1108 1702 1240 1739 anno
1274 1692 1393 1740 1802
1423 1694 1589 1739 erecta
1618 1689 1758 1739 fuere
1791 1701 1921 1739 nova
1951 1685 2120 1737 Galtiae
2150 1683 2389 1748 capitula,

440 1774 602 1835 prima
627 1772 1016 1819 canonicatuum
1046 1773 1098 1819 et
1123 1770 1428 1833 dignitatum
1452 1769 1653 1819 collatio
1689 1769 1779 1818 suit
1813 1780 1969 1833 penes
2002 1767 2170 1817 solum
2201 1764 2394 1829 Episco-

439 1863 579 1913 pum.
609 1850 674 1898 At
701 1853 814 1912 post
847 1843 1099 1912 expletam
1124 1849 1260 1899 illam
1291 1849 1522 1912 primam
1552 1845 1890 1904 collationem.
1925 1849 2091 1909 vigere
2127 1847 2279 1909 coepit
2305 1848 2392 1907 jus

441 1928 718 1978 collationis
735 1927 1082 1985 simultaneoe;
1112 1929 1180 1975 ita
1205 1931 1265 1975 ut
1284 1927 1524 1975 vacantes
1548 1929 1877 1975 canonicatus
1896 1925 1957 1975 ab
1980 1926 2221 1989 Episcopo
2239 1923 2393 1974 simul

439 2012 492 2059 et
510 2007 731 2071 capitulo
754 2006 972 2054 conferri
1001 2005 1269 2053 debuerint
1278 2037 2385 2056 ....................................
2456 2005 2549 2051 216

376 2083 660 2146 Propositio
692 2086 761 2132 3⁸.
794 2081 1020 2144 Episcopi
1049 2080 1219 2131 Gallioe
1244 2094 1347 2130 non
1369 2080 1558 2130 babent
1582 2080 1731 2130 hodie
1750 2082 1836 2141 jus
1862 2080 2169 2130 exclusivum
2190 2082 2393 2130 canoni·

442 2166 583 2212 catus
612 2159 928 2219 conserendi,
958 2160 1056 2209 nisi
1088 2158 1212 2209 illud
1242 2161 1327 2220 jus
1366 2161 1725 2223 acquisiverint
1751 2171 1844 2222 per
1872 2159 2150 2222 legitimam
2173 2160 2394 2223 praescri-

441 2246 663 2308 ptionem
688 2248 862 2293 contra
882 2242 1106 2308 capitula
1125 2276 2386 2295 .........................................
2457 2241 2549 2292 220

381 2325 671 2388 Proposieio
706 2328 774 2374 υ.
809 2323 1037 2387 Episcopi
1074 2322 1263 2383 Galliae,
1289 2336 1393 2373 non
1412 2326 1616 2372 tantum
1634 2325 1798 2385 prima
1829 2324 1955 2382 vic-e,
1982 2322 2068 2372 sed
2094 2325 2246 2372 etiarn
2278 2334 2394 2385 pos-

442 2406 525 2452 tea
552 2405 840 2453 constanter
875 2402 941 2451 ad
973 2402 1215 2452 hodierna
1259 2415 1423 2465 usque
1468 2409 1715 2466 tempora,
1768 2405 2093 2454 canonicatus
2133 2391 2389 2459 vacantes,

441 2481 629 2545 absque
652 2482 754 2553 ullo
773 2482 979 2545 capituli
1004 2484 1292 2532 interventu
1315 2481 1638 2533 contulerunt
1650 2517 2385 2536 ........................
2455 2483 2540 2531 221

409 2560 695 2623 Propositio
729 2563 797 2610 5⁸.
832 2560 1062 2625 Capitula
1088 2559 1258 2611 Galiioe
1282 2574 1387 2610 non
1413 2560 1653 2610 videntur
1670 2563 1756 2623 J'us
1778 2574 1931 2611 suum
1960 2560 2276 2612 simultaneae
2295 2560 2394 2611 col·

440 2641 642 2690 lationis
670 2642 916 2698 amisisse,
944 2654 1035 2704 per
1070 2639 1338 2703 praeratam
1366 2639 1728 2703 Episcoporum
1759 2643 2143 2703 possessionem,
2177 2653 2268 2692 seu
2301 2651 2393 2703 per

435 2720 714 2783 legitimam
743 2721 1172 2784 praescriptionem
1183 2754 2135 2772 ...............................
2159 2762 2162 2763 ⁷
2184 2753 2383 2771 .......
2456 2719 2542 2768 221

316 2809 348 2872 ἓ
386 2814 457 2858 11.
490 2807 754 2868 Quomodo
799 2819 861 2856 ex
898 2807 1084 2870 regulis
1120 2808 1441 2859 Cancellarioe
1467 2808 1758 2857 collationes
1795 2807 1971 2857 multae
2008 2809 2072 2856 ad
2105 2765 2390 2856 Romanum

376 2884 672 2936 Pontificem
700 2887 985 2948 pertineant
1014 2918 2385 2938 ............................................
2455 2887 2547 2934 230

250 2983 457 3035 CAPUT
492 2982 550 3032 V.
585 2982 650 3032 De
671 2981 890 3046 parocho
917 2995 1009 3032 seu
1033 2983 1218 3032 vicario
1246 2985 1491 3045 perpetuo
1518 2981 1837 3043 cathedralis,
1859 2995 1925 3033 an
1947 2982 2011 3033 ab
2035 2983 2295 3046 Episcopo,
2317 2994 2389 3032 an

316 3078 434 3116 vero
454 3077 486 3114 a
504 3063 724 3127 capitulo
747 3063 1008 3126 eligendus
1028 3067 1080 3114 et
1098 3063 1423 3126 deputandus
1440 3065 1505 3112 sit
1521 3066 1545 3112 i’
1555 3097 2383 3116 ...........................
2453 3067 2538 3115 231

314 3145 346 3208 ἓ
384 3150 429 3196 1.
468 3145 856 3195 Praemtttuntur
870 3146 1100 3193 notiones
1113 3142 1347 3205 quoedam
1361 3142 1424 3192 de
1437 3144 1635 3193 vicariis
1648 3145 1931 3206 perpetuis·
1917 3157 1971 3193 111
1985 3142 2380 3195 cathedralibus.
2450 3146 2480 3194 2
2491 3149 2539 3194 31

315 3226 347 3288 ἓ
382 3226 524 3276 2.111
551 3224 923 3275 cathedralibus
951 3224 1127 3273 electio
1162 3227 1215 3275 et
1241 3224 1519 3288 nominatio
1541 3224 1712 3272 vicarii
1735 3225 1963 3287 perpetui
1988 3225 2147 3274 curati
2169 3224 2391 3287 pertinet

378 3303 443 3353 ad
470 3303 767 3366 capitulum,
788 3303 1084 3366 approbatio
1110 3301 1175 3352 ad
1201 3302 1506 3366 Episcopum
1520 3337 2380 3356 ............................
2451 3306 2541 3352 233

316 3383 348 3444 ἓ
382 3386 428 3432 3.
465 3382 596 3444 Quid
621 3386 750 3443 juris
778 3383 944 3445 quoad
966 3375 1284 3433 cathedrales
1310 3382 1582 3432 hodiemas
1608 3381 1780 3433 (ι’-11111111
1807 3387 1861 3434 et
1880 3382 2099 3435 aliarum
2119 3386 2388 3447 regionum

381 3462 816 3525 quaeconcordato
839 3466 960 3513 anni
988 3465 1099 3513 1301
1129 3463 1411 3524 reguntur?
1420 3496 2378 3517 ...............................
2451 3466 2544 3514 239

318 3540 349 3603 §
383 3542 429 3590 4.
464 3539 543 3590 An
571 3542 787 3592 vicarius
798 3544 1010 3590 cumnis
1029 3540 1334 3591 cathedralis
1352 3541 1536 3591 debeat
1554 3545 1835 3594 necessario
1854 3555 1964 3594 esse
1985 3547 2282 3606 perpetuus.
2300 3579 2314 3593 .
2332 3582 2345 3595 .
2362 3579 2377 3595 .
2450 3546 2543 3594 210

376 3618 671 3682 Propositio
708 3625 773 3667 ιε.
807 3618 980 3669 Potest
998 3619 1292 3682 Episcopus,
1312 3621 1356 3669 si
1375 3621 1445 3668 ita
1471 3623 1813 3681 opportunum
1833 3621 2157 3681 judicaverit,
2177 3624 2384 3685 permit-

438 3700 545 3747 tere
571 3697 793 3760 capitulo
810 3701 870 3747 ut
887 3710 1062 3747 cunam
1086 3700 1317 3748 exerceat
1339 3709 1431 3760 per
1450 3699 1690 3748 vicarium
1716 3700 2037 3750 amovibiiem
2049 3734 2377 3754 ...........
2448 3704 2542 3753 240

377 3775 662 3838 Propo-citio
691 3781 764 3827 2.
792 3775 965 3827 Potest
991 3776 1266 3840 Episcopus
1284 3780 1510 3827 statuere
1534 3781 1592 3826 ut
1615 3778 1892 3842 capitulum
1909 3791 2092 3829 curam
2116 3792 2221 3829 non
2237 3792 2382 3831 exer·

437 3860 549 3906 ceat
577 3858 671 3906 nisi
696 3868 786 3919 per
813 3858 1057 3907 vicarium
1084 3860 1409 3919 perpetuum,
1446 3857 1644 3907 seclusa
1679 3859 2065 3913 immemorabili
2092 3861 2149 3910 in
2180 3863 2383 3915 contra-

434 3938 571 3986 rium
591 3935 794 3998 capituli
814 3937 1148 4000 possessione,
1169 3940 1260 3987 aut
1277 3934 1479 3999 speciali
1498 3936 1752 3999 privilegio
1762 3972 2374 3991 ....................
2445 3942 2531 3992 241

374 4014 659 4078 Propositio
691 4017 759 4066 3⁸.
797 4015 1006 4065 Etiamsi
1028 4015 1307 4079 capitulum
1333 4015 1398 4064 ab
1432 4017 1816 4069 immemorabili
1843 4022 1978 4070 esset
1996 4020 2049 4070 in
2073 4021 2385 4082 possessione

437 4095 729 4145 nominandi
761 4097 1003 4147 vicarium
1025 4094 1365 4154 amovibiiem,
1395 4095 1595 4146 videtur
1619 4110 1765 4160 posse
1795 4100 2066 4162 Episcopus
2093 4099 2237 4150 iilum
2262 4113 2381 4151 mu·

438 4174 546 4222 tare
568 4174 619 4221 in
642 4178 966 4237 perpetuum,
983 4186 1073 4224 seu
1093 4176 1283 4236 erigere
1306 4175 1545 4224 vicariam
1565 4182 1864 4237 perpetuam
1888 4212 2372 4232 ................
2443 4177 2534 4226 241

373 4250 658 4314 Ρνοροείίίο
690 4253 761 4302 4⁸.
793 4252 1102 4304 Generaliter
1134 4251 1417 4315 loquendo.
1446 4254 1650 4314 expedit
1675 4259 1734 4306 ut
1767 4258 1821 4306 in
1855 4257 2230 4308 cathedralibus
2260 4268 2381 4307 cura

437 4333 722 4382 animarum
749 4345 836 4395 per
857 4338 1159 4396 perpetuum
1173 4369 1187 4393 ,
1213 4337 1264 4383 et
1287 4342 1388 4382 non
1409 4344 1501 4394 per
1524 4336 1855 4388 revocabilem
1873 4336 1941 4388 a‘d
1957 4343 2148 4389 nutum
2170 4335 2378 4401 capituli

437 4412 679 4465 vicarium
695 4417 987 4465 exerceatur
994 4444 2368 4472 ............................................
2445 4415 2537 4463 242
