2930 4982
391 346 426 401 6
436 346 471 401 0
481 347 517 402 4
1362 351 1705 400 TRACTATUS

392 477 593 543 lentes
625 497 641 541 ε
673 474 829 541 hinc
864 478 982 557 est,
1033 472 1210 561 quod
1252 478 1518 540 vacante
1564 469 1948 540 canonicatu
1986 476 2218 539 nostrae
2272 467 2677 553 cathedraliS,

394 605 591 673 quem
636 583 793 650 dum
848 581 1092 648 viveret
1141 579 1471 647 obtinebat
1509 578 1589 645 N.
1635 579 1810 647 illius
1863 579 2525 667 ultimuspossessor‚
2570 577 2682 664 qui

394 692 563 755 extra
588 706 924 755 romanam
965 683 1219 751 curiam
1261 684 1340 751 de
1378 704 1601 751 mense
1635 683 1716 751 N.
1761 684 1938 750 diem
1982 704 2181 750 suum
2211 681 2681 750 clausit’extre-

393 813 608 877 mum,
637 790 1096 858 canonicatum
1131 789 1517 881 praedictum
1543 788 1735 856 modo
1753 794 2115 875 vacantem,
2139 792 2201 854 et
2218 788 2410 877 cujus
2430 785 2681 854 collatio

394 906 457 965 et
479 896 762 987 provisio
790 897 869 965 ad
891 895 1023 963 Nos
1063 902 1323 987 spectat,
1358 897 1424 963 in
1467 895 1804 986 praefatam
1838 893 2256 985 praebendam
2277 892 2682 982 poenitentia·

393 1004 525 1071 lem
572 1003 795 1091 vigore
837 1002 1076 1070 decreti
1139 1001 1400 1070 concilii
1450 1001 1858 1088 Triden'tini,
1913 1022 2052 1090 cap.
2107 1022 2218 1066 vm
2268 1002 2361 1065 De
2412 1000 2676 1089 reform.

400 1130 551 1177 sess.
598 1108 685 1175 24
717 1108 1032 1198 erigimus
1061 1114 1123 1176 et
1149 1107 1555 1176 instituimus
1581 1130 1701 1198 pro
1732 1129 1867 1174 uno
1905 1106 2224 1174 canonico
2242 1105 2415 1194 juris
2439 1105 2681 1171 utrius-

399 1238 527 1306 que
563 1216 842 1299 doctore,
888 1220 1000 1282 aut
1035 1215 1101 1282 in
1140 1237 1320 1283 sacra
1350 1215 1670 1303 theologia
1692 1214 1794 1281 vel
1817 1217 1967 1303 jure
1996 1212 2307 1279 canonico
2329 1211 2681 1294 licentiato,

399 1327 511 1390 aut
560 1321 717 1389 alias
772 1321 1031 1411 aptiori,
1081 1322 1283 1388 aetatis
1326 1320 1404 1410 (si
1435 1321 1576 1388 fieri
1616 1321 1840 1411 potest)
1874 1320 2304 1408 quadraginta
2333 1340 2683 1405 annorum,

398 1428 644 1518 quique
691 1426 761 1495 in
826 1433 1155 1517 posterum
1209 1427 1446 1495 futuris
1492 1428 1820 1517 perpetuis
1881 1426 2285 1516 temporibus
2333 1427 2685 1492 canonicus

398 1535 923 1625 poenitentiarius
964 1539 1405 1623 nuncupetur,
1458 1555 1612 1600 cum
1664 1554 1859 1600 onere
1908 1532 2339 1600 confessiones
2391 1531 2680 1599 fidelium

399 1647 636 1708 nostrae
655 1640 1097 1729 jurisdictioni
1121 1642 1567 1729 subjectorum
1604 1639 1682 1707 ad
1713 1639 2145 1706 cathedralem
2168 1638 2504 1707 ecclesiam
2529 1659 2678 1705 con-

405 1744 782 1827 fluentium,
814 1747 1174 1835 praesertim
1214 1745 1443 1813 diebus
1490 1745 1666 1812 festis
1706 1743 2212 1814 solemnioribus
2262 1748 2686 1810 sacramenta·

404 1848 551 1916 liter
580 1850 913 1937 audiendi,
944 1856 1007 1918 et
1026 1857 1317 1943 tempore
1342 1874 1476 1940 quo
1498 1852 1903 1941 frequentius
1930 1850 2252 1919 accedunt
2283 1851 2355 1916 in
2375 1850 2524 1917 sede
2544 1872 2689 1917 con·

407 1953 732 2021 fessionali
780 1976 817 2021 a
871 1957 1059 2023 nobis
1123 1956 1462 2038 destinata,
1523 1958 1905 2046 poenitentes
1947 1955 2351 2043 absolvendi,
2404 1961 2467 2023 et
2525 1954 2693 2021 horis

407 2059 790 2149 opportunis
827 2062 1121 2129 confiteri
1169 2062 1533 2130 volentibus
1581 2063 1683 2130 sui
1728 2062 1981 2153 copiam
2035 2061 2343 2137 faciendi,
2382 2082 2543 2128 cum
2593 2059 2690 2125 in-

409 2163 633 2249 dultis,
666 2171 730 2233 et
754 2167 976 2255 gratiis
1001 2169 1072 2235 in
1110 2168 1440 2236 lucrandis
1461 2168 1810 2253 fructibus,
1845 2176 1906 2237 et
1928 2167 2497 2236 distributionibus
2518 2166 2694 2233 dictae

409 2269 799 2358 praebendae‚
839 2273 1001 2340 dum
1030 2272 1459 2341 confessiones
1484 2274 1665 2341 audit
1701 2275 1784 2341 ab
1813 2274 2040 2341 eodem
2074 2272 2271 2342 Sacro
2304 2270 2614 2356 concilio,
2640 2277 2695 2338 et

411 2374 679 2444 decretis
727 2376 938 2446 Sacrae
992 2377 1527 2469 Congregationis
1585 2379 1931 2464 concessis,
1982 2402 2056 2448 ac
2102 2380 2248 2447 aliis
2288 2378 2696 2446 facultatibus

409 2485 789 2572 opportunis
822 2508 838 2551 z
879 2496 941 2553 et
984 2486 1071 2553 ita
1099 2486 1476 2579 auctoritate
1505 2487 1854 2571 ordinaria,
1887 2509 1963 2556 ac
2000 2474 2349 2578 apostolica
2384 2484 2693 2575 delegata,

410 2589 473 2650 et
515 2590 699 2652 omni
744 2587 871 2655 alio
911 2591 1163 2658 meliori
1185 2595 1339 2682 jure
1365 2616 1497 2683 quo
1531 2615 1883 2684 possumus
1916 2597 1980 2661 et
2006 2592 2341 2675 dehemus,
2381 2589 2694 2679 erigimus

412 2696 473 2757 et
501 2693 926 2763 instituimuS.
971 2697 1239 2781 Datum,
1272 2705 1392 2766 etc.

1756 2787 1835 2855 N.
1868 2787 2228 2879 Episcopus
2254 2785 2334 2853 N.

503 2938 801 3029 Lectum,
849 2943 1084 3029 latum,
1136 2951 1198 3034 et
1246 2945 1652 3036 publicatum
1699 2947 1819 3013 fuit
1873 2946 2323 3036 supradictum
2369 2944 2700 3012 decretum

417 3045 755 3115 erectionis
798 3050 1165 3138 praebendae
1199 3053 1655 3141 poenitentialis
1699 3055 1769 3121 in
1811 3052 1981 3121 Aula
2021 3051 2101 3119 N.
2147 3052 2336 3120 die...
2374 3049 2701 3142 praesenti-

419 3146 543 3216 bus
567 3147 651 3220 N.
683 3150 765 3222 N.
799 3156 881 3222 ad
909 3155 977 3222 id
996 3156 1356 3246 specialiter
1374 3158 1709 3241 adhibitis,
1732 3163 1795 3225 et
1810 3156 2072 3225 vocatis.

1448 3291 1530 3359 N.
1564 3290 2000 3360 Cancellarius
2032 3289 2436 3380 episcopalis.

508 3436 712 3505 Nota.
762 3436 1102 3517 Quomodo
1165 3444 1273 3512 illa
1333 3443 1618 3513 formula
1672 3445 1881 3534 aptari
1928 3445 2124 3536 possit
2174 3443 2482 3534 praesenti
2523 3439 2704 3510 statui

424 3543 846 3611 ecclesiarum
877 3542 1123 3631 Galliae,
1152 3549 1304 3616 satis
1328 3555 1503 3640 patet
1530 3572 1606 3618 ex
1635 3551 1828 3620 dictis
1854 3550 1932 3619 ad
1958 3550 2454 3640 praecedentem.

1509 3791 1636 3851 VII

487 3922 697 3975 collatio
717 3928 1049 3977 canonicatus
1068 3925 1368 3978 cathedralis
1389 3930 1616 3977 vacantis
1636 3939 1727 3990 per
1744 3927 1957 3979 obitum.
1981 3924 2152 3992 (Apud
2176 3922 2476 3985 Monacelli,
2501 3924 2616 3974 tit?
2633 3957 2651 3981 ,

1421 4015 1570 4066 form.
1611 4019 1705 4077 12.)

520 4166 817 4255 Dilecto‚-
839 4179 960 4240 etc.
997 4173 1056 4241 J.
1091 4174 1172 4243 U.
1220 4175 1299 4243 D.
1334 4175 1415 4243 N.
1450 4176 1754 4245 familiari
1782 4183 2027 4259 nostro,
2056 4176 2291 4244 clerico
2315 4173 2448 4242 loci
2473 4170 2557 4241 N.
2590 4178 2704 4239 etc.

433 4315 524 4328 -
553 4275 749 4346 Grata
795 4276 1247 4351 familiaritatis
1288 4283 1637 4374 obsequia,
1693 4305 1840 4373 quae
1881 4284 2068 4352 nobis
2111 4283 2429 4351 hactenus
2470 4281 2713 4370 impen-

438 4385 611 4474 disti,
641 4391 704 4454 et
723 4383 938 4453 adhuc
962 4386 1254 4456 sollicitis
1282 4391 1515 4460 studiis
1545 4392 1917 4483 impendere
1945 4412 2077 4458 non
2105 4389 2394 4473 desistis3
2432 4409 2556 4456 nec
2587 4402 2710 4453 non
