2930 4982
367 341 393 394 1
411 339 491 394 92
1335 347 1676 394 TnAc‘rA‘ms

362 471 461 538 tit.
518 468 611 537 De
665 473 857 535 erect.
922 467 991 534 in
1048 466 1507 555 collegiatam),
1571 468 1741 533 Azor
1810 465 2295 555 (Institutiones
2339 469 2643 555 morales,

361 583 505 667 part
540 575 620 654 ll,
670 574 719 655 l,
758 575 823 657 5,
871 598 930 642 c.
988 573 1100 651 29,
1131 596 1195 660 q.
1253 572 1366 655 25,
1407 580 1528 641 etc.
1587 572 1698 656 30,
1750 596 1815 662 q.
1861 572 1954 663 8).
2001 574 2100 641 «Εἰ
2156 576 2411 643 censuit
2457 574 2646 644 Sacra

362 682 782 771 Congregatio
847 680 1112 748 concilii
1164 680 1258 766 (in
1285 700 1499 748 causa
1551 678 1957 748 Conversana
2041 680 2124 748 27
2177 682 2351 770 junii
2421 681 2644 773 1626).

362 789 673 870 Quamvis
712 785 1013 854 nonnulli
1046 807 1177 854 non
1206 786 1692 854 contemnendae
1737 788 2132 854 auctoritatis
2169 786 2293 854 viri
2325 788 2650 855 existima-

363 896 573 963 verint
595 894 984 984 Episcopum
1011 914 1190 982 posse
1219 894 1465 982 erigere
1514 892 1949 982 parochialem
1977 894 2310 961 ecclesiam
2347 895 2417 960 in
2467 894 2654 961 colle-

365 1002 687 1091 giatam...
719 998 901 1066 Licet
922 997 1221 1075 Nicolaus
1244 998 1476 1067 Garcia
1497 998 1617 1090 (De
1636 998 1876 1088 benef„
1904 1005 2065 1089 part.
2092 998 2235 1078 Xll,
2264 1022 2322 1067 c.
2364 1001 2429 1084 5,
2454 1024 2523 1067 n.
2559 1001 2648 1091 4),

366 1111 603 1173 asserat
625 1104 972 1193 aliquando
1001 1104 1335 1172 ecclesiam
1360 1106 1525 1193 erigi
1557 1106 1624 1170 in
1655 1105 2057 1193 collegiatam
2088 1127 2201 1195 per
2229 1104 2651 1195 Episcopum,

367 1210 473 1279 sed
514 1210 712 1277 solere
743 1210 886 1276 fieri
926 1210 1299 1276 auctoritate
1329 1211 1700 1300 apostolica.
1748 1234 1780 1271 v>
1809 1208 2131 1300 (Bai-bosa,
2164 1213 2258 1276 De
2298 1211 2650 1296 canonicis,

370 1341 511 1407 cap.
546 1318 614 1401 2,
649 1339 715 1384 n.
738 1315 835 1407 8.)

459 1424 823 1493 Fatendum
849 1428 943 1490 est
979 1424 1244 1511 quidem
1269 1444 1344 1489 ex
1372 1422 1649 1490 textibus
1678 1422 1833 1513 ipsis
1852 1423 2021 1512 juris
2053 1424 2350 1490 canonici
2377 1425 2658 1512 rigorose

373 1531 632 1622 probari
675 1551 805 1596 non
853 1550 1034 1619 posse
1071 1528 1423 1616 collegiatae
1475 1528 1988 1625 erectionemad
2037 1529 2249 1596 solum
2296 1529 2657 1597 Romanum

373 1637 748 1706 Pontificem
784 1637 1109 1726 pertinere
1139 1690 1155 1721 ‚
1194 1658 1344 1701 cum
1375 1657 1520 1701 vere
1551 1657 1685 1702 non
1720 1632 1945 1701 adsint
1976 1645 2194 1701 textus
2222 1658 2361 1702 rem
2397 1636 2658 1727 perspi·

377 1765 492 1810 cue
514 1740 899 1821 decidentes,
931 1746 1003 1807 ut
1034 1740 1295 1807 adnotat
1320 1741 1665 1819 cardinalis
1689 1739 1873 1807 Petra
1907 1739 1977 1831 (t.
2009 1739 2124 1820 lll,
2156 1763 2304 1831 pag.
2335 1741 2446 1824 69,
2488 1765 2554 1808 n.
2592 1743 2655 1826 7,

377 1847 527 1915 edit.
563 1845 881 1929 Romana,
926 1844 1147 1935 1708).
1193 1844 1325 1912 Nec
1371 1844 1514 1911 ideo
1544 1846 1792 1911 mirum
1816 1852 1909 1912 est
1937 1853 2176 1914 veteres
2205 1848 2568 1914 canonistas
2594 1848 2660 1912 in

377 1952 709 2042 duplicem
746 1952 979 2019 abiisse
1008 1952 1416 2019 senteutiam.
1461 1950 1585 2018 Sed
1623 1950 1797 2039 quod
1822 1973 1895 2017 ex
1921 1952 2080 2041 ipsis
2108 1951 2384 2018 textibus
2418 1974 2663 2018 reman-

380 2065 549 2127 serat
575 2057 881 2144 dubium,
922 2062 1170 2124 certum
1188 2058 1326 2146 jam
1355 2054 1745 2146 fecitopinio
1773 2062 1836 2122 et
1863 2058 2078 2147 praxis
2109 2054 2417 2124 Romanae
2441 2057 2655 2124 curiae.

380 2163 567 2232 Certa
590 2165 768 2230 enim
800 2168 892 2230 est
918 2169 980 2229 et
1008 2167 1308 2229 constans
1336 2161 1767 2242 observantia,
1817 2163 1991 2250 quod
2020 2163 2341 2252 ejusmodi
2373 2164 2666 2253 collegia-

383 2275 597 2337 tarum
631 2269 981 2337 erectiones
1011 2289 1265 2356 semper
1302 2267 1460 2333 fiant
1495 2288 1533 2333 a
1563 2265 1758 2356 Papa,
1789 2272 1862 2333 ut
1908 2274 2175 2335 testatur
2203 2269 2549 2336 cardinalis
2590 2271 2666 2337 de

382 2376 559 2442 Luca
585 2375 703 2464 (De
730 2374 1081 2463 beneficiis,
1112 2374 1273 2441 disc.
1312 2373 1419 2458 14,
1450 2395 1519 2441 n.
1561 2372 1666 2462 12)
1686 2400 1701 2456 ;
1735 2374 1888 2440 etin
1924 2375 2104 2443 hunc
2127 2397 2387 2442 sensum
2418 2376 2664 2465 pluries

383 2480 784 2570 respondisse
829 2478 1094 2547 Sacram
1147 2477 1725 2568 Congregationem
1766 2481 2025 2547 concilii
2076 2488 2294 2549 monet
2320 2481 2672 2550 cardinalis

385 2587 566 2655 Petra
587 2587 751 2676 (loco
775 2588 991 2671 citato,
1016 2608 1060 2651 n
1094 2585 1237 2674 11);
1272 2586 1384 2674 qui
1411 2587 1605 2652 etiam
1636 2586 1804 2654 hanc
1827 2588 2016 2654 refert
2035 2587 2483 2674 decisionem(1
2518 2609 2677 2677 sep-

384 2692 649 2759 tembris
692 2691 894 2772 1691,
948 2693 1017 2757 in
1066 2689 1457 2779 Catanensi).
1521 2717 1553 2754 «
1598 2690 1932 2782 Proposito
1971 2693 2173 2760 dubio
2221 2717 2236 2760 :
2291 2716 2379 2759 an
2435 2692 2674 2758 erectio

395 2826 428 2864 ι(
454 2798 829 2888 colleqiatoe
848 2798 1036 2886 facta
1043 2819 1168 2886 per
1181 2797 1589 2887 Episcopum
1615 2798 1684 2864 in
1714 2811 1868 2865 actu
1885 2799 2285 2867 visitationis
2311 2799 2380 2866 in
2400 2798 2677 2865 ecclesia

395 2932 428 2966 «
456 2910 526 2975 S.
550 2905 833 2972 Antonii
847 2902 1079 2995 oppidi
1098 2906 1173 2970 S.
1193 2903 1504 2994 Philippi
1525 2903 1879 2994 deArqyro
1898 2906 2374 2973 sustineretur?
2390 2905 2678 2994 Respon-

398 3037 431 3073 «
459 3012 554 3078 dit
575 3010 903 3101 neqative.
941 3009 1014 3076 El
1046 3009 1124 3076 de
1152 3010 1438 3098 quodam
1474 3016 1657 3077 motu
1688 3012 1951 3101 proprio
1977 3012 2331 3080 Clementis
2364 3010 2482 3079 Vll
2511 3033 2678 3101 pro-

400 3143 433 3181 «
461 3116 745 3183 bibentis
767 3115 846 3180 de
867 3121 1094 3182 caetero
1124 3114 1455 3204 Episcopis
1480 3115 1726 3203 erigere
1752 3117 2147 3205 parochiales
2178 3120 2247 3184 in
2278 3117 2677 3204 collegiataS‚

400 3248 432 3284 «
463 3228 724 3288 testatur
750 3220 1061 3287 Rebuffus
1092 3220 1305 3306 (titulo
1336 3219 1429 3288 De
1458 3222 1780 3288 erectione
1808 3222 1878 3288 in
1911 3222 2197 3313 colleg).
2233 3247 2265 3285 ›>
2311 3221 2485 3288 Hinc
2526 3221 2681 3288 licet

390 3327 550 3395 olim
574 3349 674 3393 res
704 3327 897 3392 fuerit
921 3326 1329 3414 aliquatenus
1359 3331 1789 3409 controversa,
1826 3333 2136 3417 tanquam
2176 3334 2429 3396 certum
2485 3328 2683 3395 hodie

391 3429 747 3500 tenendum
790 3436 920 3511 est,
975 3432 1326 3498 erectiones
1384 3430 1871 3519 collegiatarum
1914 3434 1992 3501 ad
2041 3433 2255 3501 solum
2302 3432 2684 3500 Romanum

393 3534 773 3604 Pontificem
819 3535 1158 3623 pertinere.

481 3640 648 3709 Cum
673 3645 888 3707 autem
913 3640 1179 3708 ecclesia
1201 3645 1483 3729 nequeat
1504 3640 1635 3707 dici
1657 3646 1718 3707 et
1737 3663 1872 3708 esse
1892 3642 2225 3732 collegiata
2248 3644 2370 3710 nisi
2394 3643 2482 3710 ob
2506 3644 2688 3735 capi-

395 3749 607 3816 tulum
647 3747 976 3835 collegiale
1014 3747 1084 3813 in
1118 3748 1256 3838 ipsa
1282 3748 1682 3832 institutum,
1726 3747 2018 3835 sequitur
2061 3769 2274 3836 neque
2316 3747 2690 3836 capitulum

396 3854 723 3939 collegiale
743 3852 902 3939 erigi
927 3872 1107 3939 posse
1135 3852 1379 3939 absque
1398 3851 1659 3920 Summi
1689 3850 2024 3918 Pontificis
2046 3854 2446 3919 auctoritate.

495 3956 751 4022 «Porro
783 3956 1157 4044 hujusmodi
1200 3958 1549 4023 erectiones
1601 3955 2114 4044 collegiatarum,
2170 3979 2340 4045 quse,
2398 3964 2472 4024 ut
2516 3959 2688 4046 dixi,

397 4060 741 4148 requirunt
764 4062 1206 4129 auctoritatem
1235 4060 1447 4151 Papae,
1483 4062 1768 4151 expediri
1798 4063 2002 4129 solent
2023 4085 2137 4153 per
2164 4062 2498 4132 Datariam
2530 4089 2695 4134 cum

400 4166 715 4236 solutione
756 4168 1057 4235 notabilis
1112 4167 1598 4258 componendae.
1654 4167 1735 4235 Et
1787 4170 1945 4236 dum
2000 4172 2212 4259 primo
2263 4192 2379 4260 pro
2439 4173 2572 4238 hac
2628 4194 2698 4241 re

403 4273 790 4343 exhibentur
814 4294 1033 4361 preces
1057 4272 1378 4359 Pontifici,
1412 4274 1521 4341 hic
1553 4275 1709 4341 solet
1735 4275 2069 4342 consulere
2100 4274 2363 4342 Sacram
2390 4275 2699 4366 Congre-

405 4382 729 4472 gationem
761 4376 1048 4459 concilii,
1081 4399 1226 4465 quae
1267 4381 1503 4467 praevio
1549 4385 1693 4447 voto
1725 4380 2002 4469 alicujus
2029 4402 2106 4449 ex
2148 4382 2701 4451 eminentissimis
