2930 4982
426 418 508 476 68
1397 424 1740 471 'mam-nus

420 550 582 617 dum
618 547 942 637 penderet,
977 552 1191 614 tamen
1229 547 1298 612 in
1333 545 1660 634 aliquibus
1692 545 1951 613 familiis
1978 550 2152 614 tanta
2190 554 2283 612 est
2311 544 2406 613 vis
2449 547 2715 636 promis-

415 653 612 725 sionis
632 655 836 737 t'actae,
859 658 930 719 ut
956 651 1355 720 sufficienter
1379 652 1648 720 solidata
1675 652 1815 720 talis
1838 651 2127 719 fundatio
2154 653 2505 742 reputanda
2525 659 2707 722 esset.

412 759 624 828 Posita
653 781 803 839 vero
839 757 1199 848 praebendae
1226 756 1603 824 fundatione
1629 763 1740 824 aut
1765 757 1949 846 quasi
1973 757 2375 841 fundatione,
2408 764 2612 847 potest
2633 781 2709 826 ex

403 869 554 957 jure
591 864 931 933 communi
975 864 1054 931 de
1091 885 1164 929 ea
1211 862 1536 953 provideri
1575 863 1848 932 clericus
1896 865 2142 954 duplici
2194 865 2426 945 modo;
2474 888 2708 955 nempe

407 976 508 1041 vel
540 996 655 1063 per
682 971 1038 1041 Summum
1090 969 1496 1057 Pontificem,
1538 972 1655 1060 qui
1700 977 1905 1062 potest
1941 977 2222 1039 *statuere
2259 982 2335 1038 ut
2372 971 2606 1060 aliquis
2643 972 2712 1040 in

408 1080 690 1170 capitulo
748 1077 1100 1166 recipiatur
1150 1082 1458 1165 tanquam
1509 1098 1698 1144 verus
1746 1078 2122 1163 canonicuS‚
2166 1099 2239 1143 ex
2296 1099 2410 1144 sua
2454 1081 2714 1168 propria

405 1184 751 1277 praebenda
779 1182 1286 1264 sustentandus3
1314 1183 1413 1249 vel
1445 1205 1561 1269 per
1589 1183 1990 1274 Episcopum
2011 1183 2390 1251 simultanee
2419 1206 2569 1251 cum
2605 1207 2710 1253 ca-

406 1292 635 1383 pitulo.
673 1290 889 1358 Posset
916 1291 1189 1377 insuper
1225 1289 1531 1355 fundator
1569 1290 1691 1356 sibi
1723 1312 2044 1356 reservare
2081 1293 2190 1378 jus
2217 1295 2610 1380 patronatuS‚
2645 1290 2712 1358 id

403 1404 520 1481 est,
541 1400 652 1486 jus
696 1393 1126 1485 praesentandi
1154 1393 1490 1461 clericum.
1525 1394 1614 1462 At
1644 1395 1801 1461 forte
1840 1415 2070 1484 parum
2117 1396 2392 1486 expedit,
2440 1401 2514 1463 ut
2536 1396 2708 1464 acci—

401 1504 666 1594 piantur
687 1501 1095 1568 fundationes
1124 1522 1276 1566 cum
1311 1500 1692 1588 hujusmodi
1725 1502 1876 1588 jure
1907 1506 2300 1590 patronatus,
2342 1525 2421 1569 ne
2449 1503 2712 1570 redeant

401 1607 644 1676 abusus
661 1608 820 1672 olim
844 1627 919 1671 ex
937 1604 1048 1672 tali
1075 1606 1225 1693 jure
1253 1605 1450 1670 exorti
1478 1610 1540 1670 et
1564 1603 1866 1672 Ecclesiae
1892 1612 2024 1671 tam
2053 1606 2429 1695 perniciosi.

1353 1878 1645 1941 CAPUT
1697 1881 1748 1939 V

1086 2044 1162 2088 mi:
1202 2043 1624 2091 DIGNITATIBUS
1680 2048 1743 2091 IN
1788 2047 2022 2094 GENERE

1500 2240 1609 2314 ΞΔ

553 2404 681 2448 QUID
709 2405 787 2441 SIT
815 2404 1083 2454 DIGNITAS,
1117 2404 1177 2440 ET
1204 2403 1469 2448 QUOMODO
1505 2404 1540 2442 A
1580 2405 1889 2445 PERSONATU
1921 2408 1984 2445 ET
2007 2408 2221 2447 OFFICIO
2252 2410 2529 2448 DIFFERAT·

481 2574 794 2664 Diqnitas
841 2576 935 2638 est
980 2571 1210 2638 titulus
1254 2571 1649 2639 beneficialis
1698 2594 2011 2640 annexam
2044 2573 2287 2640 habens
2334 2577 2704 2662 praeceden-

391 2685 547 2752 tiam
590 2701 744 2747 cum
778 2677 1261 2767 jurisdictione.
1308 2682 1716 2773 Per-senatus
1761 2685 1853 2745 est
1894 2678 2117 2746 titulus
2146 2679 2536 2748 beneficialis
2583 2705 2699 2752 an-

391 2808 624 2856 nexam
671 2785 913 2852 habens
950 2784 1452 2873 praecedentiam
1502 2783 1640 2849 sine
1686 2785 2158 2872 jurisdictione.
2220 2784 2543 2874 Officium
2606 2802 2705 2862 est

389 2895 618 2963 titulus
663 2891 1053 2960 beneficialis
1100 2911 1419 2957 annexam
1450 2888 1698 2964 habens
1744 2891 2034 2978 aliquam
2066 2890 2695 2960 administrationem

394 2999 636 3087 absque
669 2998 1114 3079 jurisdictione
1164 3000 1226 3061 et
1274 2994 1519 3082 absque
1550 2997 1994 3083 praecedentia.
2041 2997 2230 3089 (Vide
2275 2995 2569 3065 Ferraris
2625 3001 2693 3065 in

395 3106 590 3174 verbo
620 3102 1047 3191 Beneficium,
1075 3106 1192 3167 art.
1230 3122 1297 3166 n.
1343 3100 1481 3188 26.)
1536 3099 1750 3181 Quam
1783 3104 2111 3172 notionem
2135 3104 2226 3171 sic
2268 3103 2502 3171 evolvit
2539 3102 2697 3170 Bar-

396 3212 549 3278 bosa
580 3210 698 3299 (De
726 3230 905 3293 can„
939 3228 997 3272 c.
1048 3205 1114 3287 4,
1152 3227 1219 3271 n.
1264 3205 1342 3270 ¹4
1373 3206 1625 3296 etseq.)
1655 3230 1669 3272 ε

496 3341 531 3380 «
556 3314 669 3380 Est
688 3313 1073 3392 notandum,
1103 3312 1172 3376 in
1203 3309 1470 3376 ecclesia
1498 3309 1845 3376 cathedrali
1885 3332 1997 3377 seu
2031 3311 2362 3398 collegiata
2390 3312 2562 3379 ultra
2594 3313 2691 3380 di-

407 3450 442 3490 «
470 3420 759 3512 qnitates
799 3416 1070 3504 reperiri
1096 3416 1571 3501 nonnunquam
1598 3426 1994 3503 personatus
2022 3422 2081 3481 et
2108 3416 2361 3503 officia,
2398 3439 2541 3505 quae
2585 3418 2696 3487 in-

408 3555 442 3596 «
470 3535 564 3596 ter
587 3548 652 3593 se
674 3524 954 3591 maxime
971 3520 1303 3586 differunt.

500 3662 535 3703 «
559 3630 854 3721 Dignitas
877 3648 1157 3715 namque
1182 3646 1507 3692 annexum
1532 3626 1725 3693 habet
1751 3627 2069 3710 officium,
2105 3629 2206 3695 vel
2243 3650 2464 3694 rerum
2494 3629 2691 3695 eccle·

408 3772 443 3811 «
473 3741 875 3811 siasticarum
903 3733 1552 3816 administrationem,
1580 3754 1734 3799 cum
1752 3733 2203 3822 jurisdictione
2229 3734 2420 3800 etiam
2448 3734 2517 3800 in
2549 3755 2691 3801 mo-

411 3873 445 3913 «
471 3846 633 3914 dicis
660 3840 950 3909 causis...
994 3836 1247 3905 Habere
1275 3837 1452 3905 enirn
1490 3837 1875 3926 dignitatem
1904 3844 1998 3904 est
2034 3838 2272 3905 habere
2294 3839 2691 3927 jurisdictio-

411 3977 447 4018 «
473 3970 625 4017 nem
652 3949 720 4012 in
745 3946 882 4011 foro
911 3943 1206 4010 exteriori
1238 3967 1253 4024 ;
1292 3943 1462 4008 unde
1500 3943 1656 4009 olim
1693 3943 2014 4009 habebant
2041 3963 2269 4011 omnes
2298 3944 2689 4035 (dignitates)

411 4084 447 4123 «
469 4050 846 4142 hujusmodi
864 4048 1421 4139 jurisdictionem3
1455 4049 1754 4134 quamvis
1787 4048 1976 4115 hodie
2007 4071 2138 4116 non
2166 4072 2416 4136 omneS‚
2445 4051 2551 4116 sed
2574 4048 2688 4116 ali-

408 4190 444 4229 «
473 4160 586 4251 qui
640 4163 891 4223 tantum
945 4154 1306 4242 secundum
1358 4154 1896 4221 consuetudinem
1938 4157 2379 4224 ecclesiarum.
2441 4154 2519 4221 Et
2575 4153 2687 4243 qui

412 4297 447 4336 «
470 4265 663 4335 habet
681 4258 1201 4350 jurisdictionem
1232 4260 1410 4347 large
1439 4259 1682 4327 dicitur
1703 4260 2080 4348 dignitatem
2111 4263 2370 4344 habere,
2404 4260 2576 4350 quod
2605 4261 2681 4326 de

411 4367 916 4465 «jurisdictione
964 4363 1384 4431 ecclesiastica
1431 4366 1502 4431 in
1541 4364 1677 4430 foro
1723 4367 2017 4435 exteriori
2056 4367 2469 4455 intelligitur,
2510 4364 2677 4432 etde

413 4503 447 4540 «
472 4500 547 4545 ea
592 4494 738 4562 quae
790 4474 884 4537 est
929 4475 1238 4557 perpetuo
1279 4490 1524 4536 annexa
1559 4492 1845 4559 personae
1880 4472 2125 4541 ratione
2171 4472 2524 4562 dignitatis,
2579 4466 2679 4535 vel
