2930 4982
1218 310 1298 358 DE
1342 310 1649 361 culmus
1659 342 1673 357 .
2472 303 2550 362 28
2561 307 2595 361 3

307 424 622 508 siasticoe,
651 426 805 495 inst.
847 426 1191 519 107,.§1.)
1216 417 1407 502 Unde
1440 432 1744 523 quaelibet
1771 428 2042 504 ecclesia
2063 451 2215 520 quae
2236 429 2434 501 hodie
2469 454 2603 504 non

307 532 599 624 sequitur
624 532 962 622 liturgiam
990 533 1383 623 Romanam,
1406 545 1659 620 tenetur
1685 539 1766 608 ad
1786 557 2010 630 preces
2042 539 2107 606 et
2129 536 2353 607 officia
2372 557 2602 629 supra-

311 637 498 722 dicta,
528 644 722 729 prout
754 641 1268 736 tenebaturaute
1309 642 1380 715 S.
1410 644 1725 732 PiumV3
1759 643 1885 714 nisi
1933 648 2152 714 tamen
2192 644 2598 715 consuetudo

310 747 624 817 contraria
652 746 940 835 legitime
971 751 1460 840 praescripserit.

358 851 724 938 Secundo.
747 851 1023 923 Certum
1054 860 1149 925 est
1170 877 1278 925 eos
1301 878 1533 931 omnes
1553 857 1674 947 qui
1697 861 1977 927 utuntur
2005 854 2268 946 liturgia
2303 855 2596 927 Romana

299 981 334 1029 a
354 958 429 1028 S.
448 958 565 1028 Pio
582 959 642 1028 V
662 960 1065 1051 praescripta,
1087 965 1360 1033 omnino
1382 964 1624 1048 liberos
1642 986 1804 1049 esse,
1820 969 1886 1033 et
1899 963 2208 1054 privatim
2217 963 2359 1031 etin
2371 963 2593 1043 choro

296 1066 374 1137 ab
377 1066 801 1158 obligatione
829 1067 1147 1140 recitandi
1158 1071 1468 1141 officium
1492 1073 1984 1220 defunctorum,
2018 1069 2436 1161 psalmosque
2465 1093 2597 1161 ρω-

295 1151 690 1244 nitentiales
705 1181 767 1243 et
792 1176 1153 1264 graduales.
1263 1201 1268 1206 ·

385 1279 641 1353 Tertio.
680 1279 1048 1350 Perseverat
1081 1288 1297 1353 tamen
1345 1221 1658 1373 obligatio
1710 1281 1924 1373 quoad
1977 1281 2277 1351 officium
2317 1301 2598 1401 parvum

294 1384 512 1476 Beatae
534 1392 592 1455 et
609 1386 1059 1468 immaculatae
1087 1388 1384 1478 Virginis
1406 1390 1480 1459 in
1498 1390 1699 1459 choro
1751 1386 2199 1459 recitandum
2184 1409 2256 1455 m
2288 1387 2369 1455 iis
2389 1387 2599 1458 eccle-

293 1493 438 1578 siis,
462 1492 535 1561 in
556 1494 800 1583 quibus
827 1492 1089 1583 vigebat
1115 1499 1406 1586 tempore
1434 1498 1641 1565 sancti
1669 1495 1772 1564 Pu
1786 1494 1872 1563 V.
1917 1494 1993 1563 ln
2043 1494 2331 1564 ecclesiis
2381 1501 2598 1565 autem

293 1600 360 1666 in
389 1599 642 1688 quibus
670 1599 771 1666 vel
803 1604 954 1666 tunc
980 1620 1116 1668 non
1146 1600 1395 1669 extabat
1414 1601 1530 1669 illa
1558 1600 1894 1690 obligatio,
1921 1599 2022 1666 vel
2054 1604 2269 1690 postea
2299 1619 2413 1688 per
2433 1621 2600 1668 con-

291 1704 713 1773 suetudinem
731 1705 1020 1794 legitime
1047 1708 1495 1799 praescriptam
1553 1707 1809 1775 sublata
1836 1710 1956 1785 est,
1993 1704 2132 1774 sine
2151 1705 2286 1773 ulla
2312 1704 2506 1795 culpa
2527 1706 2597 1773 in

299 1808 499 1892 choro
524 1811 849 1889 omittitur
865 1812 1126 1882 etillud
1154 1813 1374 1882 Beatae·
1391 1812 1693 1902 Virginis
1738 1812 2060 1896 officium.
2103 1810 2295 1880 Extra
2316 1812 2597 1881 chorum

294 1922 518 1986 autem
543 1918 727 1985 nulla
754 1924 845 1987 est
877 1919 1073 1987 ullibi
1100 1920 1183 1986 ad
1210 1920 1464 1988 dictum
1488 1919 1779 1986 officium
1807 1917 2142 2006 obligatio.

335 2087 342 2092 .
393 2024 677 2110 Quarto.
704 2023 1044 2118 Quidquid
1056 2024 1499 2094 dicatsanctus
1511 2024 1864 2113 Lignorius
1890 2024 1978 2111 (l.
2006 2020 2116 2105 lV,
2134 2045 2193 2091 c.
2226 2022 2297 2108 2,
2319 2044 2388 2089 n.
2419 2023 2593 2112 160),

296 2129 489 2200 nullo
517 2131 709 2203 modo
741 2132 1096 2222 probabilis
1119 2137 1211 2199 est
1239 2153 1419 2203 nunc
1449 2130 1762 2219 obligatio
1785 2128 2095 2198 recitandi
2120 2128 2318 2199 officii
2335 2127 2601 2196 defunc·

292 2241 527 2316 torum
559 2236 754 2323 (extra
774 2239 952 2304 diem
978 2237 1432 2325 Animarum),
1462 2236 1582 2303 ubi
1605 2237 1783 2322 viget
1818 2234 2088 2321 liturgia
2136 2234 2468 2319 Romana3
2496 2234 2605 2301 sed

306 2337 692 2422 dicendum,
739 2340 1237 2429 obpraedictam
1274 2340 1340 2409 S.
1377 2340 1480 2409 Pii
1514 2338 1576 2407 V
1618 2338 2170 2422 constitutionem,
2201 2359 2412 2427 neque
2437 2344 2607 2406 extra

231 2505 240 2512 .
307 2443 621 2525 chorum,
639 2466 846 2536 neque
871 2447 940 2515 in
959 2447 1158 2517 choro
1179 2447 1360 2515 illam
1394 2446 1860 2536 obligationem
1883 2446 2170 2515 existere.
2197 2444 2356 2526 Quae
2383 2446 2604 2514 omnia

299 2549 546 2641 clarius
571 2554 816 2621 caeteris
844 2555 1208 2644 exposuisse
1228 2556 1489 2623 videtur
1516 2553 1907 2623 Benedictus
1934 2552 2091 2623 XIV
2121 2554 2191 2622 in
2225 2555 2361 2623 suis
2387 2553 2601 2624 Insti-

302 2657 685 2727 tutionz‘bus
731 2661 1186 2730 ecclesiasticis
1208 2661 1384 2755 (Inst.
1434 2660 1654 2752 107‚§
1693 2661 1782 2751 1).

398 2765 678 2847 Quinto.
710 2766 836 2835 Pro
864 2768 1091 2855 regula
1113 2769 1461 2837 tenendam
1489 2788 1625 2836 esse
1643 2767 2020 2857 praedictam
2046 2765 2115 2832 S.
2147 2765 2249 2832 Pii
2271 2763 2332 2832 V
2360 2766 2606 2832 consti-

302 2869 629 2936 tutionem
652 2873 862 2959 quoad
889 2874 1182 2940 officium
1211 2875 1699 2955 defunctorum,
1731 2871 2010 2961 psalmos
2029 2868 2374 2958 graduales
2394 2874 2456 2935 et
2479 2891 2608 2959 poe-

300 2973 1052 3055 nitentialesdeclaravit
1060 2976 1257 3047 Sacra
1274 2977 1703 3065 congregatio
1718 2976 1992 3069 Rituum
2002 2974 2215 3066 (apud
2227 2972 2602 3059 (indemni,

300 3100 373 3161 n.
405 3079 573 3170 2141)
595 3103 634 3151 .:·
656 3081 1186 3172 itemque-quoad
1214 3082 1513 3155 officium
1541 3101 1813 3172 parvum
1834 3079 1911 3155 B.
1944 3078 2030 3158 Μ.
2064 3076 2360 3169 Virginis
2388 3079 2602 3170 (ibid.,

298 3209 374 3255 n.
412 3186 606 3277 254),
589 3213 605 3230 ·
621 3212 626 3217 ·
642 3188 742 3259 ita·
758 3194 833 3257 ut
851 3193 1188 3279 nequeant
1209 3187 1518 3259 canonici
1538 3187 1626 3256 >ad
1653 3187 1826 3257 dicta
1850 3186 2069 3259 officia
2094 3186 2410 3276 adstringi
2437 3191 2606 3263 extra

304 3315 554 3364 casum
567 3297 750 3386 jam
765 3296 1056 3387 vigentis
1081 3295 1178 3364 in*
1196 3312 1428 3365 eorum
1468 3293 1736 3364 ecclesia
1778 3290 2268 3363 consuetudinis
2305 3292 2599 3384 (ibidem,

305 3423 374 3471 n.
387 3401 561 3471 666.
569 3400 593 3492 )
717 3448 722 3455 -
1195 3460 1198 3463 .

397 3508 464 3577 9.
492 3508 765 3581 Litaniae
793 3508 1022 3581 diebus
1062 3509 1508 3599 Rogationum
1545 3508 1894 3578 recitandae
1919 3512 2100 3594 sunt,
2146 3509 2342 3575 etiam
2391 3505 2473 3572 ab
2522 3504 2603 3570 iis

309 3615 429 3707 qui
453 3618 653 3686 choro
675 3637 813 3684 non
839 3617 1185 3700 intersunt,
1197 3621 1266 3682 et
1285 3616 1563 3704 quidem
1571 3616 1702 3683 sub
1721 3617 1931 3702 gravi,
1964 3620 2040 3681 ut
2087 3618 2260 3680 tenet
2292 3607 2606 3679 sententia

311 3725 727 3794 communior
744 3720 1042 3813 (Sanctus
1062 3720 1446 3871 Lignorius,
1464 3720 1523 3786 l.
1535 3717 1652 3801 lV,
1676 3741 1738 3786 c.
1772 3719 1841 3800 2,
1869 3740 1940 3784 n.
1981 3717 2159 3803 160).

1375 3888 1583 4040 §S

795 4121 1082 4163 OBLIGATIO
1115 4120 1293 4166 QL'OAD
1333 4119 1487 4157 DEBIT
1493 4117 1567 4156 ΕΜ
1611 4114 1870 4154 nonARLM
1909 4112 2144 4151 ORDINEM

412 4252 778 4322 Servandus
805 4254 898 4316 est
938 4248 1179 4316 scilicet
1205 4244 1362 4312 ordo
1400 4245 1647 4330 septem
1673 4237 1985 4307 horarum
2022 4241 2513 4307 canonicarum
2544 4228 2619 4282 ut

331 4360 509 4447 prius
551 4358 806 4427 dicatur
837 4355 1235 4426 matutinum
1266 4371 1423 4418 cum
1460 4345 1785 4428 laudibuS,
1822 4346 2047 4415 exinde
2103 4345 2348 4432 prima,
2400 4315 2611 4388 tertia
