2930 4982
394 336 519 395 512
1365 341 1707 388 macutus

401 493 436 532 «
464 465 869 555 regularium
914 462 1193 551 negotiis
1238 462 1577 552 praeposita
1594 514 1614 541 ,
1656 463 1840 550 juxta
1890 459 2338 528 testimonium
2388 457 2691 550 Fagnani

403 601 439 641 α
477 574 569 663 (in
599 594 656 641 c.
690 570 815 639 His
837 592 1010 660 quoe,
1031 591 1101 636 n.
1132 569 1243 649 71,
1271 568 1366 635 De
1392 569 1750 657 majoritate
1779 573 1840 634 et
1862 565 2108 656 obed.).
2145 589 2180 631 >³

480 679 576 748 Ex
603 678 846 768 quibus
866 675 1215 767 praelibatis
1234 674 1424 743 facile
1447 674 1650 763 liquet
1675 695 1983 763 quaenam
2002 695 2137 741 esse
2168 673 2394 742 debeat
2413 694 2695 765 praesen-

395 786 476 854 tis
499 783 878 874 quaestionis
903 781 1231 849 raeolutiO.
1253 779 1541 871 Nempe:
1572 779 1901 849 1⁰Verum
1924 783 2020 848 est
2041 778 2274 869 primis
2301 784 2445 869 post
2471 778 2697 846 conci-

393 890 561 958 lium
586 888 1048 957 Tridentinum
1073 886 1469 977 temporibus
1497 885 1778 975 viguisse
1814 887 2200 953 sententiam
2237 908 2383 975 quae
2411 884 2696 974 capitulo

394 995 721 1064 tribuebat
742 998 1111 1084 potestatem
1131 992 1586 1081 restringendi,
1604 999 1751 1060 tum
1770 993 1984 1081 quoad
2006 997 2283 1082 tempus,
2309 997 2458 1059 turn
2490 991 2695 1080 quoad

398 1100 1215 1191 objecta,jurisdictionem
1247 1098 1476 1166 vicarii
1510 1099 1883 1187 capitularis
1903 1124 1921 1186 3
1966 1103 2179 1188 et‘per
2221 1097 2464 1165 multos
2499 1118 2693 1164 annos

400 1204 667 1275 Sacram
695 1204 1280 1294 Congregationem
1322 1202 1583 1270 concilii
1622 1203 2082 1271 declarationes
2107 1203 2178 1270 in
2205 1204 2390 1270 hunc
2431 1224 2693 1270 sensum

404 1313 699 1383 edidisse.
721 1311 791 1379 2⁰
820 1311 906 1379 At
936 1316 1189 1378 certum
1214 1314 1307 1378 est
1335 1308 1598 1377 Sacram
1614 1308 2198 1399 Congregationem
2225 1308 2693 1399 Episcoporum

399 1426 464 1489 et
481 1418 914 1507 regularium,
941 1438 1057 1506 pro
1076 1416 1447 1484 auctoritate
1463 1437 1592 1504 qua
1606 1437 1644 1483 a
1658 1414 2532 1505 SedeApostolicainstructa
2542 1421 2694 1501 erat,

402 1523 893 1614 dispositionem
922 1523 1343 1606 contrariam,
1378 1526 1603 1611 utpote
1625 1521 1984 1607 utiliorem,
2017 1520 2394 1589 decrevisse.
2443 1520 2515 1588 3ο
2541 1520 2696 1588 Cer-

401 1637 546 1697 tum
569 1634 661 1696 est
679 1629 849 1696 hanc
875 1628 1366 1718 dispositionem
1386 1628 1565 1717 praxi
1602 1626 2137 1715 Congregationis
2164 1626 2416 1694 concilii
2428 1632 2486 1693 et
2514 1626 2691 1694 Rotae

404 1737 860 1807 confirmatam
886 1737 955 1803 in
996 1738 1106 1824 jus
1139 1757 1489 1804 commune
1519 1738 1874 1805 transiisse.
1906 1737 1974 1804 4⁰
2000 1736 2092 1804 Ex
2117 1736 2230 1803 tali
2278 1742 2492 1804 autem
2519 1738 2687 1825 jure,

405 1864 487 1910 ne
509 1843 859 1909 minimam
902 1841 1168 1929 quidem
1212 1842 1606 1931 particulam
1653 1864 1787 1910 suae
1821 1841 2296 1932 jurisdictionis
2340 1841 2690 1931 capitulum

408 1950 530 2017 sibi
556 1969 882 2016 reservare
902 1968 1118 2037 posse;
1153 1947 1264 2014 sed
1290 1947 1402 2014 illa
1420 1948 1791 2037 jurisdictio
1819 1954 1948 2016 tota
1974 1952 2218 2037 quanta
2262 1947 2341 2014 ad
2385 1947 2689 2014 vicarium

411 2054 833 2145 capitularem
866 2054 1118 2120 transit.
1162 2052 1348 2122 Unde
1383 2056 1519 2143 jam
1578 2057 1849 2123 omnino
1900 2060 2146 2123 certum
2183 2058 2277 2120 est
2317 2074 2457 2120 non
2501 2054 2689 2141 magis

409 2161 622 2228 valere
641 2159 1110 2227 restrictionem
1134 2160 1348 2247 quoad
1373 2163 1632 2250 tempus
1640 2211 1658 2247 ,
1688 2182 1887 2249 quam
1910 2160 2069 2228 alias
2097 2159 2423 2249 quaslibet
2447 2159 2688 2227 restric-

410 2264 639 2332 tiones.

503 2370 572 2439 Si
602 2378 817 2440 autem
847 2372 1287 2439 nihilominus
1323 2378 1754 2461 apponeretur
1791 2371 2011 2461 aliqua
2035 2373 2345 2461 temporis
2364 2371 2685 2448 restrictio,

412 2495 495 2541 an
521 2474 901 2543 electionem
927 2476 1219 2544 vitiaret?
1244 2474 1533 2543 —Idem
1567 2476 1922 2545 dicendum
1945 2480 2117 2546 acin
2152 2478 2540 2568 praeced-enti
2590 2498 2685 2544 ca-

413 2579 540 2666 pite
558 2580 803 2646 dictum
835 2587 928 2647 est
955 2583 1032 2647 de
1063 2582 1306 2649 caeteris
1329 2583 1864 2650 restrictionibus,

1347 2855 1638 2917 CAPUT
1685 2856 1777 2915 XI

417 3025 496 3069 AN
547 3024 825 3072 VICARIUS
875 3027 1235 3075 NECESSARIO
1291 3029 1527 3074 DEBEAT
1576 3031 1715 3075 ESSE
1765 3031 1990 3077 DOGTOR
2040 3033 2119 3077 ΕΤ
2175 3032 2398 3085 QUIDEM
2453 3031 2514 3074 IN
2560 3028 2684 3073 mne

1422 3136 1713 3183 CANONICO

506 3295 555 3361 Ι.
592 3296 1000 3366 Attendenda
1026 3305 1177 3366 sunt
1214 3302 1415 3368 verba
1430 3300 1796 3369 Tridentini
1833 3324 1850 3367 ε
1886 3301 2020 3384 Qui
2041 3302 2284 3370 saltem
2310 3302 2384 3369 in
2409 3303 2565 3392 jure
2591 3322 2687 3367 ca·

414 3398 655 3465 nonico
683 3401 777 3465 sit
800 3401 1053 3481 doctor,
1085 3405 1191 3469 vel
1221 3404 1642 3487 licentiatuS,
1684 3407 1793 3473 vel
1837 3407 2012 3475 alias
2039 3421 2371 3498 quantum
2412 3409 2561 3496 fieri
2581 3428 2687 3499 po·

419 3515 543 3572 test
588 3502 885 3574 idoneus.
928 3506 1043 3588 llla
1096 3512 1315 3575 autem
1360 3510 1561 3577 verba
1620 3512 1929 3602 pluribus
1968 3516 2438 3604 quaestionibus
2491 3520 2688 3583 ortum

417 3612 670 3696 dedere,
691 3634 836 3701 quae
866 3634 1043 3680 nunc
1076 3613 1399 3683 solvendae
1426 3618 1722 3686 veniunt.

509 3718 587 3787 ll.
617 3718 785 3788 Cum
816 3721 984 3789 dicat
1006 3719 1390 3791 Tridentina
1421 3727 1705 3814 synodus
1727 3728 1834 3795 vel
1859 3729 2043 3798 alias
2067 3730 2366 3812 idoneam,
2417 3751 2504 3797 an
2552 3726 2692 3795 libe·

417 3846 569 3892 rum
597 3827 680 3893 sit
707 3828 987 3918 capitulo
1016 3828 1251 3917 eligere
1275 3852 1414 3898 non
1443 3832 2054 3917 doctorem,relictis
2069 3837 2447 3905 doctoribus
2474 3829 2693 3926 gremii

418 3928 523 3992 sui
559 3931 853 4004 idoneis?
881 3971 972 3985 -
995 3933 1222 4024 Aliqui
1255 3936 1413 4004 olim
1445 3939 1794 4007 canonistae
1817 3941 2274 4012 affirmativam
2325 3941 2693 4011 sententiam

419 4033 785 4106 tenuerant.
821 4039 945 4110 Sed
980 4042 1255 4110 omnino
1304 4042 1799 4134 derelinquendi
1822 4055 1998 4118 sunt.
2043 4051 2354 4119 Plurimae
2383 4047 2690 4140 siquidem

426 4134 802 4226 prodierunt
862 4145 1075 4217 Sacrae
1122 4148 1656 4241 Congregationis
1688 4156 1954 4224 concilii
1998 4158 2464 4225 declarationes
2493 4156 2698 4223 decer-

423 4246 647 4309 nentes
674 4242 1026 4318 invalidam
1051 4275 1185 4322 esse
1211 4257 1282 4324 in
1307 4257 1431 4326 hoc
1450 4280 1602 4326 casu
1622 4259 2022 4331 electionem.
2051 4263 2132 4333 Et
2157 4264 2245 4332 ita
2268 4260 2695 4332 communiter

424 4352 644 4415 tenent
671 4349 981 4437 doctoreS,
1004 4357 1173 4454 inter
1200 4383 1359 4449 quos
1378 4364 1521 4432 vide
1550 4364 1981 4455 Pignatellum
2003 4369 2185 4461 (tom.
2212 4367 2383 4451 vlu,
2421 4364 2687 4437 consult.
