2930 4982
1210 330 1291 377 ΒΕ
1337 328 1664 377 cunnus.
2463 325 2535 382 31
2555 327 2590 382 5

306 473 341 515 α
365 446 570 516 divini
600 447 798 516 officii
833 448 907 515 in
940 447 1146 516 choro
1174 447 1517 516 observent
1548 447 1839 518 rubricas
1869 450 2202 538 generales
2233 449 2586 522 breviarii:

310 580 344 620 «ι
367 554 468 622 vel
489 553 730 645 potius,
760 553 1004 644 absque
1030 554 1284 621 indulto
1310 552 1524 623 Sacrae
1543 553 2071 644 Congregationis
2092 558 2372 642 rituum,
2407 577 2594 627 assu·

313 688 348 729 «
374 666 549 729 mant
577 665 638 726 et
664 660 930 728 recitent
957 659 1172 728 officia
1202 660 1489 750 alicujus
1520 661 1764 744 sancti,
1804 661 1906 728 vel
1940 668 2198 745 octavio,
2230 662 2491 730 dioecesi
2530 669 2594 732 et

312 766 458 833 «illi
482 766 655 833 clero
673 788 805 833 non
831 788 1160 836 concessa.
1182 765 1446 835 Etenim
1480 769 1532 835 si
1551 768 1678 835 hoc
1701 767 2009 852 facerent,
2037 768 2255 837 illicite
2281 769 2587 851 facerent,

309 897 343 938 «
365 873 615 939 etiamsi
639 873 986 940 auctoritas
1007 878 1069 940 et
1093 874 1434 963 permissio
1458 875 1767 966 Episcopi
1796 875 2219 942 intercederet
2242 902 2260 962 ;
2287 878 2591 964 quoniam

309 1002 342 1041 «
367 976 671 1043 locorum
699 975 1031 1045 Ordinarii
1050 982 1187 1046 tam
1206 979 1547 1047 saeculares
1567 1002 1765 1068 quam
1801 980 2153 1068 regulares,
2178 1000 2307 1046 non
2334 989 2597 1070 possunt

307 1082 602 1150 «addere
625 1081 1023 1150 kalendariis
1051 1083 1246 1150 etiam
1270 1085 1552 1174 propriis
1583 1084 1774 1176 (quod
1804 1085 1974 1154 idem
2005 1091 2098 1153 est
2122 1106 2198 1152 ac
2216 1090 2464 1153 mutare
2482 1086 2597 1154 ka-

306 1216 341 1257 «
366 1192 747 1259 lendarium
771 1189 1143 1279 romanum)
1175 1197 1548 1258 sanctorum
1582 1192 1821 1274 officia,
1846 1191 1970 1259 nisi
1997 1213 2070 1260 ea
2096 1192 2429 1259 dumtaxat
2451 1213 2599 1280 quae

306 1320 343 1358 «
373 1296 681 1363 breviarii
710 1294 985 1362 Romani
1015 1294 1317 1381 rubriciS,
1356 1295 1460 1363 vel
1498 1294 1710 1365 Sacrae
1755 1297 2007 1363 rituum
2039 1294 2595 1384 Congregationis‚

310 1425 344 1463 ι(
369 1422 482 1468 seu
512 1400 692 1469 Sedis
705 1400 1091 1491 Apostolicae
1113 1401 1377 1469 licentia
1397 1402 1881 1482 conceduntur,
1907 1401 2032 1468 sub
2058 1422 2247 1500 poena
2271 1402 2443 1491 quod
2466 1424 2597 1470 non

311 1532 344 1572 «
375 1508 486 1575 fiat
510 1508 660 1575 satis
688 1507 1071 1597 obligationi
1101 1507 1418 1575 recitandi
1447 1508 1753 1574 divinum
1785 1508 2076 1575 officium
2107 1513 2170 1574 et
2203 1528 2603 1597 consequen-

313 1639 346 1677 «
371 1618 467 1679 ter
488 1635 620 1680 non
635 1613 1034 1704 percipiendi
1060 1613 1311 1683 fructus
1333 1635 1608 1681 suorum
1635 1614 2103 1681 beneficiorum
2125 1639 2142 1700 3
2168 1617 2239 1680 ut
2266 1612 2600 1682 referendo

313 1744 347 1784 «
367 1720 702 1786 decretum
729 1718 808 1785 de
835 1718 1207 1786 ann01626
1244 1726 1623 1786 emanatum
1666 1725 1729 1786 et
1758 1719 2041 1787 rubricis
2084 1718 2389 1787 breviarii
2424 1741 2599 1786 nunc

316 1848 350 1887 (ι
375 1824 666 1892 additum
702 1824 894 1891 tradit
920 1821 1251 1891 Gavantus
1286 1823 1382 1915 (in
1408 1829 1762 1891 comment.
1789 1824 1973 1891 rubr.
1998 1824 2310 1911 breviar„
2338 1830 2493 1892 sect.
2530 1824 2592 1904 1,

312 1955 343 1994 «
373 1952 429 1998 c.
463 1930 530 2010 5,
559 1953 629 1998 n.
660 1928 753 2019 9).
783 1955 817 1992 »
851 1928 1195 1998 Monacelli
1223 1928 1347 2020 (tit.
1391 1930 1499 2014 16,
1526 1928 1808 1995 formula
1839 1928 2114 2014 10‚adn.
2142 1929 2234 2019 9).

388 2034 708 2103 Canonici
740 2041 1048 2102 tenentur
1074 2034 1346 2102 recitare
1375 2033 1664 2101 officium
1695 2035 1973 2123 propriae
1997 2033 2306 2115 ecclesiae,
2351 2033 2599 2102 etiamsi

298 2140 382 2209 ab
405 2163 481 2208 ea
504 2140 739 2209 absint.
757 2140 846 2207 lta
866 2140 934 2210 S.
961 2139 1393 2229 Congregatio
1412 2142 1694 2218 rituum,
1720 2140 1893 2228 apud
1908 2139 2291 2220 Gardelliui,
2308 2163 2374 2207 n.
2392 2139 2594 2208 2676.

396 2244 502 2311 Ad
544 2267 898 2332 quemnam
937 2267 1091 2311 vero
1145 2247 1216 2311 in
1261 2244 1552 2311 Ecclesia
1616 2244 1934 2332 pertineat
1985 2242 2335 2309 formulam
2392 2244 2600 2310 divini

298 2347 505 2417 officii
525 2352 588 2414 et
604 2346 811 2435 ipsius
834 2346 1177 2414 ordinandi
1205 2347 1419 2435 legem
1440 2345 1872 2413 determinare
1891 2351 1954 2412 et
1975 2346 2422 2435 praescribere,
2450 2345 2596 2415 vide

302 2454 373 2523 in
395 2476 548 2522 meo
591 2458 861 2522 tractatu
901 2452 1154 2544 dejure
1176 2452 1484 2544 lz‘turqico
1511 2505 1526 2520 .

391 2561 580 2630 Multi
640 2583 823 2629 casus
873 2560 1274 2651 expendendi
1312 2565 1757 2639 remanerent,
1769 2561 1943 2628 circa
1984 2562 2321 2651 praesentis
2367 2561 2601 2651 capitis

305 2669 667 2753 materiam.
715 2666 841 2736 Sed
863 2668 1072 2756 magis
1098 2667 1179 2735 ad
1204 2668 1568 2736 moralistas
1602 2669 1927 2759 pertinent
1956 2667 2160 2734 :duos
2182 2669 2296 2735 hic
2339 2672 2599 2735 tantum

307 2773 729 2860 subjicimus

406 2875 582 2955 Quid
624 2877 702 2942 de
728 2879 1035 2944 recitante
1070 2877 1366 2945 officium
1400 2878 1474 2944 in
1506 2884 1677 2945 statu
1720 2874 1970 2967 peccati
2018 2873 2354 2941 mortalis?
2384 2871 2455 2942 Si
2492 2874 2608 2940 ba-

308 2982 462 3049 beat
492 2980 888 3049 desiderium
917 2982 1194 3050 exeundi
1224 3005 1263 3050 a
1302 2989 1589 3072 peccato,
1640 2981 1944 3049 satisfacit
1971 2986 2314 3071 proecepto‚
2341 2987 2404 3048 et
2432 2981 2604 3050 reci-

310 3086 464 3152 tatio
495 3106 631 3153 non
658 3092 753 3153 est
780 3086 1149 3177 culpabilis.
1182 3085 1251 3156 Si
1285 3086 1523 3153 habeat
1546 3086 1794 3153 actuale
1840 3085 2241 3175 propositum
2269 3084 2603 3174 peccandi,

313 3190 524 3259 verior
556 3197 619 3258 et
658 3193 1080 3261 communior
1119 3198 1213 3261 est
1251 3192 1569 3260 sententia
1607 3191 1778 3281 quod
1829 3190 2169 3258 satisfaciat
2199 3195 2514 3280 praecepto
2545 3196 2606 3258 et

316 3317 445 3364 non
481 3303 701 3387 peccet
741 3299 1122 3385 mortaliter,
1152 3299 1304 3366 licet
1345 3319 1482 3365 non
1516 3297 1810 3365 videatur
1844 3319 2027 3388 posse
2060 3297 2249 3364 talem
2293 3298 2607 3365 recitatio-

318 3423 469 3470 nem
496 3406 782 3473 excusari
806 3406 1031 3473 saltem
1051 3405 1362 3473 aveniali.
1394 3403 1487 3495 (S.
1518 3404 1895 3494 Liguorius‚
1923 3404 1967 3470 l.
1999 3403 2112 3485 lv,
2139 3425 2194 3470 c.
2223 3404 2287 3489 2,
2318 3427 2387 3470 n.
2421 3404 2602 3491 178.)

319 3506 548 3577 Fateor
600 3532 708 3577 me
748 3523 1087 3600 nunquam
1139 3511 1527 3579 intellexisse
1562 3511 1891 3601 quomodo
1936 3510 2081 3599 quis
2118 3517 2362 3599 peccet,
2409 3510 2605 3576 etiam

324 3617 679 3700 venialiter,
707 3639 784 3684 ex
810 3639 884 3684 eo
908 3617 1170 3706 praecise
1196 3618 1370 3705 quod
1397 3617 1736 3684 satisfaciat
1774 3616 1969 3684 alicui
1998 3622 2331 3706 praecepto.

409 3721 580 3802 Quid
625 3724 705 3791 de
755 3723 1020 3790 rubrica
1070 3723 1480 3812 praecipiente
1520 3724 1729 3789 varios
1777 3722 2065 3811 corporis
2122 3720 2310 3803 situs,
2373 3735 2607 3804 nempe

330 3829 674 3896 mandante
702 3835 776 3897 ut
808 3829 934 3898 alia
971 3829 1229 3913 stando,
1261 3829 1385 3896 alia
1415 3829 1689 3917 genibus
1722 3829 1904 3895 flexis
1935 3829 2274 3894 dicantur?
2302 3861 2392 3873 —
2421 3821 2610 3890 Extra

332 3931 605 4002 chorum
639 3957 774 4003 non
822 3935 1086 4024 obligat.
1126 3935 1203 4002 ln
1246 3935 1445 4004 choro
1477 3936 1718 4027 obligat
1728 3933 2148 4027 probabilius
2190 3930 2312 3998 sub
2345 3926 2603 3995 veniali.

334 4035 422 4126 (S.
457 4040 831 4130 LignoriuS,
858 4042 907 4111 l.
932 4041 1045 4125 lv,
1081 4065 1139 4110 c.
1175 4043 1242 4125 2,
1272 4065 1339 4111 n.
1382 4043 1566 4132 179.)
