2930 4982
1074 349 1078 354 ’
1134 357 1216 403 DE
1261 356 1585 405 cunnus.
2382 351 2508 410 273

225 480 357 548 loco
390 476 638 568 citato.)
669 475 855 546 Unde
883 476 1247 568 Episcopus
1269 481 1475 568 potest
1498 477 1765 567 quidem
1810 480 1944 549 sive
1981 500 2058 548 ex
2085 479 2370 572 capitulo
2397 504 2514 552 ca-

225 584 519 667 thedrali,
553 585 686 651 sive
716 605 790 652 ex
827 584 1184 672 collegiata,
1230 589 1295 651 et
1329 582 1464 652 sive
1501 605 1577 651 ex
1604 584 1830 653 ordine
1856 585 2348 667 canonicorum,
2375 589 2513 658 sive

229 711 301 759 ex
345 690 567 758 ordine
603 690 1132 758 beneficiatorum
1187 688 1312 758 sibi
1355 710 1688 759 assumere
1715 689 1859 759 illos
1890 691 2052 760 duos
2098 692 2223 784 ipsi
2269 716 2309 762 a
2359 695 2511 786 jure

119 820 129 830 ·
230 818 588 880 concessos3
624 798 734 865 sed
762 798 935 865 ultra
976 798 1139 865 duos
1171 797 1239 865 in
1272 817 1393 866 suo
1433 794 1695 866 servitio
1741 798 2019 866 retinere
2052 800 2302 889 nequit,
2336 807 2410 869 ut
2436 823 2513 872 ex

226 903 730 994 praecedentibus
757 903 1280 973 concludendum
1304 903 1584 972 videtur.

305 1010 376 1075 7.
404 1007 615 1078 Potest
634 1017 850 1078 autem
874 1009 1233 1101 Episcopus
1257 1008 1383 1079 sibi
1405 1011 1646 1100 eligere
1665 1011 1829 1080 duos
1847 1009 2172 1102 quoslibet
2196 1033 2272 1080 ex
2288 1011 2518 1104 Digni-

227 1114 463 1182 tatibus
494 1120 557 1181 et
586 1116 942 1199 canoniciS,
974 1116 1251 1206 exceptis
1287 1116 1393 1195 iis,
1423 1117 1541 1206 qui
1571 1138 1798 1186 curam
1841 1116 2216 1185 animarum
2249 1124 2515 1208 gerunt,

225 1222 311 1288 uti
366 1222 656 1289 decisum
702 1246 739 1291 a
782 1222 975 1291 Sacra
1018 1224 1531 1314 congregatione
1575 1223 1838 1293 concilii
1888 1227 2154 1292 testatur
2192 1222 2519 1295 Benedic-

227 1331 317 1395 tus
354 1324 510 1396 XIV
549 1326 848 1418 (Institut.
888 1330 1041 1411 107,
1069 1331 1111 1421 ξ
1138 1329 1233 1419 9).

303 1434 380 1502 8.
412 1433 692 1526 Excepto
722 1438 915 1505 etiam
932 1436 1448 1517 Poenitentiario,
1470 1439 1605 1505 non
1628 1458 1782 1505 vero
1805 1436 2120 1505 canonico
2145 1436 2518 1526 theologali,

226 1547 292 1609 ut
314 1541 609 1611 diximus
636 1565 853 1634 supra.

305 1647 383 1715 9.
414 1647 495 1716 Et
533 1649 812 1740 exceptis
857 1652 1094 1740 pariter
1120 1649 1625 1740 coadjutoribus.
1659 1647 1829 1717 Nam
1854 1647 1936 1716 ad
1970 1647 2248 1717 dubium
2277 1651 2374 1719 sic
2414 1672 2523 1720 ex-

225 1754 504 1845 positum
533 1778 549 1823 :
582 1756 1066 1846 Exprivileqio
1084 1758 1154 1824 in
1180 1779 1446 1849 corpore
1468 1756 1652 1847 juris
1679 1755 1936 1838 clause,
1981 1754 2141 1823 licet
2167 1757 2520 1849 Episcopis

227 1860 331 1928 uti
361 1883 559 1952 opera
578 1860 865 1930 duorum
895 1863 1386 1949 canonicorum,
1412 1863 1529 1953 qui
1543 1862 1806 1931 servitio
1832 1861 2218 1952 hujusmodi
2233 1863 2521 1932 durante

226 1980 633 2057 reputantur
665 1983 1033 2060 praesentes
1078 1969 1169 2036 ad
1223 1969 1537 2058 effectum
1586 1966 1899 2036 lucrandi
1933 1970 2201 2058 fructus
2244 1991 2521 2038 suarum

218 2073 765 2161 praebendarum.
815 2078 958 2142 Hoc
988 2075 1243 2166 posim,
1288 2073 1534 2165 quoerit
1578 2072 1946 2164 Episcopus
1988 2074 2520 2165 Calaquritanus

226 2203 340 2266 an,
367 2181 598 2269 viqore
611 2179 1160 2272 dictiprivileqiz',
1175 2182 1397 2271 possit
1422 2179 1530 2246 uti
1543 2201 1750 2269 opera
1770 2180 2070 2246 canonici
2096 2179 2522 2268 coadjutoris,

222 2285 343 2374 qui
359 2282 600 2351 itidem
617 2286 877 2352 servitio
908 2285 1197 2352 durante
1219 2296 1566 2374 reputetur
1588 2305 1881 2375 praesens
1903 2280 1995 2349 ad
2017 2283 2328 2374 effectum
2341 2306 2527 2375 prae-

224 2389 514 2457 dictum.
553 2427 645 2438 —
674 2388 860 2458 Sacra
885 2391 1312 2481 Congregatio
1363 2389 1613 2458 censuit
1651 2388 1961 2480 neqative
1999 2387 2521 2482 respondendum

225 2494 428 2587 (apud
455 2495 880 2565 Benedictum
908 2497 1084 2578 XIV,
1120 2499 1260 2567 loco
1286 2498 1527 2587 citato).

1292 2772 1442 2850 §11

305 2940 378 2978 DE
406 2939 538 2978 JURE
568 2939 802 2978 EPJSCOPI
835 2938 1095 2978 RELATIVE
1119 2940 1190 2978 AD
1218 2936 1600 2976 ELEEMOSYNAS
1629 2930 1898 2974 msSARUn
1929 2933 1987 2972 IN
2020 2931 2455 2973 carm-:numum

330 3144 364 3183 «
394 3117 471 3186 In
509 3117 821 3201 ecclesiis,
865 3118 936 3184 in
983 3115 1230 3206 quibus
1262 3112 1484 3180 multae
1510 3109 1908 3199 colliguntur
1948 3110 2372 3197 eleemosynae
2408 3130 2524 3199 pro

249 3250 281 3289 α
312 3225 525 3293 missis
556 3223 985 3307 celebrandis,
1012 3221 1319 3289 nonlicet
1340 3217 1536 3286 easin
1562 3217 1719 3285 adeo
1745 3213 1996 3305 ingenti
2043 3235 2317 3284 numero
2351 3216 2523 3284 acci-

256 3357 286 3394 «
313 3353 484 3422 pere,
528 3330 584 3398 si
629 3352 918 3420 congruo
955 3336 1247 3420 tempore
1282 3325 1587 3394 omnibus
1625 3322 1922 3393 satisfieri
1961 3344 2096 3392 non
2140 3323 2379 3415 possit;
2416 3324 2516 3393 vel

256 3462 289 3501 α
315 3439 537 3506 saltem
566 3440 944 3529 apponenda
979 3443 1141 3506 esset
1163 3438 1233 3503 in
1259 3433 1525 3525 publico
1549 3432 1808 3513 tabella,
1835 3432 1907 3500 in
1930 3453 2060 3522 qua
2085 3437 2316 3500 notum
2345 3430 2524 3498 fieret

259 3569 291 3608 «
315 3545 728 3617 offerentibus
764 3546 1220 3633 eleemosynaS,
1271 3542 1445 3630 quod
1492 3540 1834 3608 celebratio
1868 3537 2217 3605 missarum
2264 3541 2527 3624 propter

260 3654 651 3744 «ingentem
698 3671 1054 3719 numerum
1100 3647 1344 3715 differri
1392 3650 1658 3734 oportet,
1721 3664 1879 3709 cum
1940 3641 2159 3707 dilatio
2223 3636 2527 3704 notabilis

265 3782 296 3821 «
318 3758 804 3850 adimplementi
826 3755 1042 3823 oneris
1065 3753 1440 3828 missarum,
1488 3748 1736 3814 secluso
1764 3764 2082 3812 consensu
2118 3739 2529 3809 offerentium

264 3887 297 3926 ι(
317 3866 767 3955 eleemosynas,
825 3864 909 3931 sit
967 3863 1308 3952 peccatum
1356 3851 1652 3938 mortale,
1718 3854 1793 3918 ut
1851 3849 2115 3916 firmant
2182 3847 2527 3939 quamplu-

269 3994 300 4033 «
321 3973 489 4040 rimi.

349 4106 382 4143 «
407 4078 660 4147 Debent
685 4077 924 4169 pariter
946 4073 1252 4166 Episcopi
1280 4091 1506 4140 curare
1547 4066 1623 4135 ad
1655 4065 2041 4157 praedictum
2079 4063 2404 4153 effectum,
2445 4087 2526 4134 ne

275 4205 307 4244 α
330 4185 737 4253 ecclesiarum
764 4189 1037 4250 rectores
1067 4180 1168 4248 vel
1187 4175 1737 4246 administratores
1758 4192 1835 4239 ex
1860 4170 2278 4261 eleemosynis
2302 4174 2531 4242 missa-

277 4312 310 4350 «
329 4310 467 4359 rum
486 4293 612 4360 sihi
632 4290 949 4358 retineant
967 4290 1254 4378 aliquam
1271 4284 1375 4352 vel
1403 4280 1750 4350 minimam
1777 4278 2171 4370 portionem,
2208 4280 2403 4345 etiam
2429 4277 2535 4338 fa-

289 4418 320 4458 «
344 4417 486 4466 vore
504 4398 925 4468 ecclesiarum
937 4448 956 4483 ‚
979 4395 1105 4462 nisi
1127 4393 1284 4460 adeo
1299 4394 1507 4458 essent
1520 4408 1856 4478 pauperes,
1887 4391 1960 4453 ut
1979 4385 2202 4453 subire
2222 4400 2356 4447 non
2388 4386 2536 4460 poss‘

2225 4496 2253 4541 ι
2266 4495 2293 4537 s
