2930 4982
1165 335 1243 381 nn
1289 335 1619 384 cmi-rums.
2430 328 2559 387 345

293 473 490 521 «rum
532 453 935 521 confratrum
962 473 1075 521 seu
1112 453 1620 546 capitularium),
1656 453 1737 523 sit
1782 455 2027 525 irritus.
2064 482 2098 522 »
2140 455 2222 525 Et
2260 454 2349 526 ita
2375 479 2564 527 oom-

284 560 489 628 munis
517 560 1003 627 canonistarum
1030 560 1366 628 sententia.

361 665 565 735 Verba
587 671 806 735 autem
832 664 1187 735 Alexandri
1212 666 1320 748 ΙΙΙ,
1356 668 1531 736 Cum
1560 689 1790 736 eorum
1814 669 2116 752 consiliO,
2139 669 2248 739 vel
2272 671 2557 740 sanioris

274 772 502 863 partis,
528 773 617 841 ita
635 772 957 863 explicant
980 774 1293 857 doctores,
1323 779 1396 841 ut
1421 773 1534 842 illa
1563 774 1792 841 sanior
1806 797 1975 865 pars
2002 774 2396 864 intelligatur
2415 797 2553 845 esse

277 878 459 946 simul
483 878 707 970 major
725 903 888 971 pars
928 880 1191 970 capituli
1218 887 1281 948 et
1308 902 1438 949 non
1477 881 1628 967 alia,
1667 881 1792 949 nisi
1822 880 2010 949 aliter
2045 883 2291 971 vigeret
2312 882 2555 951 alicubi

275 985 687 1053 consuetudo.
727 985 1139 1074 (Leurenius,
1163 986 1301 1055 loco
1327 985 1568 1072 citato.)

1345 1243 1455 1322 §2

267 1402 444 1444 UTRUM
480 1405 581 1445 PER
618 1405 1070 1447 coNsUETUDINEu
1108 1407 1264 1446 Exml
1303 1406 1479 1445 Possrr
1517 1407 1796 1447 Erlscorus
1849 1407 1885 1446 A
1923 1405 2270 1452 Rssoumssnno
2307 1407 2551 1450 camum

1284 1503 1526 1543 CONSILIO

343 1665 429 1734 Ex
456 1667 764 1736 decretali
800 1668 1150 1737 Alexandri
1184 1668 1267 1736 Ill
1306 1691 1501 1760 supra
1526 1669 1738 1756 citata,
1771 1668 2109 1736 honestati
2130 1668 2447 1738 contraria
2477 1692 2554 1740 ac

266 1773 526 1861 proinde
558 1774 902 1863 illegitima
941 1774 1146 1842 videri
1174 1780 1380 1865 posset
1411 1773 1804 1842 consuetudo
1842 1797 1971 1864 qua
2015 1773 2394 1866 EpiscopuS,
2444 1776 2551 1843 in-

265 1879 547 1947 consulto
576 1880 881 1970 capitulo,
930 1880 1210 1948 aliorum
1248 1880 1516 1948 consilia
1543 1880 1875 1948 adhiberet
1905 1908 1921 1968 3
1965 1880 2046 1948 de
2074 1880 2183 1947 illa
2223 1881 2550 1971 siquidem

264 1987 727 2054 consuetudine
752 1986 847 2072 ibi
877 2008 1169 2077 expresse
1193 1988 1454 2067 dicitur,
1484 2008 1631 2052 eum
1660 1982 1733 2049 id
1748 2006 1878 2052 non
1908 1982 2187 2051 dubium
2216 1984 2303 2052 sit
2327 1996 2391 2052 et
2426 1986 2555 2053 ho-

260 2092 503 2158 nestati
541 2104 675 2158 tuae
703 2103 767 2159 et
791 2105 1177 2160 sanctorum
1198 2095 1482 2159 Patrum
1511 2089 2041 2157 institutionibus
2061 2091 2413 2159 contraire.
2439 2090 2554 2160 Ni·

258 2194 625 2263 hilominus
670 2220 825 2264 cum
868 2199 1132 2275 existere
1184 2196 1533 2286 aliquando
1589 2196 1836 2285 possint
1887 2216 2091 2260 causae
2145 2197 2555 2265 rationabiles

259 2316 382 2366 cur
408 2296 773 2389 Episcopus
813 2301 1067 2367 omittat
1108 2299 1376 2389 capituli
1419 2297 1525 2365 sui
1566 2296 1914 2365 consilium
1945 2318 2306 2387 exposcere,
2339 2303 2558 2365 tenent

259 2406 681 2474 communius
729 2408 1075 2475 canonistae
1122 2404 1661 2473 consuetudinem
1722 2425 1854 2471 non
1912 2403 2319 2494 exposcendi,
2376 2424 2556 2495 posse

259 2509 622 2600 legitimam
664 2514 954 2582 evadere.
1015 2512 1142 2580 Ubi
1166 2511 1351 2580 adest
1388 2509 1786 2579 consuetudo
1819 2510 2121 2600 leqitime
2151 2509 2556 2601 praescripta

262 2612 491 2706 (inquit
529 2618 918 2699 Leurenius,
960 2619 1102 2686 loco
1130 2615 1372 2706 citato),
1391 2639 1522 2707 pro
1567 2616 1873 2684 libertate
1898 2615 2182 2683 Proelati
2208 2614 2555 2685 tractandi

258 2724 522 2812 neqotia
560 2726 894 2809 Eeclesioe,
928 2723 1394 2814 exercendique
1406 2723 1950 2814 jurisdictionem
1978 2722 2116 2789 sine
2142 2724 2416 2790 consilio
2446 2745 2554 2790 ca-

250 2827 486 2915 pituli,
544 2830 679 2896 haec
724 2831 953 2898 valida
1002 2833 1148 2914 erit,
1198 2853 1351 2899 cum
1412 2831 1620 2897 etiam
1667 2829 2124 2920 aequiparetur
2166 2827 2545 2918 privileqio.

257 2929 474 3010 Quam
516 2932 876 3002 doctrinam
900 2937 1114 3003 firmat
1131 2938 1429 3005 laudatus
1454 2935 1819 3005 Leurenius
1844 2936 2122 3003 textibus
2145 2934 2319 3024 juris
2345 2941 2405 3001 et
2433 2934 2550 3002 do-

261 3036 515 3106 ctorum
548 3040 943 3108 auctoritate.
1116 3051 1120 3054 ’

1344 3190 1458 3272 §⁷3

350 3356 666 3402 QUIBUSNAM
711 3358 767 3396 IN
798 3358 1014 3398 CASIBUS
1044 3359 1112 3396 DE
1140 3358 1272 3396 JURE
1300 3357 1549 3396 COMMUNI
1580 3350 1860 3396 TENEATUR
1892 3355 2167 3396 EPISCOPUS
2201 3358 2443 3397 CAPITULI

1088 3454 1377 3494 CONSILIUM
1408 3452 1714 3499 REQUIRERE

338 3600 607 3669 Duobus
659 3600 868 3668 modis
887 3601 1038 3690 jura
1065 3601 1361 3668 indicant
1396 3601 1809 3690 quandonam
1856 3601 1940 3668 ab
1969 3599 2283 3695 Episcopo
2323 3599 2545 3686 requi-

260 3709 645 3777 rendum‘sit
673 3707 1021 3775 consilium
1048 3707 1357 3796 capituli:
1389 3729 1504 3795 per
1530 3709 1936 3797 principium
1958 3729 2190 3797 nempe
2215 3702 2542 3794 generale,

260 3817 314 3878 et
353 3837 461 3904 per
504 3835 883 3907 expressam
912 3815 1287 3903 aliquorum
1321 3835 1589 3881 casuum
1617 3811 2248 3881 determinationem.
2278 3809 2363 3877 At
2392 3831 2542 3878 vero

259 3914 395 3988 licet
420 3922 693 4011 aliquod
719 3921 1053 4010 negotium
1088 3921 1211 3988 sub
1240 3921 1411 3989 dicto
1448 3920 1775 4011 principio
1805 3921 2088 4011 generali
2115 3918 2541 4009 comprehen-

263 4020 462 4115 datur,
505 4029 612 4096 vel
647 4028 843 4096 etiam
891 4027 970 4095 sit
995 4027 1073 4095 de
1104 4049 1375 4095 numero
1406 4038 1636 4095 eorum
1665 4049 1936 4095 casuum
1964 4026 2083 4113 qui
2118 4026 2480 4115 specialiter
2508 4047 2544 4090 a

264 4127 396 4214 jure
420 4134 904 4225 exprimuntur,
947 4157 1080 4204 non
1106 4135 1416 4203 continuo
1453 4135 1749 4220 sequitur
1793 4131 2024 4198 debere
2049 4131 2446 4224 Episcopum
2474 4131 2542 4195 in

268 4233 369 4302 illo
418 4242 815 4331 expediendo
854 4245 1111 4331 negotio
1157 4242 1508 4311 consilium
1541 4238 1810 4328 capituli
1834 4259 1909 4304 ex
1935 4238 2323 4329 obligatione
2349 4233 2540 4303 adhi-

270 4337 408 4410 bere
440 4368 456 4410 z
485 4369 642 4415 nam
687 4347 887 4416 simul
931 4369 1002 4415 ex
1025 4351 1175 4438 jure
1215 4345 1555 4416 communi
1581 4351 1830 4412 certum
1870 4351 1985 4430 est,
2022 4351 2083 4413 et
2110 4368 2147 4411 a
2172 4335 2542 4411 doctoribus
