2930 4982
446 370 571 428 ⁸50
1408 372 1753 420 'camuros

440 498 549 568 des
572 496 772 566 cultes
790 518 906 564 sur
925 494 1120 563 l'avis
1142 492 1223 561 de
1243 476 1563 583 I'Eveque
1583 503 1646 561 et
1666 491 1758 559 du
1772 492 2024 582 presset.
2053 490 2141 559 At
2161 490 2402 580 primo,
2426 492 2721 558 commis-

440 607 533 675 sio
569 605 680 673 illa
707 610 801 671 est
823 608 1079 670 tantum
1109 622 1227 692 pro
1255 599 1813 668 administratione
1847 597 2219 688 temporali;
2254 601 2552 665 remanet
2582 618 2720 687 ergo

438 732 596 780 suus
623 710 809 778 locus
838 709 969 798 legi
995 706 1400 775 Tridentinae
1426 706 1638 795 quoad
1650 704 2274 777 administrationem
2302 704 2718 793 spiritualem,

439 818 505 888 id
533 822 651 900 est,
681 816 898 907 quoad
923 809 1428 893 institutionem,
1458 813 1962 903 disciplinamet
1985 833 2198 880 mores
2230 812 2592 880 seminarii.
2621 810 2720 881 Se-

439 924 680 1008 cund0,
729 923 1063 991 decretum
1105 921 1271 989 illud
1296 919 1618 989 Gubernii
1645 920 1870 987 multis
1893 919 1969 987 in
1998 919 2159 987 locis
2185 940 2319 987 non
2358 918 2722 1001 observatur

438 1036 502 1100 et
529 1031 601 1099 in
628 1028 1123 1097 desuetudinem
1153 1028 1338 1115 abiit.
1376 1025 1621 1111 Tertio,
1654 1048 1810 1094 cum
1838 1025 2215 1116 hujusmodi
2244 1025 2626 1094 commissio
2652 1028 2720 1095 sit

438 1136 913 1224 anticanonica‚
944 1141 1165 1226 utpote
1188 1133 1537 1203 constituta
1566 1155 1604 1202 a
1628 1135 1763 1202 sola
1793 1133 2369 1225 potestatelaicali,
2409 1133 2523 1201 cui
2548 1132 2624 1207 de
2643 1139 2717 1201 ta-

438 1242 608 1314 libus
626 1243 872 1333 absque
900 1264 1165 1312 assensu
1193 1244 1519 1333 potestatis
1541 1241 1989 1310 ecclesiasticae
2016 1242 2362 1309 decernere
2391 1263 2533 1309 non
2563 1241 2713 1328 licet,

437 1350 585 1419 satis
616 1351 898 1441 profecto
931 1349 1055 1417 erit
1077 1348 1258 1417 illam
1284 1349 1697 1417 solummodo
1725 1348 2027 1417 adbiberi
2064 1350 2130 1416 in
2162 1353 2489 1437 quantum
2520 1369 2715 1416 neces·

438 1457 589 1525 sitas
616 1458 817 1546 exigit
844 1456 924 1524 ad
952 1455 1214 1524 vitanda
1241 1478 1396 1524 cum
1424 1455 1761 1524 Gubernio
1791 1455 2244 1546 intempestiva
2275 1455 2528 1544 jurgia.
2557 1455 2713 1524 Pote-

438 1562 524 1630 rit
546 1585 698 1653 ergo
728 1563 1033 1630 constitui
1064 1563 1439 1632 commissio
1470 1565 1778 1631 canonica
1799 1564 1981 1652 juxta
2010 1562 2219 1650 legem
2249 1561 2708 1643 Tridentinam,

438 1669 523 1738 ita
551 1674 624 1736 ut
644 1691 796 1736 cum
819 1668 931 1736 illa
948 1668 1306 1759 Episcopus
1325 1669 1702 1759 temporalia
1722 1669 2056 1736 seminarii
2081 1668 2503 1736 administret.
2533 1668 2712 1736 Com-

439 1774 738 1843 missioni
794 1781 1012 1842 autem
1062 1773 1382 1843 Gubernii
1434 1776 1669 1864 poterit
1728 1781 1981 1842 tantum
2031 1775 2173 1841 dari
2224 1770 2710 1841 communicatio

432 1902 661 1950 eorum
690 1903 836 1969 quae
868 1880 1230 1971 Episcopus
1263 1883 1405 1971 jam
1444 1902 1601 1948 cum
1647 1881 1960 1970 legitimis
1987 1880 2309 1971 deputatis
2354 1881 2707 1948 decreverit.

435 1986 803 2057 Sacerdotes
843 2009 996 2055 vero
1025 1988 1556 2055 commissionem
1585 1987 1758 2055 hanc
1786 1986 2104 2055 Gubernii
2143 1988 2524 2071 conflantes,
2553 1987 2603 2053 si
2624 2006 2708 2053 re-

435 2098 665 2163 cusent
679 2115 793 2183 pro
804 2093 1118 2181 legitimis
1140 2093 1380 2162 habere
1404 2094 1987 2161 administrationis
2002 2099 2181 2161 actus
2198 2115 2313 2183 per
2331 2093 2705 2184 Episcopum

433 2220 588 2269 cum
615 2201 1071 2268 commissione
1095 2201 1408 2268 canonica
1450 2207 1685 2289 gestOS,
1715 2206 2018 2291 poterunt
2059 2209 2373 2293 tanquam
2399 2197 2704 2269 schismati

434 2304 718 2376 faventes
768 2308 846 2375 ad
890 2306 1177 2374 tribunal
1233 2307 1741 2376 ecclesiasticum
1789 2309 2006 2376 vocari
2054 2313 2118 2374 et
2162 2307 2398 2375 debitis
2433 2306 2632 2399 poenis
2655 2309 2707 2371 et

433 2412 727 2479 censuris
759 2412 970 2503 plecti.
1002 2410 1084 2478 Et
1112 2413 1204 2480 sic
1233 2411 1559 2480 Gubernii
1584 2414 1957 2481 commissio
1984 2435 2103 2505 pro
2146 2411 2342 2481 unico
2375 2413 2583 2481 officio
2609 2411 2706 2478 ha-

431 2516 629 2598 bebit,
664 2518 1050 2586 formalitate
1079 2519 1216 2604 illa,
1250 2542 1451 2609 quam
1483 2543 1603 2612 pro
1640 2544 1822 2590 nunc
1855 2522 2050 2612 exigit
2080 2522 2182 2589 lex
2230 2520 2461 2605 civilis,
2495 2518 2707 2587 vestire

429 2621 1053 2690 administrationem
1079 2623 1383 2715 Episcopi
1400 2632 1461 2693 et
1478 2629 1956 2696 commissionis
1976 2629 2321 2696 canonicae.
2349 2626 2515 2713 Ergo
2532 2645 2704 2691 com-

430 2729 654 2797 missio
680 2728 887 2817 alege
911 2727 1090 2795 civili
1128 2732 1479 2798 constituta
1507 2755 1625 2823 pro
1666 2735 2220 2818 administratione
2251 2730 2579 2821 temporali
2605 2750 2704 2798 see

434 2835 719 2921 minarii,
751 2835 1027 2904 minime
1053 2837 1327 2926 impedit
1353 2840 1521 2928 quin
1547 2842 1979 2909 constituatur
2003 2865 2123 2933 pro
2149 2841 2375 2910 eadem
2401 2836 2700 2907 adminis-

429 2943 698 3010 tratione
716 2941 1087 3011 commissio
1109 2943 1403 3033 legitima
1430 2968 1471 3013 a
1492 2947 1776 3015 concilio
1806 2947 2189 3016 Tridentino
2214 2946 2600 3038 praescripta.
2632 2941 2699 3009 Et

427 3047 586 3115 forte
612 3048 912 3140 Episcopi
949 3049 1174 3118 Galliae
1205 3051 1391 3118 facile
1430 3052 1622 3121 hodie
1659 3053 2024 3121 obtinerent
2051 3055 2527 3122 ordinationem
2557 3051 2694 3120 civi·

426 3152 558 3221 lem
583 3154 714 3244 legi
760 3155 1065 3224 Ecclesiae
1094 3158 1183 3223 ›in
1218 3157 1342 3228 hac
1386 3179 1456 3225 re
1500 3161 1932 3250 attemperari.
1973 3160 2064 3228 At
2109 3166 2279 3228 certe
2305 3164 2589 3250 possunt,
2625 3156 2689 3224 ad

428 3263 915 3347 protestandum
967 3267 1192 3328 contra
1246 3263 1433 3331 istam
1502 3263 1813 3333 libertatis
1870 3266 2314 3335 ecclesiasticae
2365 3266 2684 3349 laesionem,

427 3367 644 3451 aperte
672 3364 1022 3447 declarare,
1058 3367 1182 3434 sibi
1210 3368 1307 3435 fas
1332 3390 1467 3436 non
1487 3392 1621 3437 esse
1645 3393 1803 3440 cum
1833 3371 2154 3462 deputatis
2177 3369 2687 3443 Gubernii-semi·-

425 3466 688 3534 narium
718 3467 1196 3551 administrare,
1230 3471 1388 3538 dum
1405 3473 1518 3540 lex
1550 3476 1980 3563 ecclesiastica
2001 3479 2327 3569 legitimos
2360 3474 2687 3572 praescribit

426 3573 759 3665 deputatos
790 3596 944 3642 cum
981 3574 1224 3664 quibus
1262 3577 1488 3668 peragi
1534 3581 2006 3653 administratio
2034 3586 2146 3653 illa
2187 3586 2455 3667 debeat;
2488 3591 2548 3654 et
2571 3601 2683 3652 rem

423 3704 557 3750 esse
581 3682 803 3750 saltem
832 3704 986 3751 cum
1025 3680 1301 3752 Summo
1353 3684 1689 3772 Pontifice,
1743 3693 1877 3778 qui.
1899 3691 2072 3764 solus
2120 3696 2324 3782 potest
2360 3695 2434 3761 in
2463 3690 2686 3781 legibus

423 3787 725 3859 Ecclesiae
754 3789 1234 3859 universalibus
1255 3791 1653 3883 dispensare,
1678 3798 2083 3866 tractandam
2103 3804 2297 3889 atque
2322 3815 2683 3890 componen-

422 3893 595 3962 dam.

509 3995 594 4063 V.
630 3995 756 4064 Sed
784 4022 995 4090 neque
1038 4002 1358 4092 impedire
1406 4002 1660 4072 videtur
1689 4008 1905 4095 praxis
1957 4009 2521 4100 contrariaquaea
2544 4015 2683 4076 tem·

422 4117 574 4188 pore
598 4106 967 4176 concordati
994 4105 1289 4177 invaluit.
1314 4108 1460 4177 Non
1489 4111 1674 4178 enim
1690 4112 1806 4181 hic
1820 4115 2039 4203 agitur
2056 4119 2311 4186 tantum
2332 4117 2412 4185 de
2431 4111 2685 4207 simplici

420 4206 885 4278 consuetudine
912 4218 1134 4284 contra
1160 4216 1613 4286 Tridentinam
1638 4217 1851 4309 legem
1904 4222 2189 4310 invecta3
2219 4223 2330 4291 sed
2381 4221 2574 4292 simul
2621 4218 2686 4286 de

405 4307 587 4397 juris
607 4304 817 4377 alieni
844 4312 1208 4405 invasione.
1237 4322 1481 4412 Agitur
1532 4346 1766 4417 nempe
1804 4328 1884 4397 de
1912 4328 2262 4419 spoliandis
2300 4330 2595 4421 capitulis
2620 4344 2683 4394 eo

410 4418 560 4501 jure
581 4415 757 4504 quod
783 4416 1109 4490 habentia
1128 4430 1635 4500 seminariorum
1663 4433 2009 4530 regimine.
2034 4434 2317 4517 Quaestio
2343 4438 2675 4529 igiturest:
