2930 4982
424 351 460 403 ἓ
472 353 501 404 4
516 351 548 404 4
1392 349 1728 397 TRACTATUS

1167 680 1461 761 PARS
1527 675 1961 759 TERTIA

474 912 569 960 AD
619 908 791 968 QUID
842 905 1219 954 TENEATUR
1270 902 1705 966 CAPITULUM,
1777 900 1910 949 SEU
1977 898 2068 948 DE
2138 898 2635 977 CANONICORUM

1256 1033 1845 1085 OBLlGATIONIBUS

500 1268 572 1336 ln
603 1265 816 1358 prima
851 1265 1053 1354 hujus
1088 1266 1398 1330 tractatus
1424 1260 1608 1328 Parte
1636 1257 1924 1326 vidimus
1957 1252 2126 1346 quid
2140 1254 2248 1325 ¹sit
2285 1255 2680 1346 capitulum,-

409 1372 912 1465 introspeximus
958 1369 1197 1438 scilicet
1246 1367 1625 1437 venerandae
1663 1372 1725 1432 et
1765 1363 2162 1455 perantiquae
2203 1363 2320 1451 huj
2331 1384 2406 1431 us
2451 1363 2682 1433 institu-

409 1482 607 1552 tionis
627 1487 928 1549 naturam
953 1476 1439 1565 essentialiaque
1461 1475 1768 1542 attributa
1793 1477 1857 1540 et
1880 1472 2185 1539 intimam
2204 1471 2677 1541 ordinationem.

409 1590 485 1660 ln
531 1586 818 1658 secunda
863 1585 1051 1653 Parte
1094 1582 1554 1673 inquisivimus
1582 1605 1625 1649 α
1660 1604 1787 1671 quo
1825 1580 1914 1648 sit
1962 1579 2367 1670 capitulum,
2396 1580 2462 1647 id
2496 1585 2616 1666 est,
2650 1601 2683 1648 a

406 1717 693 1786 quanam
727 1697 1032 1783 potestate
1059 1691 1264 1758 creari
1295 1710 1408 1756 seu
1438 1687 1744 1756 constitui
1774 1686 2019 1777 possint
2044 1690 2188 1753 tum
2217 1685 2515 1776 capitula,
2548 1689 2683 1753 tum

405 1802 845 1894 capitulorum
886 1797 1203 1865 membra.
1232 1795 1428 1864 Nunc
1469 1794 1826 1863 dicendum
1863 1792 1958 1863 ad
1990 1792 2154 1883 quid
2190 1803 2514 1861 teneatur.
2547 1789 2682 1861 Cor-

406 1931 529 2001 pus
565 1907 741 1976 enim
768 1903 1352 1973 illud.clericorum
1383 1904 1562 1971 varia
1597 1900 1792 1968 habet
1818 1899 2171 1967 exercenda
2198 1897 2447 1984 officia5
2477 1899 2675 1980 variiS,

404 2022 547 2081 tum
577 2034 653 2079 ex
681 2011 813 2077 fine
841 2031 963 2077 suo
992 2008 1341 2092 essentiali,
1368 2014 1511 2076 tum
1542 2030 1617 2076 ex
1639 2010 1789 2098 jure
1814 2006 2110 2097 positivo,
2143 2006 2436 2095 subJacet
2456 2004 2679 2094 obliga-

401 2117 691 2186 tionibus
715 2144 730 2196 3
771 2115 1011 2204 quibus
1040 2114 1433 2205 exponendis
1461 2113 1788 2204 praecipue
1825 2112 2113 2180 intentus
2148 2132 2280 2179 esse
2308 2112 2502 2180 debet
2527 2111 2678 2201 quis·

403 2223 552 2314 quis
577 2222 855 2291 voluerit
880 2221 1125 2289 utiliter
1148 2221 1227 2290 de
1254 2219 1557 2310 capitulis
1586 2218 2033 2286 tractationem
2058 2219 2418 2285 instituere.

1371 2491 1664 2596 CAleT
1710 2496 1739 2555 I

517 2662 939 2712 OBLIGATIONES
979 2659 1138 2707 ERGA
1178 2658 1521 2721 EPISGOPUM,
1570 2663 1678 2707 SEU
1718 2663 1797 2708 DE
1838 2663 2076 2711 JURIBUS
2117 2664 2377 2711 EPISCOPI
2413 2662 2570 2710 ERGA

1383 2766 1720 2813 CAPITULUM

492 2966 963 3035 Correlativum
1008 2971 1102 3035 est
1146 2966 1548 3058 Episcopum
1593 2968 1829 3036 habere
1863 2970 1974 3059 jus
2015 2969 2273 3059 aliquod
2321 2970 2394 3037 in
2435 2966 2679 3059 capitu-

403 3075 570 3157 lum,
595 3077 658 3140 et
688 3073 1049 3163 capitulum
1075 3094 1228 3162 erga
1254 3072 1652 3164 Episcopum
1680 3075 1977 3164 obligari.
2012 3073 2448 3166 Summopere
2478 3079 2678 3141 autem

403 3184 658 3268 praestat
678 3179 977 3269 apprime
1005 3179 1369 3247 discernere
1395 3180 1477 3248 ad
1497 3201 1798 3268 quaenam
1821 3202 1955 3250 sese
1982 3182 2323 3250 extendant
2341 3183 2493 3271 jura
2507 3178 2678 3268 Epis-

405 3283 551 3374 copi
590 3284 658 3350 in
699 3285 1100 3373 capitulum3
1132 3290 1275 3353 tum
1307 3306 1391 3353 ne
1429 3285 1718 3354 indebita
1756 3290 1964 3377 exigat
2014 3289 2399 3380 EpiscopuS,
2441 3292 2572 3354 tum
2597 3303 2676 3349 ne

403 3388 617 3457 dehita
643 3387 961 3479 Episcopo
996 3394 1297 3458 recusent
1323 3390 1646 3477 canonici,
1676 3398 1739 3459 et
1769 3392 1860 3461 sic
1885 3394 2028 3462 lites
2061 3400 2123 3462 et
2147 3392 2486 3463 conflictus
2511 3408 2677 3481 prae-

404 3502 775 3563 caveantur.

1494 3636 1603 3717 §1

634 3805 870 3853 QUAENAM
910 3802 1241 3843 HONORIFICA
1266 3802 1550 3844 TENEATUR
1578 3805 1881 3845 CAPITULUM
1909 3806 2177 3846 EXHIBERE
2206 3808 2458 3847 EPISCOPO

491 3959 785 4027 Pomorum
808 3959 858 4026 1.
893 3994 983 4009 —
1016 3956 1403 4045 Honorifica
1431 3956 1762 4050 Episcopo
1801 3959 2172 4028 eoelzibenda
2196 3958 2421 4051 quoad
2441 3958 2683 4026 locum.

404 4102 493 4119 -
525 4065 589 4130 1⁰
614 4062 899 4136 Debetur
931 4063 1248 4155 Episcopo
1284 4067 1425 4130 tum
1463 4063 1534 4130 in
1573 4064 1794 4148 choro,
1824 4071 1966 4133 tum
1992 4066 2064 4134 in
2103 4067 2410 4157 capitulo,
2439 4072 2582 4132 tum
2623 4060 2693 4127 in

404 4167 919 4265 processionibus
951 4176 1014 4235 et
1046 4169 1189 4237 aliis
1220 4169 1472 4237 actibus
1509 4168 1816 4259 publicis,
1846 4172 2062 4261 prima
2107 4172 2287 4241 sedes
2329 4179 2391 4242 et
2415 4173 2601 4240 locus
2640 4168 2698 4233 et

404 4277 729 4372 praecipua
758 4271 1163 4360 agendorum
1192 4276 1562 4342 auctoritas·
1591 4274 1903 4365 Sequitur
1931 4300 2007 4345 ex
2035 4284 2270 4347 natura
2303 4281 2442 4370 ipsa
2467 4272 2700 4365 digni-

276 4465 286 4472 &
399 4387 544 4452 tatis
572 4375 953 4472 episcopalis
987 4399 1003 4443 ε
1039 4377 1148 4443 sed
1177 4377 1351 4444 idem
1381 4379 1650 4469 insuper
1678 4382 1957 4451 decrevit
1989 4383 2375 4453 Tridentina
2411 4378 2699 4472 synodus
