2930 4982
1153 342 1234 388 ms
1277 342 1601 389 caelicus.
2394 330 2521 388 455

228 459 393 550 gerit
409 458 609 528 Nardi
633 459 796 551 (loco
820 458 1070 550 citato);
1112 459 1227 549 qui
1261 459 1761 549 explorationem
1792 482 1976 529 suam
2008 459 2103 527 sic
2135 458 2468 528 concludit
2501 485 2516 528 ε

237 593 271 632 «
318 565 394 634 ln
424 570 683 634 summa
727 588 857 633 non
897 565 1252 656 reperietur
1283 563 1499 631 ullum
1546 566 1903 655 capitulum
1945 566 2016 633 in
2058 568 2191 634 toto
2242 567 2518 646 mund0,

239 699 275 739 «
321 673 494 761 quod
531 672 812 760 insignia
834 693 965 739 non
1016 670 1270 738 habeat.
1302 670 1509 738 Aliud
1534 672 1781 738 scilicet
1809 671 2118 751 almutiiS,
2150 672 2328 739 aliud
2375 693 2520 740 mo-

240 804 275 845 «
315 783 497 861 zetta‚
519 778 694 846 aliud
710 778 1020 857 rochett0,
1046 778 1228 844 aliud
1252 775 1735 867 pontificalibus
1758 776 1978 844 aliisve
2001 778 2523 847 distinctionibus

238 909 273 949 «
314 885 811 952 condecoratum
853 884 1199 974 reperitur.
1244 908 1280 947 >2
1330 882 1926 950 Animadvertimus
1963 883 2197 971 duplex
2245 884 2325 951 ab
2372 905 2521 952 eru-

231 990 381 1058 ditis
406 991 702 1059 exhiberi
734 1012 943 1079 genus
969 996 1553 1056 monumentorum
1578 988 1868 1078 insignia
1899 988 2239 1056 canonicis
2263 991 2524 1079 propria

227 1097 911 1166 commemorantium.
959 1097 1108 1165 Alia
1142 1118 1380 1186 nempe
1403 1096 1772 1185 loquuntur
1793 1095 1873 1164 de
1899 1094 2273 1185 insignibus
2302 1116 2339 1161 a
2364 1092 2525 1163 Sede

228 1201 601 1292 Apostolica
646 1203 1007 1272 concessist
1058 1203 1184 1270 alia
1239 1203 1320 1270 de
1365 1201 1737 1291 insignibus
1811 1201 2101 1291 reliquis.
2169 1199 2525 1270 Sciendum

227 1328 465 1398 nempe
507 1314 602 1376 est
650 1309 733 1376 ab
783 1308 1232 1399 antiquissimo
1295 1302 1432 1377 aevo
1498 1314 1757 1377 caeteras
1842 1306 2143 1376 ecclesias
2210 1312 2523 1397 tanquam

224 1412 547 1482 honorem
588 1437 929 1483 summum
958 1414 1261 1482 ambiisse
1290 1415 1662 1483 facultatem
1711 1414 1948 1482 iisdem
1982 1413 2212 1480 utendi
2239 1414 2523 1483 vestibus

229 1521 428 1589 sacris
448 1527 511 1588 et
550 1521 917 1610 insignibus
957 1521 1200 1610 quibus
1232 1520 1537 1589 utebatur
1562 1520 1850 1589 Ecclesia
1880 1520 2209 1604 Romana3
2246 1541 2321 1586 eo
2350 1520 2525 1610 quod

227 1628 470 1696 scilicet
495 1627 780 1696 Ecclesia
810 1627 1101 1695 Romana
1125 1626 1431 1694 omnium
1462 1627 1743 1694 aliarum
1768 1633 1973 1694 mater
1988 1632 2149 1694 esset
2177 1632 2369 1716 atque
2387 1646 2526 1695 ma·

224 1733 447 1822 gistra.
493 1734 772 1801 Romani
806 1755 960 1823 ergo
1010 1733 1362 1801 Pontifices
1408 1733 1828 1824 privilegium
1890 1733 2055 1800 illud
2098 1731 2433 1824 Episcopis
2462 1734 2523 1801 et

225 1837 399 1907 clero
419 1839 789 1928 aliquarum
819 1838 1236 1906 ecclesiarum
1268 1840 1337 1905 in
1386 1838 1978 1906 remunerationem
2035 1837 2200 1916 bene
2252 1836 2520 1908 merito-

222 1962 378 2011 rum
433 1944 778 2035 aliquando
831 1942 1302 2012 concedebant.
1352 1943 1672 2012 Videmus
1719 1943 2042 2032 Aregium
2095 1944 2520 2035 Episcopum,

219 2049 378 2118 licet
399 2048 468 2118 S.
501 2050 816 2138 Gregorio
876 2050 1114 2138 Magno
1142 2050 1694 2139 acceptissimum,
1737 2051 1896 2117 dum
1929 2051 2208 2116 Romam
2241 2052 2518 2135 adiisset,

219 2150 545 2224 conatum
570 2157 764 2224 fuisse
794 2156 1087 2224 obtinere
1114 2179 1234 2246 pro
1261 2176 1328 2222 se
1355 2162 1417 2221 et
1451 2177 1568 2223 suo
1621 2156 2105 2224 Archidiacono
2145 2172 2342 2224 usum
2375 2156 2524 2226 dal-

221 2261 513 2328 maticae.
545 2260 690 2328 Non
737 2261 996 2328 obtento
1027 2261 1368 2351 privilegio
1398 2260 1469 2327 in
1505 2261 1785 2329 Galliam
1834 2269 2271 2328 reversus-est.
2304 2263 2526 2329 Postea

218 2370 445 2432 tamen
472 2366 539 2433 id
567 2368 630 2433 ei
656 2366 1047 2434 concessitS.
1080 2366 1434 2456 Gregorius
1453 2365 1549 2458 (S.
1574 2366 1799 2455 Greg.‚
1832 2367 1948 2434 lib.
1981 2358 2049 2454 7⁴3
2094 2368 2284 2457 epist.
2341 2366 2515 2459 112).

219 2471 740 2564 Archiepiscopo
815 2474 1033 2542 autem
1086 2472 1558 2541 Ravennatensi
1607 2468 1720 2563 qui
1744 2488 1749 2494 '
1772 2497 1971 2542 usum
2028 2474 2519 2565 mappularum,

221 2577 529 2647 Ecclesiae
555 2579 870 2647 Romanae
885 2573 1253 2671 proprium,
1288 2575 1670 2671 usurpabat,
1704 2581 2042 2651 slc'scribit
2071 2581 2240 2648 idem
2273 2581 2337 2651 S.
2366 2582 2524 2652 Gre-

225 2687 447 2774 gorius
475 2681 794 2775 Magnusi
841 2686 1030 2755 Illud
1045 2683 1273 2754 autem
1329 2685 1511 2777 quod
1544 2699 1687 2777 pro'
1724 2688 2050 2756 utendis-a
2088 2689 2268 2757 clero
2304 2701 2521 2757 'vestro

226 2793 571 2881 mappulis
590 2789 962 2883 sem'p'sistiS,
991 2793 1293 2859 anostris
1332 2794 1538 2860 eciam
1588 2794 1837 2860 clericis
1880 2795 2151 2881 fortiter
2179 2795 2524 2859 obviatum

230 2907 355 2974 est,
416 2896 778 2974 dicentibus
803 2898 987 2966 nulli
1010 2898 1130 2964 lzoc
1165 2919 1465 2985 unquam
1496 2893 1620 2963 alii
1648 2897 1915 2963 cuilibet
1928 2911 1937 2930 ‘'
1957 2897 2241 2961 eeclesiae
2269 2917 2524 2963 conces—

227 3021 381 3069 sum
397 3004 624 3093 fuisse.
648 3004 1191 3094 Archicpiscopus
1218 3002 1721 3069 Ravennatensis
1742 3002 1811 3067 in
1839 3001 2271 3068 defensionem
2293 3002 2522 3091 allega-

227 3107 340 3175 bat:
382 3111 519 3198 J'am
561 3123 766 3179 ‘usum‘
803 3123 970 3179 'esse‘
993 3109 1333 3198 antiquum
1388 3114 1453 3176 et
1515 3130 1553 3175 a
1608 3106 2181 3197 praedecessoribus
2218 3106 2523 3176 Romanis

227 3213 651 3283 Pontificibus
674 3217 1043 3284 toleratum.
1099 3215 1375 3284 Sanctus
1413 3213 1768 3302 Gregorius
1788 3212 1943 3280 ‘rem
1970 3213 2337 3303 composuit
2365 3235 2520 3281 con-

226 3320 512 3393 eedendo
559 3322 975 3412 privilegium
1015 3321 1524 3412 Archiepiscopo
1567 3325 1630 3387 et
1659 3320 1912 3411 primis
1945 3318 2086 3410 ejus
2137 3319 2521 3390 diaconibus

226 3432 507 3511 tantum,
546 3435 607 3495 et
638 3429 1035 3519 probibendo
1061 3452 1142 3497 ne
1165 3430 1243 3497 ad
1274 3429 1429 3497 alios
1450 3428 1918 3495 extenderetur.
1961 3427 2062 3519 (L.
2089 3426 2155 3512 3,
2192 3428 2376 3518 epist.
2404 3427 2491 3495 56

160 3548 196 3626 J
225 3532 378 3601 edit.
409 3532 722 3625 Maurin.)
749 3535 830 3601 Et
861 3536 1016 3602 hinc
1043 3542 1139 3601 est
1166 3536 1549 3625 quodjuxta'
1584 3536 1695 3624 jus
1740 3534 2095 3601 hodiedum
2144 3535 2367 3621 vigens
2416 3554 2521 3600 ca-

229 3639 454 3707 nonici
481 3640 766 3729 insignia
811 3641 996 3708 solita‘
1032 3653 1266 3729 gerere
1310 3645 1643 3729 nequeunt
1694 3640 1938 3727 absque
1985 3651 2286 3727 expressa·
2334 3636 2518 3705 Sedis

227 3735 916 3837 Apostolicaelicentia.
950 3746 1115 3827 Quia
1148 3765 1385 3835 nempe
1415 3747 1537 3812 ista
1574 3746 1862 3833 insignia
1892 3746 2075 3810 erant
2116 3742 2276 3808 olim
2296 3741 2518 3808 Eccle-

228 3855 335 3923 siae
355 3854 667 3924 Romanae
697 3856 977 3946 propria.
1014 3853 1419 3943 Caeteroquin
1467 3851 1997 3943 praesumendum
2025 3858 2119 3917 est
2145 3849 2302 3916 olim
2334 3849 2520 3938 capi-

226 3963 388 4043 tula,
448 3969 794 4052 antequam
821 3964 1247 4036 obtinuissent
1277 3961 1563 4050 insignia
1588 3981 1626 4027 a
1655 3958 1817 4028 Sede
1842 3956 2206 4047 Apostolica
2253 3956 2517 4026 concedi

228 4071 434 4151 solita,
462 4072 683 4161 aliqua
710 4070 1142 4137 nihilominus
1164 4057 1347 4158 signa
1371 4059 1737 4135 distinctiva
1764 4064 2069 4133 habuisse
2086 4063 2208 4131 sibi
2233 4057 2519 4155 propria,

228 4178 724 4267 quibusaclero
782 4177 1084 4245 inferiore
1126 4177 1666 4243 discernerentur.
1720 4170 1908 4239 Unde
1966 4175 2254 4238 remanet
2289 4191 2518 4238 verum

229 4288 579 4370 canonicos
602 4306 856 4374 semper
870 4286 979 4373 jus
1005 4282 1303 4351 habuisse
1324 4280 1402 4347 ad
1428 4268 1729 4351 habitum
1764 4277 2185 4367 insigniorem
2212 4282 2274 4343 et
2296 4273 2518 4339 distin-

228 4393 502 4480 clivum,
531 4391 681 4460 licet
714 4391 929 4481 quoad
960 4389 1244 4478 insignia
1262 4410 1443 4457 nunc
1473 4387 1604 4455 fere
1629 4384 1875 4474 ubique
1912 4384 2121 4465 solita,
2149 4380 2519 4467 requiratur
