2930 4982
412 303 496 358 44
1384 312 1728 358 'rnAc‘rAws

419 457 454 495 «
502 431 680 521 print
726 431 1044 498 l’homme
1089 438 1150 498 et
1174 433 1234 499 le
1262 432 1448 521 placa
1478 432 1637 499 dans
1688 431 1748 498 le
1805 432 2059 523 paradis
2102 437 2419 516 terrestre,
2467 454 2545 499 en
2592 433 2687 499 lui

423 562 457 601 «
505 537 795 604 donnant
823 559 915 604 un
948 537 1230 627 adjoinct
1262 536 1428 628 (Non
1460 542 1554 604 est
1577 535 1852 624 bonum,
1900 538 2063 605 dixit
2106 536 2457 625 Dominus,
2485 538 2689 605 homi-

423 668 457 708 «
503 664 655 710 nem
677 664 808 710 esse
829 643 1069 728 solum,
1105 642 1420 710 faciamus
1441 642 1502 708 ei
1532 642 1929 730 adjutorium
1958 641 2171 708 simile
2189 641 2375 733 sibi);
2410 643 2689 733 l'epouse

421 776 456 816 «
498 749 589 817 du
636 748 976 838 Seigneur‚
1032 753 1334 815 trouvant
1383 770 1465 815 au
1497 755 2054 816 commencement
2097 747 2262 837 qu'il
2308 749 2529 817 n’etoit
2583 770 2691 839 pas

421 882 456 921 «
501 855 631 923 bon
672 878 801 944 que
847 855 907 921 le
945 854 1157 921 Prelat
1178 855 1278 921 fut
1311 854 1447 921 seul
1488 854 1628 944 (Vae
1653 853 1796 933 soli,
1825 852 1980 944 quia
2031 874 2186 920 cum
2226 853 2522 922 ceciderit
2564 875 2694 921 non

421 987 456 1025 «
500 961 694 1029 habet
717 961 1163 1029 sublevantem
1192 963 1306 1047 se),
1341 961 1463 1029 elle
1487 962 1581 1028 lui
1608 961 1679 1027 fit
1702 982 1792 1027 un
1827 961 1968 1028 aide
2016 960 2372 1028 semblable
2415 959 2592 1030 alui.
2629 957 2694 1027 Si

420 1092 454 1132 «
499 1066 655 1134 bien
689 1066 988 1157 qu'apres
1032 1070 1210 1134 avoir
1233 1067 1439 1134 forme
1494 1066 1634 1133 l’un
1686 1072 1747 1133 et
1792 1065 2049 1148 l'autre,
2081 1065 2204 1132 elle
2233 1067 2328 1132 vit
2368 1070 2696 1134 comment

423 1202 455 1239 «
487 1174 608 1242 elle
637 1173 726 1239 les
755 1173 1150 1240 nommeroit
1174 1194 1191 1253 3
1224 1177 1286 1238 et
1311 1173 1635 1262 imposant
1660 1172 1695 1238 a
1723 1171 2016 1259 l'eveque
2041 1171 2100 1237 le
2128 1171 2276 1238 titre
2299 1173 2376 1239 de
2400 1171 2698 1262 superin-

421 1304 455 1343 «
484 1275 749 1345 tendant
776 1276 971 1344 soubs
990 1299 1061 1344 ce
1088 1297 1243 1343 nom
1272 1287 1501 1365 caput,
1530 1275 1652 1343 elle
1682 1276 1912 1343 voulut
1938 1298 2063 1365 que
2088 1276 2151 1343 la
2180 1277 2568 1366 compagnie
2591 1273 2697 1342 des

420 1408 454 1446 ι(
484 1381 832 1453 chanoines
887 1382 1005 1471 qui
1054 1382 1267 1449 devoit
1308 1383 1441 1449 etre
1493 1403 1647 1451 avec
1707 1382 1822 1470 luy
1870 1380 2210 1473 s'appelast
2279 1383 2652 1473 capitulum
2672 1405 2695 1446 .·

422 1513 457 1553 «
488 1510 640 1556 avec
685 1489 1100 1556 ordonnance
1138 1510 1430 1579 expresse
1472 1489 1669 1578 qu‘ils
1706 1511 1772 1557 se
1807 1489 2199 1578 joignissent
2235 1489 2593 1570 ensemble,
2640 1491 2697 1554 et

426 1621 458 1659 «
488 1595 734 1662 fussent
755 1595 928 1661 deux
950 1617 1033 1662 en
1057 1615 1187 1661 une
1213 1593 1434 1682 eglise.
1471 1619 1505 1659 »
2626 1668 2638 1681 .

503 1701 680 1769 Inter
707 1701 944 1769 multas
968 1700 1386 1790 etymologias
1421 1721 1581 1789 quas
1610 1698 1803 1767 refert
1840 1698 2169 1769 Sarnellus
2203 1700 2290 1791 (Il
2317 1700 2495 1769 clero
2524 1722 2697 1769 seco-

278 1818 283 1819 ’
417 1810 563 1876 lare
602 1807 716 1875 nel
765 1829 884 1875 suo
933 1805 1317 1898 splendore,
1373 1828 1515 1896 cap.
1564 1805 1680 1897 vi),
1740 1805 1839 1873 illi
1880 1806 2165 1874 adhaeret
2214 1807 2513 1897 opinioni
2561 1825 2699 1895 quae

411 1919 585 1982 tenet
618 1913 980 2004 capitulum
1010 1914 1097 1980 ita
1123 1913 1397 1996 dictum,
1435 1911 1593 2002 quia
1622 1911 1977 2003 capitatim
2013 1911 2370 1980 decernunt
2394 1912 2479 1981 de
2517 1911 2700 1981 rebus

412 2019 547 2086 suis
591 2020 912 2087 canonici.
950 2019 1139 2087 Putat
1185 2021 1413 2087 eadem
1462 2020 1541 2087 de
1589 2040 1780 2086 causa
1824 2018 2219 2109 Capitularia
2260 2019 2462 2088 dictas
2512 2018 2700 2086 fuisse

412 2123 586 2213 leges
620 2122 833 2192 Caroli
879 2124 1123 2214 Magni,
1179 2125 1334 2215 quia
1376 2146 1615 2214 nempe
1667 2123 1908 2191 fiebant
1960 2124 2151 2192 dante
2195 2146 2464 2192 sensum
2508 2143 2698 2192 suum

417 2231 707 2320 quolibet
751 2233 1139 2300 consiliari0.
1185 2231 1511 2301 Caeterum
1551 2231 1810 2300 adnotat
1836 2231 2012 2298 idem
2052 2236 2276 2299 auctor
2322 2253 2544 2299 vocem
2582 2228 2699 2298 Ca-

412 2335 699 2423 pitulum
745 2342 1063 2423 quatenus
1108 2338 1461 2426 collegium
1515 2338 1985 2406 canonicorum
2030 2338 2479 2427 designantem
2517 2335 2702 2404 valde

412 2439 751 2527 antiquam
780 2461 912 2506 non
941 2460 1099 2519 esse,
1125 2460 1281 2506 cum
1312 2461 1444 2508 non
1470 2442 1829 2530 reperiatur
1856 2441 1925 2507 in
1952 2442 2243 2508 conciliis
2269 2442 2704 2529 Aquisgranae

413 2549 476 2609 et
507 2543 858 2631 Moguntiae
890 2545 1044 2611 noni
1074 2546 1314 2626 saeculi,
1348 2546 1418 2612 in
1459 2546 1701 2634 quibus
1730 2551 1947 2612 tamen
1984 2545 2200 2633 agitur
2229 2546 2307 2613 de
2338 2546 2697 2615 canonicis.

413 2648 606 2737 (Vide
634 2647 1233 2737 etiamSarnellum,
1264 2653 1438 2717 Lett.
1483 2652 1654 2719 eccl.
1693 2657 1850 2719 tom.
1878 2648 1965 2730 V,
1994 2652 2217 2719 lettera
2245 2650 2380 2741 10.)

984 3100 1050 3137 DE
1076 3101 1354 3140 ACCL'RATA
1387 3100 1755 3140 CAPITULORUM
1787 3100 2129 3139 DEFINlTIONE

501 3272 606 3340 Sic
636 3271 1258 3361 Schmalzgrueber:
1309 3300 1344 3339 ι(
1374 3274 1657 3366 Capituli
1700 3276 1968 3343 nomine
2000 3274 2389 3362 intelligitur
2423 3297 2699 3363 congre-

421 3403 455 3442 «
483 3385 627 3466 gata
672 3379 1080 3464 universitaS,
1139 3380 1273 3447 sive
1335 3380 1688 3469 collegium
1739 3381 2151 3461 clericorum,
2207 3380 2323 3470 qui
2381 3381 2506 3449 sub
2563 3403 2698 3450 uno

419 3511 453 3549 «
483 3484 766 3573 praelato,
802 3488 877 3550 ut
903 3485 1199 3552 membra
1232 3486 1354 3553 sub
1380 3507 1514 3552 uno
1544 3486 1774 3576 capite,
1814 3487 2058 3575 degunt
2080 3490 2143 3552 et
2180 3507 2335 3553 cum
2370 3507 2444 3554 eo
2477 3508 2695 3554 unum

419 3616 454 3656 «
485 3612 718 3680 corpus
746 3591 1169 3658 constituunt.
1217 3590 1306 3660 lta
1337 3591 1647 3660 Gonzalez
1688 3592 1783 3683 (in
1813 3597 2007 3683 caput
2037 3614 2083 3679 ι,
2119 3592 2291 3660 tituli
2321 3615 2411 3680 xi,
2452 3596 2548 3660 De
2590 3592 2694 3660 his

421 3720 456 3759 «
485 3720 643 3785 quae·
675 3696 852 3787 fiunt
893 3720 936 3763 a
976 3697 1230 3787 majore
1264 3711 1461 3789 parte
1498 3699 1837 3791 capituli),
1886 3706 1948 3767 et
1999 3701 2211 3790 quoad
2263 3721 2404 3766 rem
2451 3699 2696 3789 passim

421 3824 455 3864 «
482 3801 772 3870 doctores
795 3804 1050 3892 reliqui.
1082 3803 1180 3895 (ln
1205 3806 1320 3873 lib.
1350 3805 1436 3874 Ill
1462 3805 1922 3893 Decretalium‚
1953 3807 2050 3872 tit.
2081 3828 2172 3888 xl,
2202 3826 2273 3871 n.
2313 3803 2404 3895 1.)

500 3904 697 3974 Porro
742 3908 1087 4001 descriptio
1136 3910 1539 4000 hujusmodi,
1584 3934 1623 3978 a
1666 3911 1891 3978 multis
1944 3911 2295 3979 canonistis
2352 3914 2687 4001 usurpata,

407 4010 634 4078 haberi
685 4014 913 4101 nequit
980 4021 1289 4105 tanquam
1345 4016 1633 4106 rigorosa
1683 4021 1747 4085 et
1802 4018 2068 4107 proprie
2126 4017 2298 4084 dicta
2364 4016 2685 4083 definitio.

405 4114 665 4186 Nedum
718 4119 898 4185 enim
941 4124 1303 4212 capitulum
1354 4126 1649 4191 accurate
1696 4120 2018 4191 discernat
2061 4122 2142 4190 ab
2189 4121 2335 4189 aliis
2378 4121 2689 4188 omnibus

407 4223 990 4293 coadunationibus
1036 4251 1183 4316 quae
1229 4232 1514 4321 capitula
1563 4251 1698 4298 non
1744 4235 1920 4313 sunt,
1970 4229 2134 4296 illud
2174 4250 2210 4295 e
2254 4233 2479 4295 contra
2534 4247 2691 4295 con-

410 4330 629 4399 fundit
689 4353 846 4399 cum
902 4333 1184 4422 qualibet
1257 4337 1649 4410 clericorum
1713 4334 2210 4426 congregatione
2278 4333 2401 4402 sub
2471 4332 2687 4421 aliquo
