2930 4982
1138 390 1217 434 DE
1263 388 1590 435 CAPlTULIS.
2388 384 2511 440 499

221 513 454 603 nequit
502 510 779 579 Romani
832 505 1168 577 Pontificis
1213 500 1563 575 consensus
1605 506 1683 574 ad
1707 508 2264 596 praescribendum
2303 532 2515 581 neces-

220 640 456 687 sarius,

309 722 683 791 Pnorosmo
709 717 798 787 3⁸.
832 754 923 769 —
944 716 1211 789 Dictam
1238 715 1696 807 capitulorum
1725 715 1967 784 Gallice
1993 721 2269 807 praesim
2284 724 2543 812 plures,

216 828 498 898 vicarios
532 824 942 917 capitulares
981 822 1355 913 deputandi
1390 822 1770 911 leqitimam
1805 845 1941 890 non
1981 846 2133 905 esse,
2178 829 2521 919 colliqitur

215 959 299 1004 ea*
317 934 562 1002 recenti
581 931 911 1000 decisione
928 934 1153 998 Sacrae
1174 928 1729 1020 Conqreqationis
1748 929 2137 998 concilii.·--
2151 931 2396 1002 Prodiit
2415 938 2523 1006 de-

214 1042 370 1110 cisio
381 1041 491 1108 illa
504 1039 836 1123 occasione
846 1036 1228 1109 visitationis
1246 1035 1339 1102 ad
1354 1036 1601 1103 limina
1623 1035 2141 1107 Eminentissimi
2166 1037 2523 1111 Cardinalis

213 1149 510 1231 Gousset,
543 1144 877 1213 Remensis
902 1142 1424 1233 Archiepiscopi,
1470 1142 1599 1210 diei
1641 1142 1722 1209 15
1752 1142 2118 1210 decembris
2162 1144 2359 1213 1857.
2409 1146 2524 1217 Ni-

218 1256 473 1324 mirum
522 1253 592 1319 in
643 1273 755 1319 sua
799 1249 1110 1318 relatione
1148 1249 1467 1319 asserebat
1510 1248 1813 1317 laudatus
1843 1248 2523 1336 CardinaliS,consue-

171 1402 173 1404 v
213 1362 383 1429 visse
404 1360 715 1427 Remense
731 1357 1090 1447 capitulum
1115 1357 1332 1445 plures
1372 1355 1647 1423 vicarios
1676 1355 2064 1445 capitulares
2095 1357 2239 1425 sede
2259 1367 2523 1430 vacante

213 1467 554 1555 deputare.
588 1464 799 1544 Quam
833 1460 1378 1529 consuetudinem
1426 1462 1639 1549 quoad
1693 1483 1922 1530 omnes
1957 1460 2187 1531 Galliae
2223 1463 2525 1535 dioeceses

210 1572 578 1660 legitimam
607 1576 766 1637 tunc
789 1569 1101 1658 temporis
1131 1568 1305 1635 idem
1337 1566 1660 1635 Praelatus
1699 1568 2070 1658 reputabat3
2098 1569 2233 1637 imo
2265 1592 2409 1639 eam
2436 1572 2525 1638 le-

212 1678 520 1768 gitimam
546 1677 857 1744 declarari
885 1681 1342 1765 procuraverat
1371 1675 1442 1741 in
1482 1675 1837 1765 provinciae
1865 1697 1996 1743 suae
2043 1677 2318 1745 concilio
2363 1681 2524 1748 anni

217 1785 421 1854 1849.
456 1784 765 1852 Porroad
794 1783 974 1850 hunc
1018 1781 1203 1849 dictae
1248 1781 1581 1850 relationis
1633 1782 1879 1867 locum,
1912 1779 2120 1850 Sacrae
2144 1783 2520 1875 Congrega-

210 1891 412 1959 tionis
432 1890 693 1958 concilii
720 1889 986 1957 nomine
1025 1888 1365 1977 rescripsit
1398 1886 1978 1955 Eminentissimus
2023 1889 2383 1960 Cardinalis
2404 1892 2523 1960 Ca-

209 1997 412 2087 giano
442 1997 545 2063 die
595 1996 677 2062 14
722 1995 875 2084 julii
917 1994 1127 2081 1858,
1163 1994 1234 2060 in
1295 1992 1475 2060 hunc
1520 1994 1836 2061 modum:
1872 1993 2067 2076 Quod
2081 1994 2340 2077 innuiS,
2370 1998 2524 2065 istic

211 2101 390 2194 (sede
426 2100 730 2192 vacante)
766 2113 895 2167 tres
917 2100 1200 2167 vicarios
1228 2099 1630 2190 capitulares
1658 2098 1828 2189 eliqz·
1853 2101 2077 2186 solere,
2099 2103 2526 2173 animadver-

214 2218 380 2274 tunt
402 2205 920 2272 eminentissimi
971 2210 1235 2287 Patres,
1291 2205 1602 2294 capitula
1629 2206 2145 2290 cathedralium,
2173 2209 2353 2299 infra
2379 2223 2522 2278 octo

208 2310 359 2378 dies
395 2323 556 2401 post
583 2309 840 2376 obitum
862 2310 1215 2400 Episcopi,
1243 2332 1456 2377 unum
1486 2309 1848 2379 dumtaoeat
1895 2311 2000 2402 (ex
2027 2314 2242 2404 capite
2277 2315 2358 2383 16
2400 2338 2526 2384 ses-

206 2415 431 2484 sionis
454 2417 565 2498 24,
600 2419 696 2481 De
733 2415 1233 2507 reformatione)
1281 2415 1614 2483 vicarium
1643 2418 2111 2508 capitularem,
2136 2443 2270 2487 non
2297 2433 2523 2490 autem

208 2525 383 2592 duos
402 2524 509 2591 vel
519 2523 750 2614 plures
773 2520 1092 2612 deputare
1132 2520 1387 2609 debere,
1437 2523 1999 2614 quemadmodum
2028 2525 2108 2593 de
2123 2527 2400 2597 vicariis
2415 2554 2524 2621 qe-

206 2629 561 2697 neralibus
594 2651 786 2717 ayere
805 2629 1065 2697 licitum
1102 2640 1221 2697 est.
1252 2632 1411 2698 Hoec
1420 2653 1629 2721 porro
1654 2631 1910 2721 pluries
1947 2630 2308 2704 declaravit
2328 2660 2519 2705 sacra

206 2736 639 2826 conqreqatio
666 2735 1148 2827 Episcoporum
1175 2747 1241 2802 et
1269 2737 1687 2826 reqularium
1708 2757 1738 2820 ,·
1775 2760 1889 2804 nec
1918 2761 2053 2806 non
2087 2753 2151 2806 et
2177 2740 2318 2809 lzoec
2341 2744 2512 2834 ipsa,

203 2842 632 2909 nominatim
658 2842 728 2907 in
751 2841 1028 2908 Elvensi
1050 2840 1560 2931 jurisdictionis
1585 2841 1727 2910 adt
1759 2854 1820 2910 et
1841 2844 1911 2925 2,
1934 2842 2070 2912 diei
2098 2846 2126 2911 1
2160 2841 2514 2919 decembris
2612 2863 2619 2876 “

208 2946 423 3015 1736.
454 2945 746 3014 Monebis
769 2946 993 3036 itaque
1024 2945 1401 3034 capitulum
1445 2957 1550 3034 ut,
1577 2941 1857 3036 quando·
1887 2950 2145 3018 vacatio
2184 2952 2513 3038 ceciderit,

200 3050 405 3144 quod
422 3051 616 3142 lonqe
637 3051 752 3135 sit,
782 3050 936 3118 lzuic
965 3048 1333 3139 disciplinae
1355 3050 1740 3135 adhaeream
1770 3075 1922 3120 cum
1929 3056 2309 3144 praesertim
2338 3057 2516 3127 idem

201 3157 609 3249 capitulum
638 3181 777 3225 non
801 3155 1213 3247 impediatur
1233 3156 1489 3224 vicario
1514 3158 1727 3225 alium
1754 3159 1974 3226 virum
1992 3158 2373 3244 adsciscere,
2396 3166 2516 3254 qui

201 3286 413 3357 opem
436 3263 835 3354 adjutricem
875 3261 1081 3330 eidem
1096 3262 1401 3352 proebeat
1419 3317 1437 3350 ,
1473 3262 2033 3353 quemadmodum
2077 3289 2211 3337 non
2246 3269 2512 3357 pridem

200 3371 629 3440 inculcatum
658 3382 754 3438 est
778 3370 1067 3461 capitulo
1094 3369 1474 3453 Molinensi‚
1495 3371 1569 3437 in
1588 3371 2077 3461 approbatione
2100 3386 2511 3445 statutorum

201 3477 732 3568 capitularium,
765 3499 893 3568 per
937 3476 1199 3543 litteras
1238 3475 1377 3543 diei
1417 3476 1501 3543 10
1533 3476 1706 3566 julii
1739 3478 1933 3546 1854.
1967 3478 2510 3569 (Integramillam

197 3584 552 3674 epistolam
602 3582 799 3663 edidi,
851 3605 1073 3650 mense
1124 3581 1365 3649 octobri
1424 3581 1623 3668 1860,
1673 3583 1743 3649 in
1775 3583 2152 3651 collectione
2182 3586 2507 3676 periodica

194 3691 437 3757 Revue
455 3687 566 3756 des
591 3688 869 3756 sciences
888 3686 1421 3777 eccle'siastiques,
1460 3693 1636 3754 tomo
1666 3685 1753 3778 2,ι
1771 3688 2004 3777 pagina
2034 3689 2222 3780 293.)

290 3794 775 3864 Evincithocce
795 3795 1264 3863 documentum
1294 3793 1701 3881 illegitimam
1719 3816 1756 3861 a
1781 3794 1976 3862 Sacra
1995 3799 2500 3887 Congregatione

193 3900 478 3971 concilii
522 3907 884 3993 reputatam
964 3901 1161 3968 fuisse
1211 3899 1596 3967 Rhemensis
1642 3902 1909 3991 capituli
1964 3905 2214 3993 praxim
2286 3906 2501 3995 plures

193 4009 570 4100 deputandi
594 4009 865 4076 vicarios
888 4008 1288 4099 capitulares.
1312 4006 1379 4075 Si
1406 4029 1560 4074 vero
1587 4008 1931 4095 illegitima
1956 4009 2038 4078 sit
2064 4010 2133 4077 in
2158 4011 2501 4083 Rhemensi

195 4116 510 4192 dioecesi,
541 4115 723 4181 nulla
749 4121 842 4183 est
870 4115 1032 4183 ratio
1057 4136 1178 4181 cur
1209 4135 1342 4180 non
1370 4113 1441 4179 in
1484 4114 1726 4180 caeteris
1751 4114 1989 4202 pariter
2017 4115 2242 4185 Galliae
2266 4119 2501 4188 dioece-

196 4222 397 4290 sibus
428 4221 772 4308 illegitima
801 4222 1115 4292 censenda
1139 4219 1244 4287 sit.

294 4328 515 4416 Igitur
535 4349 610 4393 ex
627 4327 749 4393 hac
770 4325 981 4393 Sacrae
1000 4324 1533 4415 Congregationis
1558 4323 1951 4409 auctoritate,
1971 4333 2035 4394 et
2047 4349 2121 4396 ex
2135 4325 2493 4395 rationibus

195 4434 331 4503 sub
358 4432 1197 4523 praecedentipropositione
1211 4430 1523 4511 deductiS,
1544 4427 1981 4520 colligendum
2003 4434 2258 4501 videtur
2276 4448 2494 4495 revera
