2930 4982
1134 394 1215 439 DE
1257 393 1583 443 cunnus.
2382 399 2418 452 5
2429 400 2458 453 7
2472 401 2506 454 7

216 503 686 595 jurisdictionis
730 507 1029 577 obtinens
1070 512 1477 594 exercitium,
1522 515 1752 603 poterit
1787 516 2211 590 visitationem
2247 525 2351 592 vel
2394 550 2510 617 per

227 612 513 700 seipsum
559 613 823 701 exequi,
870 615 971 682 vel
1022 611 1136 707 pe'r
1180 617 1593 706 designatum
1622 641 1661 687 a
1696 641 1763 688 se
1810 624 2218 695 visitatorem.
2273 628 2508 702 Utrum

228 722 447 784 autem
477 719 675 808 possit
709 720 1101 789 visitatorem
1133 723 1325 790 illum
1367 725 1676 815 deputare
1703 726 1945 816 absque
1973 752 2291 803 consensu
2334 740 2513 829 capi-

230 822 395 906 tuli,
448 825 774 913 negabant
834 826 996 896 olim
1052 827 1255 918 aliqui
1314 837 1607 900 auctores
1636 882 1655 917 ,
1709 855 1784 900 ex
1845 834 2167 926 principio
2221 841 2303 909 ab
2358 845 2536 935 ipsis=

228 928 532 1011 admisso,
568 932 929 1020 capitulum
981 953 1231 1002 servare
1274 934 1490 1004 adhuc
1528 937 2050 1026 jurisdictionem
2106 954 2249 1032 post
2284 951 2517 1018 consti-

229 1039 447 1101 tutum
476 1035 821 1116 vicarium.
852 1035 1018 1105 Cum
1047 1044 1263 1106 autem
1284 1041 1425 1129 jam
1455 1048 1708 1110 certum
1736 1044 1819 1111 sit
1846 1044 2013 1111 nihil
2044 1048 2520 1135 jurisdictionis

228 1141 510 1208 exerceri
543 1164 724 1231 posse
751 1163 788 1208 a
814 1144 1119 1233 capitum,
1148 1145 1346 1213 electo
1373 1147 1615 1215 vicario
1641 1149 2008 1238 capitulari,
2042 1157 2400 1226 tenendum
2428 1172 2522 1231 est

237 1246 419 1313 hunc
451 1247 634 1314 nullo
663 1271 849 1338 egere
878 1250 1145 1340 capituli
1175 1273 1520 1336 consensu,
1547 1253 1716 1360 sicut
1748 1277 1880 1324 non
1911 1257 2140 1346 egebat
2164 1260 2524 1358 Episcopus

235 1354 551 1442 deputans
583 1353 865 1444 aliquem
892 1356 974 1424 ad
1007 1357 1390 1426 visitandam
1424 1359 1780 1428 dioecesim.

326 1456 405 1524 11.
439 1457 752 1540 Quoenam
789 1462 1232 1531 emolumenta
1270 1465 1471 1553 possit
1503 1467 1756 1554 exigere
1795 1467 2080 1538 vicarius
2123 1477 2523 1568 capitularis²

235 1562 338 1630 vel
367 1563 693 1654 delegatus
721 1566 805 1634 ab
832 1568 1386 1658 ipsosmissusQab
1414 1571 1495 1638 iis
1534 1593 1698 1660 quos
1738 1574 1985 1648 visitat?
2007 1614 2098 1628 —
2127 1578 2252 1649 Ista
2277 1587 2529 1654 emolu-

235 1677 454 1739 menta
479 1694 516 1739 a
544 1672 894 1740 canonistis
920 1683 1237 1742 vocantur
1268 1677 1670 1766 procuratio
1686 1698 1717 1761 ;
1744 1684 1806 1745 et
1842 1682 2097 1772 exigere
2127 1685 2247 1755 ista
2277 1691 2532 1759 emolu-

237 1783 458 1844 menta
481 1778 736 1861 {dicitur
763 1779 1023 1869 eoeiqere
1052 1783 1622 1870 procurationem.
1668 1810 1700 1848 «
1731 1784 1917 1855 Circa
1959 1793 2350 1864 exactionem
2382 1820 2534 1888 pro·

246 1910 282 1949 α
309 1884 662 1964 curationis
726 1884 1132 1954 visitantium
1188 1889 1309 1955 tria
1372 1895 1608 1957 statuta
1676 1899 1830 1959 sunt
1893 1918 1910 1961 ε
1973 1898 2262 1986 primum
2288 1955 2306 1986 ,
2359 1906 2536 1993 quod

249 1991 664 2081 «recipiatur
708 1991 920 2059 solum
967 2013 1006 2057 a
1047 1992 1205 2059 locis
1246 1993 1519 2061 visitatis
1565 2018 1581 2061 ε
1634 2000 1943 2084 secund0,
1990 2005 2164 2091 quod
2207 2008 2420 2077 solum
2466 2012 2536 2078 iu

249 2120 284 2158 «
311 2094 702 2162 victualibus
731 2119 747 2163 ε
779 2098 989 2181 tertio,
1012 2097 1187 2184 quod
1206 2098 1536 2166 visitantes
1556 2107 1617 2167 et
1639 2124 1870 2171 eorum
1894 2106 2245 2180 familiares
2266 2135 2540 2185 munera

252 2220 444 2265 «non
490 2192 826 2290 recipiant.
863 2228 897 2266 ›>
954 2201 1341 2291 (Monacelli,
1395 2205 1590 2273 editio
1637 2208 2020 2296 Venetiam,
2067 2219 2535 2327 pagina533.)

245 2305 520 2374 Possunt
551 2306 814 2390 visitati,
853 2309 907 2375 si
947 2310 1035 2377 ita
1079 2317 1309 2399 sponte
1347 2311 1571 2396 velint,
1620 2316 1927 2403 pecunias
1971 2319 2112 2388 loco
2149 2324 2539 2395 victualium

244 2411 510 2479 solvere.
542 2410 726 2481 Sicut
753 2412 1110 2506 Episcopus
1136 2415 1306 2482 nihil
1336 2422 1543 2507 potest
1559 2418 1817 2507 exigere
1850 2443 1969 2511 pro
1996 2424 2357 2497 visitatione
2387 2431 2543 2501 civi·

245 2519 387 2586 tatis
407 2520 478 2585 in
498 2542 628 2609 qua
651 2525 745 2587 est
767 2519 1176 2604 cathedralis,
1198 2522 1286 2589 ita
1307 2543 1425 2590 nec
1444 2524 1725 2592 vicarius
1747 2528 2139 2617 capitularis.
2165 2531 2540 2609 Procuratio

243 2625 446 2708 enim,
472 2647 547 2692 ex
573 2625 714 2715 lege
738 2628 1190 2710 ecclesiastica,
1221 2627 1492 2697 debetur
1513 2635 1768 2699 tantum
1802 2656 1922 2723 pro
1941 2636 2090 2705 -aliis
2119 2639 2278 2710 locis
2306 2643 2542 2716 dioece-
2635 2672 2643 2681 ·

242 2753 403 2818 seos,
436 2753 603 2799 ‚cum
649 2732 792 2798 ideo
843 2738 1096 2801 tantum
1143 2735 1493 2803 constituta
1542 2736 1625 2804 sit
1675 2744 1746 2805 ut
1792 2741 2061 2811 visitans
2091 2767 2182 2825 *ex
2225 2747 2537 2841 impensis

242 2837 494 2904 itineris
522 2859 654 2904 non
686 2845 1015 2926 gravetur.

332 2944 720 3011 Certumest
754 2941 1543 3035 vicarium'capitularem
1573 2971 1704 3016 non
1738 2973 1923 3040 posse
1943 2957 2207 3046 *exigere
2247 2963 2374 3031 nisi
2402 2989 2536 3037 me-

238 3050 544 3117 dietatem
574 3051 1042 3140 procurationis
1069 3073 1217 3140 quae
1258 3051 1577 3145 Episcopo
1619 3056 1904 3126 visitanti
1935 3060 2227 3132 debetur.
2263 3065 2352 3136 lta
2392 3071 2539 3160 plu-

236 3155 369 3222 ries
401 3154 748 3229 declaravit
771 3153 963 3223 Sacra
1001 3154 1430 3246 Congregatio
1469 3162 1730 3229 concilii
1767 3162 1938 3252 (vide
1982 3164 2346 3256 Monacelli‚
2392 3175 2534 3247 loco

237 3261 492 3352 citato);
525 3266 588 3329 et
618 3261 793 3329 idem
821 3266 917 3329 est
945 3261 1023 3329 de
1051 3262 1293 3330 vicario
1333 3266 1619 3352 generali
1646 3267 1983 3361 Episcopi,
2011 3273 2171 3349 dum
2200 3276 2282 3344 ab
2319 3280 2533 3372 impe·

233 3368 376 3438 dito
403 3367 720 3458 Episcopo
755 3368 835 3436 ad
860 3368 1240 3437 visitationis
1277 3392 1520 3462 munus
1549 3374 1914 3464 deputatur.
1953 3405 1988 3444 ι(
2018 3379 2199 3450 Ratio
2228 3391 2343 3470 est,
2375 3390 2531 3477 quia

239 3501 283 3541 ι(
312 3474 666 3542 visitatores
698 3474 1030 3543 inferiores
1062 3475 1402 3568 Episcopo,
1434 3483 1772 3569 pauciores
1801 3485 2099 3555 homines
2127 3497 2191 3558 et
2220 3496 2529 3582 pauciora

241 3609 283 3648 «
307 3585 607 3671 jumenta
633 3578 874 3669 quibus
909 3580 1151 3647 cibaria
1191 3590 1344 3649 sunt
1382 3584 1617 3672 danda,
1661 3611 1881 3657 secum
1914 3591 2151 3662 habere
2186 3604 2248 3663 et
2284 3600 2527 3668 condu-

136 3753 142 3759 ,
242 3714 283 3752 «
314 3708 458 3755 cere
505 3686 760 3755 debent.
795 3710 828 3749 »
868 3683 1257 3775 (Monacelli,
1290 3687 1434 3755 loco
1473 3691 1687 3775 citat0‚
1720 3714 1954 3786 nempe
1988 3703 2167 3786 parte
2198 3699 2277 3778 3,
2319 3703 2414 3777 tit.
2458 3706 2520 3787 1,

234 3793 523 3862 formula
548 3793 616 3876 lt,
644 3791 860 3859 adnot.
892 3790 987 3881 3.)

332 3899 401 3968 Si
428 3897 711 3968 vicarius
734 3897 1108 3987 capitularis
1136 3899 1334 3988 exigit
1353 3905 1873 3991 procurationem
1898 3910 2112 3981 officio
2139 3915 2522 3997 visitationis

236 4027 378 4076 non
411 4007 731 4096 impenso,
768 4003 866 4071 vel
903 4003 956 4070 si
992 4002 1187 4094 exigit
1221 4004 1372 4096 plus
1418 4008 1657 4099 debito,
1706 4014 1806 4081 vel
1849 4017 1899 4082 si
1949 4039 2219 4090 munera
2265 4029 2515 4120 recipit,

237 4112 519 4187 incurrit
555 4132 816 4200 poenam
861 4111 1298 4199 suspensionis
1346 4110 1444 4203 (ex
1487 4137 1627 4207 cap.
1673 4119 1938 4210 Eoez‘qit,
1970 4122 2063 4190 De
2098 4134 2412 4222 censuris,
2444 4139 2515 4207 in

234 4222 438 4302 sext0,
466 4221 530 4285 et
561 4236 638 4282 ex
670 4217 859 4305 capit.
902 4213 943 4283 3
979 4215 1278 4283 sessionis
1310 4215 1398 4283 24
1439 4221 1701 4303 concilii
1732 4223 1967 4318 Trid.).
2005 4228 2073 4299 Si
2115 4254 2268 4324 ergo
2313 4261 2517 4312 novus

231 4320 931 4412 Episcopusvicarium
960 4321 1381 4413 capitularem
1410 4326 1838 4417 syndicando,
1863 4333 2182 4407 invenerit
2207 4363 2361 4410 eum
2390 4345 2515 4416 hac

234 4426 757 4517 praevaricatione
778 4449 992 4508 reum,
1019 4428 1207 4497 debet
1233 4430 1422 4498 illum
1453 4437 1897 4526 exemplariter
1919 4447 2176 4534 punire,
2201 4456 2266 4515 et
2287 4472 2515 4521 curare

2200 4569 2271 4615 a?
