2930 4982
1163 291 1240 338 DE
1285 293 1612 341 cmwus.
2420 296 2441 348 1
2462 296 2530 350 41

266 438 297 475 <1
319 409 814 503 praesidentibus
853 409 1109 479 duobus
1141 412 1467 502 praedictis
1490 413 2052 499 hebdomadariis3
2085 419 2202 508 qui
2236 426 2545 510 praeterea

262 545 291 584 ιι
318 523 547 609 praesto
566 538 701 585 esse
722 516 1309 587 debebantcaeteris
1333 522 1825 590 occurrentibus
1845 522 1945 590 vel
1973 525 2398 595 morientium
2412 580 2429 607 ,
2442 533 2543 599 vel

262 623 746 714 «parvulorum
781 623 849 689 in
878 623 1170 711 periculo
1198 623 1744 715 baptizandorum
1773 629 2282 700 necessitatibus.
2314 631 2543 702 Utan-

260 737 444 798 «tem
475 729 578 797 illi
604 728 1093 798 hebdomadarii
1120 732 1449 820 canonici,
1480 753 1518 800 a
1547 733 1795 801 caeteris
1815 736 1894 802 de
1925 736 2096 806 clero
2120 739 2375 808 minore
2403 741 2538 831 (qui

258 860 287 901 «
310 841 369 904 et
393 836 526 926 ipsi
560 856 677 903 sua
703 835 980 924 quisque
1015 835 1422 906 hebdomada
1451 838 1937 929 deputabantur
1964 849 2024 909 et
2051 843 2194 914 ideo
2223 846 2541 915 vocaban-

256 949 415 1010 «tur
440 942 643 1010 etiam
665 941 1180 1033 hebdomadarii)
1221 943 1804 1034 distinguerentur,
1853 948 2524 1021 archihebdomadarii

255 1048 622 1141 «appellari
664 1049 976 1117 solebant.
1013 1047 1088 1115 ln
1116 1049 1410 1119 Concilio
1454 1050 2177 1145 Constantinopolitano
2214 1058 2369 1125 anni
2407 1057 2536 1126 536

257 1155 565 1223 «mentio
594 1154 669 1221 fit
697 1154 776 1221 de
817 1152 1096 1222 diacono
1137 1155 1868 1226 arckihebdomadario.
1921 1157 2023 1226 llli
2061 1181 2257 1250 porro
2297 1161 2546 1232 hebdo-

256 1270 284 1324 «
310 1262 595 1330 madarii
639 1261 910 1329 edebant
945 1267 1007 1329 et
1053 1264 1517 1352 pernoctabant
1553 1266 1624 1332 in
1673 1263 2042 1333 diaconico.
2106 1264 2538 1337 Diaconicum

254 1395 282 1433 «
312 1376 536 1438 autem
565 1390 677 1437 seu
715 1367 1124 1456 diaconium,
1165 1369 1342 1459 quod
1385 1372 1582 1440 etiam
1610 1372 2121 1462 postoplzorium
2165 1379 2227 1441 et
2267 1390 2545 1444 secreta-

252 1503 281 1541 «
306 1478 491 1545 rium
520 1476 889 1558 vocabatur,
918 1480 1105 1542 erant
1141 1475 1270 1543 illae
1307 1476 1475 1544 aedes
1500 1478 1572 1544 in
1599 1478 1843 1566 quibus
1873 1478 2365 1546 asservabantur
2390 1502 2540 1549 vasa

249 1606 520 1671 «sacra,
559 1583 923 1665 thesaurUS‚
971 1588 1349 1672 caeteraeque
1391 1605 1496 1651 res
1543 1584 1838 1673 pretiosae
1882 1589 1944 1651 et
1985 1583 2393 1672 archivium3
2452 1587 2546 1655 sic

246 1715 277 1754 «
310 1713 557 1781 nempe
582 1691 792 1774 dictae,
819 1688 993 1777 quod
1021 1695 1233 1756 essent
1252 1688 1378 1757 sub
1407 1689 1813 1779 inspectione
1833 1690 2281 1760 diaconorum.
2312 1691 2546 1762 Diaco-

247 1822 281 1860 «
309 1798 505 1864 nium
543 1798 833 1886 idipsum
879 1793 1075 1863 fuisse
1105 1796 1280 1885 quod
1311 1801 1533 1886 postea
1568 1798 1861 1865 sacristia
1899 1804 2203 1866 vocatum
2244 1804 2361 1887 est,
2409 1806 2539 1869 tota

246 1927 280 1964 «
313 1908 581 1970 testatur
611 1902 991 1992 antiquitaS,
1035 1907 1225 1990 atque
1252 1901 1392 1990 ipsa
1431 1902 1628 1969 etiam
1667 1903 1936 1992 liturgia
1965 1906 2171 1972 sancti
2203 1905 2430 1988 Marci,
2477 1911 2541 1974 et

243 2032 274 2072 «
303 2009 611 2098 quaedam
642 2009 910 2097 antiqua
938 2006 1070 2073 vita
1106 2006 1281 2095 apud
1319 2005 1592 2074 Surium
1625 2008 1799 2096 (aug.
1844 2031 1912 2099 p.
1945 2008 2127 2096 301).
2178 2007 2543 2078 Ostendunt

242 2142 274 2180 «
304 2114 634 2205 Ughellus
663 2119 727 2182 et
746 2114 975 2205 Lupus
1017 2112 1560 2181 hebdomadarios
1599 2113 1816 2180 solitos
1854 2114 2051 2183 fuisse
2088 2116 2542 2206 presbyterum

240 2244 272 2284 «
301 2242 561 2307 unum,
586 2241 804 2286 unum
821 2220 1199 2300 diaconum,
1227 2239 1444 2285 unum
1480 2217 1986 2301 subdiaconum,
2013 2224 2076 2283 et
2098 2239 2314 2283 unum
2350 2221 2549 2286 ostia-

235 2349 272 2390 «
300 2327 526 2391 rium.
566 2323 810 2389 Cibum
843 2321 1171 2388 habebant
1206 2322 1280 2387 in
1318 2321 1650 2404 diaconi0,
1696 2327 1768 2387 ut
1799 2326 2033 2410 praesto
2060 2341 2318 2412 semper
2342 2331 2549 2393 essent

234 2453 269 2496 ι(
303 2429 521 2496 variis
549 2428 794 2497 servitii
827 2428 1336 2496 necessitatibus.
1383 2451 1417 2491 »
1469 2425 1720 2518 (Nardi,
1755 2427 1883 2496 Dei
1915 2428 2230 2519 parochi,
2258 2437 2413 2501 tom.
2455 2431 2534 2518 ΙΙ,

233 2557 383 2625 pag.
423 2533 584 2616 343,
611 2535 761 2602 edit.
793 2534 1048 2618 Pesaro,
1081 2534 1304 2622 1830.)

320 2642 405 2709 11.
447 2640 632 2723 Quid
661 2640 849 2709 hodie
874 2641 1403 2711 hebdomadarii.
1442 2655 1531 2696 -'
1567 2642 1772 2712 Hodie
1802 2645 2349 2716 hebdomadarius
2378 2648 2540 2718 dici-

239 2754 336 2815 tur
363 2748 480 2815 ille
507 2748 857 2815 canonicus
884 2749 992 2815 cui
1025 2770 1136 2839 per
1167 2747 1646 2816 hebdomadam
1691 2749 2067 2818 celebrandi
2097 2753 2309 2819 divini
2335 2755 2535 2823 officii

243 2875 481 2922 munus
523 2853 872 2921 incumbit.
931 2878 965 2918 «
999 2851 1558 2921 Hebdomadarius
1602 2854 1898 2921 officium
1953 2856 2199 2922 faciens
2241 2858 2539 2944 primum

255 2958 540 3027 «locum
588 2960 828 3026 habere
857 2959 1046 3026 debet
1084 2979 1278 3048 super
1316 2979 1563 3025 omnes
1606 2959 1954 3024 canonicos
2000 2963 2064 3023 et
2092 2957 2455 3047 dignitateS,
2489 2968 2542 3033 si

258 3067 446 3156 «ipse
471 3071 572 3134 est
598 3067 956 3133 canonicus
994 3064 1096 3131 vel
1119 3064 1422 3152 dignitas,
1456 3061 1532 3129 Si
1576 3082 1728 3128 vero
1756 3065 1849 3128 est
1873 3060 2175 3141 clericus,
2218 3064 2407 3134 debet
2432 3089 2539 3136 ac-

257 3193 287 3232 «
313 3171 538 3239 cedere
568 3171 638 3237 in
672 3171 884 3238 medio
923 3170 1131 3238 chori.
1169 3167 1259 3259 (S.
1296 3165 1508 3259 Cong.
1545 3165 1673 3235 Rit.
1717 3167 1796 3234 17
1821 3169 1998 3256 junii
2043 3169 2271 3258 1616.)
2297 3210 2387 3224 —
2415 3172 2541 3245 He-

162 3302 170 3309 ·
260 3298 289 3336 «
314 3275 773 3345 bdomadarius
791 3278 862 3345 in
883 3275 1298 3344 decantandis
1316 3274 1498 3342 horis
1523 3274 1857 3342 canonicis
1878 3295 2011 3342 non
2028 3274 2216 3345 debet
2235 3279 2332 3347 uti
2352 3282 2530 3352 stola.

262 3408 290 3445 «
316 3382 409 3470 (S.
438 3383 647 3473 Cong.
679 3382 809 3451 Rit.
855 3384 896 3450 4
923 3383 1181 3473 augusti
1218 3378 1442 3472 1663.)
1469 3418 1560 3433 —
1588 3380 2144 3453 Hebdomadarius
2175 3387 2371 3456 etiam
2401 3413 2534 3459 non

262 3515 292 3553 ι(
316 3498 596 3580 paratuS,
638 3491 900 3581 quando
937 3495 1032 3558 est
1066 3489 1354 3558 facturus
1392 3489 1712 3575 officium,
1758 3490 1946 3559 debet
1973 3493 2194 3560 sedere
2222 3494 2293 3560 in
2319 3498 2535 3584 primo

262 3596 450 3666 «loco
491 3620 689 3689 supra
711 3618 941 3664 omnes
974 3597 1324 3663 canonicos
1348 3599 1412 3662 et
1444 3594 1812 3681 dignitates.
1852 3595 2340 3682 (Caeremoniale
2380 3598 2538 3686 Epi-

265 3728 293 3765 «
319 3726 687 3795 scoporum,
709 3704 756 3769 l.
778 3701 849 3789 2,
873 3722 932 3768 c.
955 3700 1051 3788 6.)
1068 3699 1726 3765 —Hebdomadarius
1749 3720 1884 3765 non
1908 3706 2114 3787 potest
2140 3701 2540 3786 praetendere

264 3812 813 3879 «celebrationem
843 3809 1196 3877 missarum
1226 3808 1288 3870 et
1310 3801 1710 3883 officiorum,
1733 3821 1880 3890 quae
1907 3802 1986 3868 ad
2013 3801 2301 3892 primam
2323 3805 2536 3896 digni-

267 3921 511 3985 «tatem
574 3916 941 4007 pertinent3
1008 3932 1083 3978 ea
1140 3930 1294 3977 vero
1347 3908 1616 3976 absente
1687 3906 1787 3974 vel
1846 3905 2177 3997 impedita,
2221 3915 2377 3980 tunc
2426 3936 2535 3984 se-

271 4051 300 4089 «
326 4027 533 4094 cunda
552 4023 830 4112 dignitas
852 4020 1040 4089 debet
1062 4019 1172 4086 illa
1198 4017 1545 4087 celebrare.
1567 4015 1658 4107 (S.
1681 4013 1889 4104 Cong.
1912 4012 2037 4082 Rit.
2061 4014 2130 4082 in
2156 4016 2530 4111 Andr-imi,

273 4155 302 4192 «
331 4131 408 4199 15
430 4130 652 4200 martii
669 4127 892 4218 1608.)
910 4126 1107 4195 —De
1127 4126 1441 4194 canonico
1458 4122 1967 4190 hebdomadario
1982 4130 2201 4213 parato
2219 4131 2535 4216 quaeritur

277 4242 549 4306 «utrum
590 4237 645 4304 is
681 4236 897 4305 sedere
940 4234 1167 4304 debeat
1212 4233 1284 4299 in
1328 4249 1599 4298 scamno
1641 4250 1858 4320 panno
1905 4237 2200 4321 cooperto
2247 4254 2285 4300 a
2327 4255 2533 4300 cornu

278 4368 309 4406 «
334 4341 626 4432 Epistolae
665 4346 1040 4434 praeparato,
1085 4362 1171 4409 an
1211 4339 1284 4406 in
1322 4337 1539 4426 primo
1574 4337 1755 4406 stallo
1790 4337 1872 4407 ab
1912 4360 1986 4406 ea
2028 4344 2206 4427 parte
2250 4336 2436 4401 chori
2466 4332 2538 4393 in
