2930 4982
336 348 372 402 4
381 345 417 401 8
427 345 462 400 8
1307 348 1650 397 ΤΒΔΕΤΑἸὌΒ

336 478 576 542 tentem
606 470 891 539 defuncti
941 467 1247 560 Episcopi
1296 467 1618 537 vicarium
1658 468 2056 537 confirmari.
2117 467 2286 536 Cum
2318 489 2473 558 ergo
2536 470 2628 539 ita

335 579 681 665 sanxerint,
704 580 815 668 jus
835 578 1056 645 favens
1082 576 1563 645 Archidiacono
1586 582 1650 644 et
1693 562 2296 667 Archipresbytero,
2343 576 2399 643 si
2452 578 2632 665 quod

335 686 606 769 extabat,
640 684 998 753 certissime
1029 684 1455 752 abstulerunt.
1492 684 1697 752 Hodie
1719 689 1938 751 autem
1968 706 2087 774 pro
2117 682 2327 749 nihilo
2350 682 2633 751 habetur

336 792 641 882 praedicta
665 791 927 880 opiui03
974 810 1121 879 quae
1149 797 1455 880 praeterea
1484 790 1656 858 cadit
1690 812 1765 857 ex
1816 811 1891 856 eo
1933 789 2106 877 quod
2158 788 2297 876 jam
2345 808 2382 854 a
2421 787 2631 854 multo

337 903 629 989 tempore
657 918 793 965 non
821 896 1091 964 existant
1140 894 1609 966 Archidiaconi
1646 902 1709 965 et
1757 893 2319 985 Archipresbyteri
2370 894 2632 985 proprie

342 1005 526 1073 dicti.
1890 1034 1893 1039 ·

1287 1173 1575 1235 CAPUT
1626 1173 1755 1232 Vll
1834 1128 1865 1149 M

345 1347 426 1391 m
447 1344 622 1393 nonu:
643 1345 840 1391 annuc
867 1346 1105 1391 uncum
1126 1332 1488 1391 pmcne-run
1513 1324 1932 1391 ’rinnau-rium
1947 1326 2282 1389 nummum
2300 1330 2640 1388 ‘mcououuu

732 1451 845 1497 rno
886 1451 1312 1497 rauronaunm
1349 1452 1633 1497 nonontm
1677 1435 2260 1495 Anmms‘rmnouss?

439 1639 667 1720 Quoad
699 1639 1182 1730 deputationem
1208 1640 1560 1724 oeconomi,
1593 1662 1626 1707 a
1657 1639 1943 1728 capitulo
2003 1639 2452 1730 peragendam,
2505 1637 2642 1706 ad-

348 1746 542 1814 vertit
569 1744 927 1813 Cardinalis
952 1747 1031 1813 de
1076 1746 1252 1813 Luca
1299 1744 1810 1836 (Annotationes
1836 1746 2182 1837 practicoe,
2224 1746 2385 1813 disc.
2424 1743 2537 1831 31,
2560 1746 2644 1812 in

351 1850 482 1920 fine
507 1853 667 1918 tomi
701 1849 886 1941 xlv)
910 1852 1090 1919 illam
1118 1873 1264 1920 raro
1292 1853 1533 1920 habere
1549 1852 1798 1938 locum,
1840 1854 1996 1942 quia
2023 1853 2092 1928 in
2116 1851 2505 1920 dioecesibus
2532 1851 2651 1919 ubi

349 1955 606 2023 fructus
626 1978 743 2045 pro
783 1962 1071 2046 tempore
1100 1958 1449 2025 vacationis
1475 1965 1885 2025 reservantur
1912 1958 2199 2026 Camerae
2230 1957 2649 2047 Apostolicae,

360 2068 556 2152 prout
576 2061 645 2128 in
665 2061 868 2147 ltalia,
901 2082 1280 2129 oeconomus
1304 2064 1652 2154 deputatur
1667 2089 1786 2155 per
1805 2065 2211 2132 collectorem
2243 2082 2525 2131 camerae
2550 2088 2566 2142 ;
2596 2069 2656 2132 et

358 2168 474 2235 ubi
503 2168 805 2235 collector
820 2168 1227 2258 Apostolicus
1257 2191 1323 2236 se
1345 2191 1480 2236 non
1506 2170 1770 2260 ingerit,
1794 2170 2207 2261 plerumque,
2234 2168 2385 2236 ’sive
2409 2172 2659 2236 ratione

360 2275 556 2364 regiae
595 2276 1083 2359 nominationiS,
1115 2277 1247 2343 sive
1285 2277 1532 2343 ratione
1563 2277 2078 2362 consuetudiniS‚
2105 2296 2239 2342 non
2282 2296 2322 2341 a
2345 2276 2657 2364 capitu10,

362 2383 473 2450 sed
497 2382 579 2449 ab
609 2382 751 2471 ipso
777 2402 928 2469 rege
952 2382 1050 2447 vel
1075 2384 1216 2471 ejus
1245 2381 1632 2450 officialibus
1641 2386 1869 2472 ,juxta
1916 2382 2372 2472 praescriptum
2400 2402 2668 2448 conces-

361 2487 627 2555 sionum
658 2487 1206 2578 Apostolicarum,
1235 2488 1582 2578 deputatur
1612 2490 1730 2579 qui
1768 2495 2054 2580 tempore
2075 2487 2424 2555 vacationis
2453 2487 2669 2554 admi-

363 2592 590 2658 nistret
626 2591 795 2657 bona
818 2614 1057 2657 mensae
1080 2591 1505 2681 Episcopalis.
1555 2591 1627 2660 ln
1650 2598 1818 2661 statu
1863 2599 2081 2661 autem
2113 2593 2402 2684 praesenti
2451 2591 2662 2657 eccle-

366 2696 626 2763 siarum
632 2690 883 2779 Gauiae,
917 2715 1142 2760 mensa
1166 2695 1565 2785 Episcopalis
1584 2681 1711 2764 tota
1734 2698 1864 2765 sere
1884 2698 2212 2766 consistit
2195 2718 2257 2764 m
2284 2693 2596 2785 pensione
2617 2714 2660 2761 a

367 2799 703 2871 Gubermo
731 2806 791 2866 et
810 2800 1092 2889 quodam
1124 2801 1575 2891 supplemento
1598 2804 1773 2898 quod
1804 2783 2161 2894 aliquando
2184 2800 2510 2893 provincia
2538 2800 2671 2867 ad-

371 2906 501 2987 dit3
536 2907 771 2975 solutio
792 2912 1009 2973 autem
1041 2907 1222 2974 illius
1241 2907 1656 2997 pensioniset
1702 2911 2169 3001 supplementi,
2198 2912 2462 2976 vacante
2493 2906 2665 2990 sede,

372 3013 817 3102 suspenditur.
874 3009 1003 3082 Ubi
1044 3036 1196 3081 vero
1260 3015 1481 3103 aliqua
1518 3021 1999 3084 remanserunt
2020 3018 2193 3084 hona
2240 3011 2673 3083 ‘ecclesiastica

373 3139 616 3187 mensae
648 3118 1016 3211 Episcopali
1047 3119 1375 3202 attributa,
1430 3115 1507 3189 ex
1559 3121 2439 3211 aliquibusordinationibus
2467 3130 2673 3215 potes-

375 3226 521 3293 tatis
544 3226 752 3293 civilis
774 3226 876 3316 (de
895 3227 1133 3315 quibus
1152 3228 1310 3295 alibi
1332 3228 1615 3319 agimus)
1646 3229 1990 3318 deputatur
2017 3229 2099 3296 ab
2117 3227 2343 3298 eadem
2373 3235 2676 3319 potestate

375 3329 553 3396 civili
595 3330 1098 3400 administrator.
1131 3332 1212 3400 Et
1238 3334 1378 3402 haec
1402 3336 1670 3423 quidem
1699 3335 1971 3403 decreta*
1991 3335 2247 3416 civilia,
2289 3343 2510 3426 utpote
2537 3340 2679 3425 post

378 3434 839 3504 concordatum
866 3437 1110 3524 absque
1139 3459 1402 3505 assensu
1447 3439 1628 3507 Sedis
1657 3441 2041 3530 Apostolicae
2072 3441 2226 3529 lata,
2282 3464 2359 3509 ex
2413 3464 2479 3511 se
2526 3445 2680 3509 sunt

382 3543 565 3612 irrita
581 3547 645 3610 et
673 3542 1045 3610 nullatenus
1091 3542 1510 3631 obligatoria3
1558 3565 1712 3613 cum
1742 3552 1966 3616 tamen
1996 3569 2072 3614 ex
2090 3547 2493 3615 necessitate
2521 3544 2677 3634 ipsis

385 3650 747 3743 parendum
776 3647 883 3734 sit,
913 3648 1211 3738 sequitur
1235 3633 1540 3718 inutilem
1570 3651 1702 3720 fore
1743 3635 2228 3744 deputationem
2285 3649 2623 3721 oeconomi
2641 3669 2681 3716 a

385 3756 664 3826 concilio
712 3754 1093 3826 Tridentino
1134 3759 1605 3848 praescriptam.
1656 3759 1804 3825 Non
1851 3780 2007 3847 ergo
2044 3764 2350 3826 tenentur
2401 3754 2685 3847 capitula

384 3863 609 3934 Galliae
634 3863 1026 3953 hujusmodi*
1045 3885 1487 3949 oeconomum,
1524 3866 1671 3933 sede
1695 3871 1980 3950 vacante,
1996 3863 2271 3956 eligere,
2305 3864 2417 3933 sed
2442 3861 2687 3931 sufficit

383 3968 471 4035 ab
503 3971 658 4058 ipsis
683 3971 973 4061 deputari
999 3969 1315 4038 vicariurn
1345 3972 1787 4061 capitularem.
1894 3993 1897 4002 ·
2240 3983 2246 3998 '
