2930 4982
404 376 440 429 5
449 374 484 428 2
496 375 526 426 2
1392 374 1732 420 TRACTATUS

415 529 447 567 «
476 507 723 594 putare,
758 499 867 568 sed
893 519 1024 567 non
1065 500 1362 575 tenetur;
1396 495 1671 583 ideoque
1699 516 1911 561 unum
1967 493 2046 561 de
2075 492 2360 584 capitulo
2394 495 2688 581 quamvis

414 633 449 674 c<
475 630 604 675 non
636 608 964 674 doctorem
986 604 1099 671 tali
1125 625 1277 671 casu
1298 602 1475 670 licite
1505 603 1813 692 deputare
1849 605 2074 691 potest.
2111 624 2145 665 >³

489 714 686 781 Porro
712 713 824 781 illa
850 710 1206 780 doctissimi
1229 709 1588 777 Cardinalis
1613 709 1925 777 sententia
1946 712 2196 797 pugnat
2224 727 2378 774 cum
2404 706 2691 776 doctrina

400 826 635 887 asserta
663 821 733 885 in
783 819 1112 884 Thesauro
1137 815 1621 882 resolutionum
1646 814 1843 903 (tomo
1895 810 2225 890 XXXVII,
2262 812 2508 901 pagina
2539 812 2685 901 238)

402 926 504 993 his
538 924 751 992 verbis
786 926 966 990 :Imo
995 921 1202 989 nullis
1227 921 1615 988 extantibus
1638 918 2019 986 doctoribus
2047 941 2080 985 6
2106 918 2359 1008 qremio
2376 916 2683 1006 capituli,

400 1028 619 1096 ediscit
643 1027 874 1118 (Sacra
903 1027 1359 1118 Conqreqatz'o)
1396 1024 1770 1117 eliqendum
1797 1047 1927 1092 6336
1956 1023 2288 1091 doctorem
2327 1021 2391 1088 sz'
2414 1021 2566 1111 quis
2604 1021 2686 1088 sz't

402 1146 596 1202 extra
646 1134 1002 1224 qremz'um,
1062 1145 1140 1199 ut
1190 1133 1260 1200 in
1313 1130 1752 1200 Triearz'censz'
1791 1131 1988 1210 1592,
2036 1129 2205 1196 libro
2253 1151 2344 1195 vu
2393 1132 2683 1194 Decreto·

403 1264 576 1325 rum,
602 1240 771 1331 folio
792 1240 903 1307 44.
943 1239 1114 1307 Hinc
1148 1240 1335 1307 nobis
1368 1239 1582 1306 adhuc
1631 1243 1925 1305 remanet
1953 1237 2194 1303 dubius
2237 1257 2425 1302 casus
2457 1234 2601 1317 ille3
2630 1242 2683 1300 et

404 1349 607 1440 posito
636 1348 809 1436 quod
827 1368 977 1414 vera
1012 1345 1096 1413 sit
1129 1346 1478 1413 affirmatio
1514 1344 1852 1427 Thesauri,
1886 1344 2164 1411 dubium
2202 1347 2497 1409 remanet
2515 1361 2595 1407 an
2624 1340 2682 1407 id

403 1454 705 1544 procedat
734 1454 929 1519 etiam
957 1452 1037 1520 de
1063 1451 1321 1519 doctore
1360 1451 1619 1519 dioecesi
1653 1456 1973 1517 extraneo.

492 1558 604 1629 lv.
635 1559 958 1626 Existente
992 1559 1063 1624 in
1096 1559 1348 1646 gremio
1378 1558 1640 1626 doctore
1701 1557 1957 1634 idoneo,
1992 1560 2054 1621 et
2078 1558 2256 1621 extra
2297 1551 2557 1619 doctore
2578 1573 2684 1641 pa-

404 1667 560 1733 riter
580 1667 812 1732 idoneo
849 1670 912 1731 et
939 1686 1121 1753 oeque
1168 1663 1396 1744 habili,
1435 1662 1874 1751 praeferendus
1924 1667 2018 1728 est
2067 1659 2293 1727 doctor
2319 1659 2389 1725 de
2438 1657 2684 1745 gremio

403 1769 693 1860 capituli.
727 1807 817 1821 -
836 1769 1061 1837 Talem
1102 1770 1281 1834 enim
1303 1769 1556 1835 caeteris
1593 1768 1880 1858 paribus
1905 1790 2033 1834 6336
2072 1763 2558 1857 praeferendum
2585 1786 2684 1831 ex-

403 1896 615 1963 presse
630 1874 979 1941 declaravit
1007 1873 1204 1942 Sacra
1236 1872 1662 1963 Congregatio
1687 1875 1759 1941 in
1790 1875 1984 1941 modo
2031 1873 2222 1940 allata
2250 1871 2598 1939 decisione.

493 1978 577 2048 V.
613 1978 791 2046 Idem
820 1979 1175 2046 dicendum
1195 1979 1449 2046 etiamsi
1476 1980 1698 2047 doctor
1720 1985 1972 2047 exterus
1999 1983 2160 2045 esset
2181 1978 2408 2067 maqz’s
2437 1977 2680 2044 habilis.

405 2123 494 2138 ——
520 2085 687 2153 Nam
714 2086 939 2152 eadem
965 2084 1395 2175 Congregatio
1428 2092 1650 2174 rogata
1672 2091 1745 2152 ut
1766 2085 2119 2153 declararet
2168 2106 2434 2151 sensum
2462 2084 2685 2150 horum

405 2193 755 2260 verborum
792 2193 1044 2260 caeteris
1056 2191 1377 2283 par-ihm,
1404 2191 1565 2260 dixit
1590 2191 2008 2281 intelligenda
2036 2213 2167 2269 esse
2188 2194 2448 2258 tantum
2468 2191 2548 2257 de
2584 2211 2686 2280 pa-

403 2300 588 2366 ritate
613 2300 828 2388 quoad
852 2299 1190 2388 qualitates
1226 2320 1262 2366 a
1288 2297 1566 2366 concilio
1594 2297 1978 2389 Tridentino
2025 2296 2389 2386 requisitas,
2418 2294 2683 2375 Quando

405 2428 558 2496 ergo
582 2406 804 2474 doctor
827 2405 905 2472 de
938 2406 1209 2495 gremio,
1241 2405 1393 2472 licet
1407 2404 1628 2472 minus
1644 2404 1904 2485 habilis,
1931 2426 2114 2494 aeque
2140 2402 2335 2470 hahet
2355 2402 2691 2491 qualitates

404 2512 734 2580 aconcilio
764 2511 1147 2579 Tridentino
1207 2511 1569 2600 requisitaS,
1625 2534 1859 2601 nempe
1900 2511 2328 2580 sufficientem
2378 2508 2692 2576 idoneita-

403 2624 536 2685 tem
569 2625 630 2685 et
651 2619 1079 2699 doctoratum,
1113 2617 1327 2684 adhuc
1348 2618 1784 2706 praeferendus
1810 2623 1928 2685 est.

498 2723 612 2791 VI.
637 2722 744 2790 An
771 2721 1180 2811 capitulares,
1202 2721 1273 2787 in
1300 2721 1625 2811 praedictis
1652 2723 1909 2790 duobus
1928 2721 2208 2805 casibuS,
2243 2721 2321 2787 ita
2340 2720 2687 2785 teneantur

404 2829 704 2919 praet'erre
732 2828 1058 2896 doctorem
1081 2828 1159 2895 de
1188 2826 1460 2915 gremio,
1501 2832 1575 2894 ut
1625 2828 1809 2895 irrita
1835 2828 2155 2896 censenda
2198 2826 2280 2893 sit
2322 2822 2547 2892 electio
2570 2845 2695 2890 ex-

402 2935 569 3002 teri?
595 2974 685 2986 —
713 2935 1211 3023 Diligentiorem
1260 2934 1743 3023 indagationem
1789 2934 2065 3023 requirit
2118 2933 2384 3024 quaestio
2435 2931 2576 3013 illa,
2625 2929 2692 2996 in

403 3061 532 3128 qua
561 3042 925 3130 reperimus
953 3040 1363 3109 Cardinalem
1395 3041 1474 3106 de
1496 3040 1679 3108 Luca
1726 3063 1861 3108 non
1904 3062 2037 3107 esse
2089 3038 2482 3107 concordem
2539 3055 2685 3102 cum

403 3146 553 3213 aliis
583 3146 977 3230 doctoribuS,
1018 3148 1151 3214 imo
1190 3139 1312 3214 'nec
1342 3168 1496 3213 cum
1528 3147 1665 3236 ipsa
1713 3145 1903 3215 Sacra
1930 3144 2447 3233 Congregatione
2483 3136 2688 3208 conci-

400 3250 500 3316 lii.
529 3250 947 3319 Stabiliemus
973 3273 1129 3341 ergo
1158 3251 1373 3341 primo
1407 3252 1771 3319 doctrinam
1802 3274 1947 3341 quae
1974 3249 2392 3318 communior
2418 3247 2689 3329 videtur,

401 3357 543 3418 tum
574 3358 956 3422 sententiam
977 3358 1271 3445 praedicti
1293 3357 1654 3426 Cardinalis
1673 3358 2129 3446 expendemus·

489 3456 754 3543 Prim0‚
815 3460 1119 3524 firmatur
1173 3462 1491 3527 sententia
1543 3462 1955 3547 affirmativa,
2002 3468 2236 3550 nempe
2266 3459 2527 3526 irritam
2566 3474 2687 3523 esse

401 3561 784 3631 electionem
831 3561 1106 3629 doctoris
1135 3564 1359 3651 exteri,
1400 3564 1555 3632 licet
1583 3565 1829 3653 idonei,
1860 3564 2277 3632 existentibus
2309 3563 2381 3629 in
2412 3558 2686 3653 capitulo

405 3669 776 3740 doctoribus
804 3669 1076 3737 idoneis.
1106 3708 1197 3721 —
1233 3668 1543 3739 Vidimus
1588 3670 1655 3740 S.
1720 3668 2298 3761 Congregationeni
2346 3670 2689 3737 declarasse

390 3774 900 3869 praeferendum
924 3798 1055 3844 esse
1083 3777 1410 3845 doctorem
1441 3778 1520 3845 de
1550 3778 1800 3866 gremio
1840 3777 2094 3845 caeteris
2122 3775 2447 3867 paribu3‚
2474 3774 2545 3841 id
2579 3774 2689 3853 est,

405 3885 667 3969 quando
698 3883 975 3951 habetet
1003 3884 1142 3973 ipse
1169 3883 1508 3971 qualitates
1556 3905 1594 3951 a
1644 3883 2043 3950 Tridentino
2086 3880 2453 3970 requisitas.
2500 3879 2690 3946 Porro

403 3987 555 4053 licet
581 3989 777 4057 verba
810 3990 926 4058 ista
955 3990 1448 4081 praeferendum
1490 4013 1646 4073 6336,
1680 3991 1970 4058 absolute
2017 3987 2294 4074 intelligi
2349 3989 2611 4077 possent
2630 3983 2695 4048 iu

405 4113 602 4160 sensu
632 4117 808 4162 mere
836 4097 1281 4184 exhortatoriO,
1309 4098 1632 4166 indicante
1672 4093 1831 4186 quid
1874 4097 2088 4165 deceat
2126 4093 2539 4182 regulariter,
2571 4109 2696 4157 non

405 4200 624 4262 autem
649 4217 723 4261 eo
752 4219 944 4270 sensu
970 4205 1143 4292 quod
1184 4206 1307 4273 sub
1335 4205 1627 4273 nullitate
1656 4202 1986 4272 electionis
2038 4204 2128 4270 ita
2171 4222 2360 4289 agere
2422 4198 2702 4266 debeant

406 4301 816 4391 capitulares,
848 4308 1062 4373 tamen
1100 4316 1418 4397 quatenus
1449 4333 1523 4379 ea
1552 4310 1744 4377 verba
1773 4308 2193 4399 proferuntur
2219 4325 2257 4371 a
2289 4301 2489 4371 Sacra
2530 4299 2701 4367 Con-

406 4408 813 4497 gregafi⁰118‚
840 4410 1030 4497 cujus
1052 4418 1265 4500 partes
1292 4424 1445 4484 sunt
1456 4419 1568 4505 jus
1596 4415 1945 4501 declarare,
1980 4411 2333 4481 dicendum
2363 4413 2458 4475 est
2479 4404 2694 4497 potius
