2930 4982
1137 331 1216 376 DE
1263 327 1590 375 cnl‘rums.
2384 320 2504 375 253

226 446 582 515 dubitatum
609 447 771 536 fuit3
816 452 995 520 unde
1024 459 1086 518 et
1119 452 1429 541 plurimae
1475 448 1851 539 prodierunt
1882 447 2001 515 hac
2031 449 2111 515 de
2144 470 2214 515 re
2239 449 2307 518 S.
2344 450 2510 520 Con·

227 553 607 642 gregationis
636 556 889 623 rituum
912 556 1399 626 declarationes.
1435 553 1758 635 Quasdam
1793 559 2048 622 tantum
2080 554 2245 622 scitu
2287 555 2509 624 utilio·

226 681 319 728 res
348 662 845 732 recensebimus.

302 765 659 836 Cardinalis
707 769 785 837 de
830 769 1074 856 Castro,
1127 768 1530 860 Hispalensis
1568 767 2133 859 Archiepiscopus‚
2165 767 2335 835 inter
2383 765 2508 836 alia

221 873 349 943 haec
380 873 695 944 declarari
735 877 1204 967 postulaverat:
1249 875 1377 944 «3⁰
1413 876 1523 943 An
1575 876 1947 966 dignitateS,
1985 875 2277 944 canonici
2314 881 2377 943 et
2404 898 2507 945 ca·

226 1004 255 1046 α
275 979 570 1071 pitulum
634 987 977 1051 teneantur
1034 983 1624 1074 Archiepiscopum
1701 987 1967 1050 euntem
2024 982 2105 1049 ad
2175 982 2506 1050 ecclesiam

227 1085 513 1154 «diebus
556 1087 746 1156 festis¹
781 1110 982 1179 cappa
1012 1090 1324 1157 indutum
1366 1089 1692 1174 comitari,
1724 1094 1785 1155 et
1829 1110 1902 1155 ex
1930 1110 2062 1177 quo
2100 1088 2283 1156 loco?
2321 1087 2504 1174 Item,

225 1217 252 1258 α
277 1215 367 1260 an
407 1194 603 1261 etiarn
639 1194 711 1262 in
741 1195 955 1263 reditu
985 1195 1260 1263 debeant
1286 1216 1437 1262 eum
1472 1196 1814 1281 deducere,
1842 1200 1905 1262 et
1936 1215 2145 1283 usque
2184 1193 2263 1260 ad
2306 1215 2504 1282 quem

222 1323 252 1363 (ε
274 1298 544 1366 locum?
574 1287 658 1367 Et
692 1323 802 1381 an,
836 1303 890 1369 si
921 1302 1227 1391 privatim
1258 1301 1336 1368 ad
1365 1300 1705 1368 ecclesiam
1738 1301 2012 1380 venerit,
2040 1300 2121 1367 sit
2151 1299 2210 1366 ei
2241 1299 2503 1367 obviam

222 1429 250 1469 ι(
271 1404 757 1494 prodeundum,
810 1407 1200 1495 rediensque
1251 1405 1333 1472 sit
1376 1405 1825 1491 deducenduS,
1879 1411 1942 1472 et
1992 1404 2361 1494 quomodo?
2415 1441 2504 1457 —

221 1534 251 1576 α
275 1510 345 1576 4⁰
364 1508 475 1577 An
499 1511 731 1579 decens
747 1513 829 1580 sit
845 1511 1432 1603 Archiepiscopum
1455 1526 1609 1580 cum
1634 1533 1833 1602 cappa
1850 1510 2284 1588 incedentem,
2303 1532 2506 1580 unam

222 1638 251 1679 α
274 1620 387 1683 aut
413 1615 574 1683 duas
596 1616 938 1705 dignitates
962 1617 1040 1685 ad
1068 1617 1236 1684 latus
1264 1638 1462 1684 suum
1493 1617 1882 1684 admittere?
1903 1652 1994 1667 —-
2020 1615 2088 1683 5⁰
2107 1614 2211 1683 An
2233 1614 2505 1684 Archie-

221 1745 251 1785 «
277 1722 542 1812 piscopo
579 1723 922 1791 ecclesiam
964 1723 1259 1807 intranti,
1306 1723 1519 1813 prima
1562 1728 1626 1790 et
1674 1723 1920 1791 caeteris
1951 1723 2354 1813 praestantior
2400 1723 2503 1791 di-

219 1850 252 1890 «
284 1828 489 1916 gnitas
527 1829 755 1897 debeat
783 1829 1011 1897 offerre
1063 1831 1554 1920 aspersorium?
1594 1852 1629 1893 ))
1669 1830 1765 1896 Ad
1799 1830 2066 1918 quaesita
2099 1830 2219 1898 ista
2262 1831 2356 1898 sic
2402 1851 2505 1899 re·

213 1934 465 2022 spondit
493 1931 561 2002 S.
597 1933 1027 2024 Congregatio
1055 1938 1306 2001 rituum
1337 1958 1354 2001 ι
1398 1958 1433 1997 «
1459 1933 1561 2000 Ad
1587 1932 1627 2000 3
1659 1956 1675 2001 ε
1717 1934 2120 2023 Diqnitates,
2155 1938 2504 2005 canonicos

218 2061 247 2102 ε(
274 2049 341 2106 et
375 2039 754 2130 capitulum
798 2039 1027 2108 debere
1073 2040 1167 2107 ad
1213 2039 1598 2108 cubiculum
1645 2039 1962 2123 accedere,
1996 2039 2115 2106 ubi
2159 2041 2505 2133 Archiepi-

213 2168 245 2209 ι(
274 2167 512 2236 scopus
540 2145 846 2215 induitur
879 2169 1123 2238 cappa,
1143 2157 1221 2213 ut
1238 2169 1387 2214 eum
1415 2144 1510 2213 ad
1529 2144 1868 2213 ecclesiam
1893 2146 2257 2213 venientem
2283 2147 2503 2217 debito

212 2275 251 2317 «-
284 2274 440 2319 cum
467 2251 714 2317 honore
736 2252 1135 2318 comitentur
1158 2275 1181 2317 .·
1210 2253 1288 2317 in·
1303 2251 1522 2317 reditu
1548 2251 1750 2316 etiam
1776 2249 2027 2336 debere,
2048 2252 2288 2317 saltem
2307 2276 2509 2343 usque

213 2381 254 2422 ι(
283 2355 377 2422 ad
409 2355 654 2422 ostium
692 2354 948 2436 domus,
983 2357 1203 2446 ipsum
1230 2355 1811 2446 Arclziepiscopum
1845 2355 2188 2424 associare.
2235 2358 2330 2424 Εἰ
2356 2379 2507 2428 vero

208 2483 245 2525 ε(
261 2461 609 2553 privatim
650 2461 945 2531 venienti
978 2461 1338 2532 nonnullos
1375 2484 1457 2529 ea:
1498 2459 1937 2552 diqnitatibus
1963 2474 2027 2530 et
2064 2465 2391 2534 canonicis
2414 2464 2509 2534 ad

215 2593 246 2633 (ι
272 2569 521 2637 ostium
569 2570 854 2638 ecclesioe
898 2592 1253 2651 occurrere,
1312 2580 1378 2637 et
1420 2568 1494 2636 in
1534 2568 1755 2637 reditu
1797 2569 2119 2638 similiter
2165 2595 2367 2663 usque
2413 2571 2509 2641 ad

217 2700 247 2741 ι(
273 2678 521 2744 ostium
556 2677 841 2745 ecclesiae
863 2677 1086 2769 ipsum
1116 2676 1429 2745 comitari
1460 2675 1710 2745 debere.
1740 2707 1831 2728 —-
1866 2677 1971 2746 Ad
2007 2679 2092 2747 4:
2146 2677 2499 2767 Archiepi-

218 2803 466 2872 «scopo
511 2806 659 2849 cum
696 2783 1091 2873 pontificali
1138 2805 1355 2873 cappa
1381 2781 1744 2862 incedente,
1798 2783 2132 2849 neminem
2182 2803 2502 2869 arroqare

214 2912 247 2953 α
275 2887 407 2955 sibi
459 2888 708 2969 debere,
763 2901 844 2955 ut
902 2912 968 2956 se
1023 2911 1161 2957 non
1205 2900 1517 2957 vocatum
1571 2887 1662 2954 ad
1710 2887 1850 2976 ejus
1897 2887 2078 2952 latus
2128 2885 2504 2974 adjunqat;

217 2992 499 3083 «ipsum
532 3015 686 3060 vero
724 2994 1303 3085 Archiepiscopum
1336 3015 1470 3083 pro
1506 3011 1636 3057 ‘sua
1674 2990 2006 3080 diqnitate
2035 2991 2252 3081 maqis
2288 2990 2506 3059 decere

222 3110 353 3166 «ut
378 3098 564 3166 solus
589 3097 881 3182 incedat,
912 3121 1120 3190 quam
1156 3110 1235 3165 ut
1253 3096 1441 3165 ullas
1468 3096 1837 3187 diqnitates
1854 3097 1968 3164 vel
1993 3099 2359 3181 canonicos,
2391 3098 2511 3189 qui

228 3226 257 3268 α
279 3225 395 3272 sua
413 3204 714 3272 membra
740 3217 805 3273 et
835 3204 1090 3273 subditi
1110 3216 1291 3284 sunt,
1320 3201 1417 3271 ad
1434 3203 1616 3271 latus
1642 3226 1838 3271 suum
1865 3204 2131 3271 habeat.
2162 3243 2252 3255 —
2279 3204 2382 3273 Ad
2411 3205 2494 3275 5:

230 3331 260 3374 «
281 3310 521 3379 Debere
554 3311 860 3402 primam
915 3311 1318 3403 diqnitatem
1360 3310 1804 3403 aspersorium
1848 3312 2355 3405 Archz'episcopo
2398 3315 2499 3404 of-

229 3437 258 3477 «
275 3416 445 3504 ferre
456 3438 487 3502 ,·
518 3441 720 3508 eaque
759 3418 1051 3509 leqitime
1097 3416 1446 3509 impedita,
1499 3416 1688 3486 illud
1724 3417 1945 3509 ipsum
1993 3443 2233 3488 munus
2277 3419 2498 3487 subire

227 3543 257 3585 t(
283 3521 504 3592 debere
531 3524 747 3593 aliam
769 3523 1169 3614 diqnitatem
1195 3536 1315 3592 aut
1327 3547 1717 3615 personam,
1744 3548 1890 3613 quoe
1914 3523 2182 3613 diqnior
2208 3548 2291 3592 ea·
2315 3525 2500 3614 capi-

230 3650 260 3690 «
289 3630 427 3696 tulo
461 3629 698 3699 aderit.
748 3635 837 3698 At
864 3632 935 3698 in
974 3630 1119 3698 alia
1157 3630 1522 3719 colleqiata
1563 3629 1858 3713 ecclesia,
1893 3629 2336 3719 aspersorium
2369 3650 2502 3696 esse

232 3758 264 3799 ι(
279 3737 755 3828 porriqendum
783 3760 825 3804 a
842 3736 1211 3827 praeposito
1251 3735 1541 3824 ejusdem
1580 3736 1886 3818 ecclesiae,
1926 3734 2033 3801 vel
2068 3733 2498 3824 (quocumque

237 3863 267 3903 α
283 3845 546 3912 nomine
561 3844 967 3933 nominetur)
998 3842 1082 3910 ab
1123 3864 1197 3909 eo
1223 3840 1342 3931 qui
1366 3844 1438 3908 in
1465 3840 1600 3907 illa
1621 3839 1994 3929 diqniorem
2002 3862 2366 3930 personam
2392 3864 2499 3932 qe-

238 3970 268 4012 «
284 3948 394 4034 rit,
419 3962 497 4018 ut
516 3962 661 4019 tam
680 3949 963 4018 ecclesioe
982 3971 1185 4041 quam
1188 3969 1499 4039 personoe
1512 3946 1895 4039 porriqenti
1912 3970 1988 4015 ea
2010 3946 2270 4014 ratione
2287 3947 2499 4017 honor

242 4054 647 4125 «tribuatur.
682 4081 718 4121 >³
762 4055 934 4124 Huic
977 4054 1288 4124 decisioni
1328 4055 1560 4121 additae
1595 4063 1811 4143 postea
1854 4057 2009 4119 sunt
2039 4053 2497 4124 declarationes

241 4181 270 4221 «
287 4162 601 4249 quaedam,
629 4162 750 4230 hoc
770 4162 963 4230 modo
984 4183 1009 4228 5
1043 4161 1319 4229 «Primo
1338 4158 1618 4226 declarat
1647 4159 1735 4246 (S.
1759 4158 2206 4250 Congregatio)
2227 4161 2498 4227 Archie-

237 4288 268 4329 α
282 4268 633 4358 piscopum
660 4265 754 4335 ad
781 4267 1123 4336 ecclesiam
1151 4288 1301 4335 cum
1327 4285 1545 4354 cappa
1559 4262 1959 4355 pontificali
1989 4285 2398 4332 accessurum
2422 4270 2501 4322 ut

240 4396 270 4437 «
293 4375 674 4444 solemniter
692 4374 967 4443 celebret
988 4371 1095 4441 vel
1113 4384 1192 4441 ut
1207 4371 1479 4441 assistat
1496 4368 1742 4438 divinis
1752 4371 2018 4461 officiis,
2041 4367 2359 4448 concioni,
2384 4366 2503 4423 aut

2852 3783 2876 4234 arnul-127⁶&-
2852 3601 2876 3754 “Υἶ’”““”,
2854 3509 2857 3534 ‘⁷
