2930 4982
385 353 463 408 28
474 353 509 407 8
1356 359 1697 408 TRAGTATUS

390 509 424 548 «
455 483 876 552 Matutinum
904 484 1159 574 vesperi
1200 505 1336 551 non
1380 480 1678 568 dicatur,
1708 480 1997 571 exceptis
2047 492 2273 548 tamen
2310 480 2544 552 diebus
2570 510 2666 556 oc-

391 614 424 653 «
456 600 627 656 tavoe
661 590 826 679 festi
849 589 1162 658 solemnis
1205 588 1489 657 Domini
1511 588 1747 659 Nostri
1773 591 1925 654 Jesu
1977 586 2264 670 Christi,
2292 573 2668 682 caeterisque

388 722 422 759 «
452 693 679 761 diebus
703 695 945 785 quibus
974 719 1054 763 ex
1082 699 1405 763 Romanoe
1425 694 1741 763 Ecclesia·
1773 692 2094 760 instituto
2120 705 2216 761 est
2229 696 2659 784 permissum.

387 824 422 864 «
450 803 608 882 Quae
640 823 794 870 cum
834 802 919 868 ita
947 802 1077 868 sint
1104 801 1453 870 Braschius
1481 803 1550 870 in
1589 802 1767 869 hunc
1807 799 2078 868 modum
2110 801 2377 869 tradidit
2408 802 2666 891 (Prom-

387 932 421 971 «
439 908 801 997 ptuarium
822 905 1170 998 synodale,
1187 929 1244 975 c.
1263 908 1376 996 86,
1392 931 1458 976 n.
1483 908 1565 975 18
1581 914 1643 975 et
1662 904 1824 996 seq.)
1851 929 1867 973 z
1901 906 2323 975 Matutinum
2351 908 2428 976 in
2453 912 2667 980 cathe-

386 1037 421 1076 «
452 1010 779 1096 dralibus,
805 1013 1202 1104 colleqiatis‚
1228 1013 1599 1105 receptitiis
1610 1025 1674 1081 et
1689 1011 2066 1081 choralibus
2088 1012 2372 1080 ecclesiis
2372 1017 2666 1105 persolvi

386 1144 421 1183 «
449 1118 723 1187 mandet
757 1120 1135 1210 Episcopus
1160 1144 1360 1188 mane
1388 1119 1869 1210 dieiproprioe,
1900 1140 2036 1186 non
2076 1131 2469 1189 autemsero
2481 1145 2664 1211 proe-

387 1248 421 1288 «
450 1222 706 1291 cedenti
717 1236 877 1314 post
899 1247 1196 1315 vesperas
1219 1239 1284 1293 et
1312 1225 1822 1316 completorium
1839 1245 1871 1308 ;
1894 1225 2034 1292 nisi
2059 1227 2239 1315 forte
2264 1226 2661 1319 quandoque

385 1331 629 1420 «justa
673 1353 873 1398 causa
918 1343 1348 1399 concurrente
1372 1330 1791 1421 judicaverit
1827 1353 1957 1399 esse
1996 1329 2531 1421 dispensandum
2575 1333 2664 1402 ad

384 1462 418 1501 «
451 1449 711 1526 tempus
753 1448 832 1503 ut
863 1459 1041 1504 secus
1065 1439 1218 1527 fiat.
1261 1439 1498 1505 Causoe
1515 1449 1800 1528 propter
1822 1460 1988 1528 quas
2010 1438 2231 1506 valeat
2252 1437 2658 1529 dispensare,

381 1565 417 1606 «
451 1564 577 1608 sun
586 1554 613 1608 t
617 1541 1001 1631 proesertim
1020 1542 1099 1609 ob
1121 1542 1383 1632 hyemis
1401 1543 1723 1633 riqorem,
1752 1543 1915 1611 item
1922 1555 2209 1634 propter
2227 1544 2400 1611 aeris
2421 1545 2664 1614 intem-

383 1673 418 1712 «
432 1648 718 1738 periem,
752 1646 971 1715 adhuc
1011 1660 1076 1715 et
1100 1662 1387 1739 propter
1440 1648 1759 1716 inolitam
1819 1648 2383 1730 consuetudinem,
2428 1651 2542 1716 vel
2576 1652 2662 1719 ob

379 1777 414 1817 «
446 1752 659 1819 aliam
691 1752 1038 1820 honestam
1067 1752 1404 1821 rationem
1447 1776 1598 1844 quos,²
1620 1752 1978 1845 prudentis
2005 1752 2144 1820 viri
2153 1751 2421 1843 judicio
2450 1754 2664 1844 suffi-

381 1885 416 1924 «
444 1881 581 1928 cere
599 1858 929 1927 videatur.
963 1861 1201 1927 Verum
1232 1860 1358 1927 hac
1386 1860 1462 1928 in
1483 1884 1554 1929 re
1573 1884 1710 1928 non
1738 1860 1879 1928 nisi
1908 1871 2100 1928 caute
2128 1858 2497 1927 admodum
2505 1883 2663 1950 pro-

380 1991 415 2032 «
444 1965 660 2035 cedere
686 1978 966 2057 oportet.
990 1965 1311 2056 Equidem
1334 1965 1528 2036 Sacra
1548 1965 2004 2055 Congregati0‚
2030 1965 2133 2034 die
2159 1965 2239 2033 12
2263 1967 2656 2051 novembriS‚

379 2098 415 2138 «
445 2095 617 2140 anno
650 2073 848 2157 1644,
877 2073 1249 2142 facultatem
1280 2073 1511 2141 tribuit
1536 2073 1842 2141 matutini
1871 2072 2185 2141 recitandi
2206 2077 2348 2163 post
2373 2075 2658 2166 comple-

379 2203 415 2244 «
442 2178 722 2264 torium;
755 2179 823 2246 id
864 2184 1082 2247 tamen
1113 2179 1479 2248 auctoritati
1513 2178 1911 2267 arbitrioque
1954 2176 2258 2269 Episcopi
2285 2177 2658 2270 relinquen-

378 2309 412 2349 «
444 2285 608 2352 dum
641 2285 1010 2374 judicavit:
1060 2287 1277 2353 Sacra
1319 2284 1764 2376 Conqreqatio
1807 2284 2066 2351 censuit
2094 2284 2396 2374 petitam
2441 2285 2656 2376 facul-

378 2414 412 2453 «
444 2401 649 2457 tatem
688 2388 1023 2458 recitandi
1046 2390 1472 2458 matutinum
1505 2401 1666 2480 post
1689 2390 2196 2480 completorium
2213 2389 2654 2480 praecedentis

377 2522 412 2561 «
443 2495 584 2565 diei
620 2520 750 2565 esse
780 2496 1158 2565 oratoribus
1191 2495 1700 2577 concedendam,
1723 2520 1856 2587 pro
1880 2497 2172 2586 {arbitrio
2211 2509 2436 2565 tamen
2476 2498 2654 2588 Epi-

376 2625 413 2666 «
438 2601 621 2690 scopi
674 2614 738 2668 et
801 2600 1161 2668 dummodo
1214 2602 1404 2692 lapsa
1472 2603 1563 2670 sit
1615 2603 1786 2671 hora
1837 2604 2039 2672 tertia
2093 2616 2249 2694 post
2302 2604 2647 2672 meridiem

374 2731 411 2773 «
442 2705 632 2798 (liber
649 2730 783 2775 xvu
810 2704 1243 2792 decretorum,
1272 2731 1420 2800 pag..
1451 2708 1633 2798 379).
1668 2734 1703 2773 »

456 2814 542 2883 lis
559 2815 863 2883 omnihus
879 2816 1212 2905 perpensis
1220 2866 1239 2902 ‚
1262 2816 1540 2906 practice
1558 2815 2083 2885 concludendum
2095 2816 2386 2885 videtur:
2410 2814 2474 2885 1⁰
2493 2817 2651 2886 Con-

367 2924 780 2992 suetudinem
826 2920 1145 3012 praedictae
1186 2921 1669 3011 anticipationis
1708 2921 1862 3009 (nisi
1902 2922 2281 3014 probaretur
2311 2921 2645 2991 irrationa-

366 3028 519 3097 bilis
545 3034 609 3096 et
644 3029 828 3097 omni
857 3029 1124 3096 honesto
1151 3029 1389 3096 motivo
1422 3027 1741 3117 destituta)
1768 3049 1903 3096 esse
1936 3027 2242 3108 validam,
2276 3034 2338 3095 et
2365 3051 2485 3119 per
2512 3050 2642 3096 eam

358 3134 467 3222 jus
503 3156 636 3203 esse
663 3134 1056 3224 acquisitum
1079 3134 1382 3225 capitulo,
1417 3134 1507 3202 ita
1528 3141 1603 3202 ut
1624 3135 1808 3203 illam
1828 3135 2368 3203 consuetudinem
2400 3141 2644 3203 mutare

363 3248 640 3328 nequeat
674 3234 1052 3333 Episcopus.
1097 3241 1164 3306 2⁰
1196 3241 1465 3309 Seclusa
1500 3242 1804 3333 praedicta
1833 3242 2302 3310 consuetudine
2333 3263 2523 3332 posse
2547 3263 2639 3309 ca·

363 3344 649 3435 pitulum
679 3350 825 3434 cogi
854 3348 935 3414 ab
963 3348 1283 3439 Episcopo
1307 3354 1378 3415 ut
1409 3350 1813 3416 matutinum
1842 3354 1906 3416 et
1927 3348 2152 3416 laudes
2184 3368 2381 3416 mane
2403 3345 2641 3438 persol-

361 3456 492 3520 vat.
521 3451 589 3520 3⁰
614 3452 802 3521 Posse
829 3458 1047 3521 tamen
1076 3453 1480 3544 Episcopum
1511 3476 1585 3522 ex
1608 3456 1783 3544 justa
1806 3476 1998 3523 causa
2023 3455 2389 3523 facultatem
2421 3452 2639 3523 antici-

360 3559 561 3651 pandi
588 3560 946 3650 indulgere.

451 3669 518 3737 8⁰
552 3669 660 3736 An
681 3669 1074 3735 matutinum
1126 3665 1587 3736 defunctorum
1607 3668 1859 3737 recitari
1881 3668 2079 3760 possit
2100 3669 2308 3760 pridie
2328 3666 2637 3757 generalis

361 3772 992 3844 commemorationis
1029 3772 1487 3841 defunctorum
1507 3778 1539 3841 ⁶?
1563 3813 1652 3825 —
1676 3773 1752 3842 ln
1782 3775 1978 3842 choro
2004 3775 2228 3864 nequit
2251 3773 2466 3865 pridie
2487 3770 2633 3839 reci·

359 3882 501 3948 tari.
518 3881 841 3962 —Quoad
855 3877 1645 3967 recitationemprivatam,
1674 3880 1911 3970 duplex
1936 3878 2248 3948 sententia
2264 3875 2625 3969 probabilis.

364 3982 451 4071 (S.
487 3986 860 4073 Lignorius‚
895 3987 1036 4054 loco
1060 3981 1300 4074 citato.)
1329 4021 1420 4035 -
1441 3985 1535 4052 De
1563 3987 1810 4055 litaniis
1832 3992 2046 4054 autem
2077 3987 2148 4052 in
2177 3983 2657 4074 Rogationibus¹

359 4092 778 4158 communius
803 4096 1024 4159 tenent
1044 4090 1332 4157 doctores
1357 4110 1489 4157 non
1516 4113 1698 4181 posse
1720 4089 1926 4182 pridie
1953 4089 2232 4159 recitari.

450 4196 519 4265 9⁰
567 4194 653 4264 Ut
686 4197 962 4284 quisque
1019 4195 1217 4286 possit
1263 4197 1618 4288 anticipare
1663 4198 1766 4266 vel
1813 4202 2195 4290 postponere
2245 4195 2509 4265 relative
2551 4189 2627 4259 ad

361 4309 616 4394 tempus
653 4301 1022 4389 legitimum
1067 4324 1185 4390 pro
1213 4324 1607 4395 unaquaque
1649 4304 1849 4373 officii
1878 4310 2081 4395 parte,
2133 4302 2371 4372 sufficit
2398 4296 2623 4392 quaevis

360 4432 552 4478 causa
580 4407 758 4477 utilis
780 4407 881 4474 vel
905 4407 1191 4474 honesta.
1228 4406 1318 4496 (S.
1345 4408 1724 4498 LiguoriuS,
1747 4410 1794 4478 l.
1824 4433 1914 4498 w,
1957 4434 2014 4480 c.
2039 4411 2108 4496 2,
2140 4430 2211 4478 n.
2249 4407 2433 4498 173.)
