2930 4982
430 338 554 397 588
1403 344 1750 392 'samnius

524 471 917 560 Cavebz'tque
955 469 1161 536 etiam
1201 469 1343 557 ipse
1373 467 1462 558 (1)
1497 490 1549 533 a
1577 465 1760 533 dicta
1792 463 2180 532 commenda
2209 474 2280 538 et
2320 463 2710 532 concessione

428 578 724 645 omnium
753 578 1111 666 fructuum
1135 586 1244 656 ;et
1282 572 1469 640 illud
1503 594 1756 662 quoque
1789 571 1921 638 sibi
1957 569 2389 637 interdictum
2415 570 2603 651 sciet,
2635 592 2712 637 ne

426 705 570 749 eum
594 703 787 772 quem
812 680 1030 770 maqis
1061 677 1375 746 idoneum
1402 679 1540 769 ipse
1550 676 1966 768 judicaverit
1994 676 2360 743 constituat
2393 675 2709 744 vicarium

425 787 498 855 in
528 787 949 878 parochiali,
998 798 1120 854 aut
1162 785 1225 852 ei
1276 783 1732 876 quoquomodo
1764 782 2138 875 praeficiat,
2187 780 2386 849 donec
2436 782 2711 851 collatio

419 892 551 981 fiat
576 916 600 960 .·
629 892 747 961 sed
780 891 1039 959 debebit
1081 892 1352 959 omnino
1388 915 1431 958 a
1455 889 1791 981 principio
1820 887 2218 969 vacatiom’S,
2265 897 2329 953 et
2358 898 2710 977 antequam

423 997 639 1065 ullum
687 1020 965 1066 examen
1020 999 1174 1089 fiat,
1230 997 1630 1065 constituere
1671 996 1743 1062 in
1799 1017 1876 1062 ea
1929 994 2144 1061 alium
2198 993 2558 1074 vicarium,
2605 995 2715 1084 qui

424 1125 661 1171 curam
704 1106 1091 1172 animarum
1142 1104 1398 1171 interea
1447 1113 1665 1193 qerot,
1708 1100 1910 1168 donec
1955 1097 2374 1190 parochialis
2416 1099 2633 1187 fuerit
2670 1123 2708 1165 a

428 1207 591 1276 Sede
631 1210 1020 1299 Apostolica
1051 1209 1310 1277 collata
1340 1207 1561 1298 maqz’s
1588 1205 1843 1274 idoneo,

516 1313 666 1392 Haec
698 1315 967 1383 celebris
1013 1314 1383 1398 declarati0,
1423 1334 1573 1403 quae
1608 1318 1804 1380 totam
1845 1311 2119 1378 formam
2161 1330 2604 1377 concursuum
2647 1310 2707 1376 in

426 1421 834 1491 conferendis
851 1423 1181 1490 beneficiis
1208 1419 1713 1512 parochialibus,
1737 1440 1870 1486 non
1891 1418 2105 1485 solum
2125 1421 2391 1483 vacante
2415 1415 2587 1497 sede,
2607 1416 2707 1482 sed

424 1528 618 1596 etiam
657 1529 848 1619 plena
879 1529 975 1618 (ut
1000 1535 1171 1597 recte
1209 1529 1554 1597 advertunt
1582 1532 1873 1595 auctores
1910 1548 2063 1593 cum
2093 1522 2351 1608 Garcia,
2393 1529 2572 1611 parte
2605 1523 2702 1599 11,

426 1658 484 1703 c.
538 1637 608 1723 2,
640 1657 709 1703 n.
750 1636 844 1726 9),
887 1636 1359 1727 tampraeclare
1404 1635 1814 1718 determinat,
1867 1633 1955 1698 ita
2000 1632 2194 1698 etiam
2243 1629 2414 1697 clare
2459 1630 2707 1717 exponit

422 1763 722 1830 quaenam
748 1743 878 1811 sint
903 1743 973 1809 in
1010 1743 1129 1809 hac
1154 1742 1418 1809 materia
1446 1740 1717 1830 capituli
1746 1744 1809 1806 et
1832 1739 2054 1805 vicarii
2083 1735 2455 1827 capitularis
2475 1746 2700 1824 partes,

425 1851 497 1911 ut
536 1846 896 1935 quidquam
936 1847 1086 1914 addi
1126 1847 1261 1913 fere
1292 1866 1846 1936 supervacaneum
1892 1844 1999 1909 sit.
2031 1841 2133 1909 Ad
2169 1842 2469 1930 quaedam
2503 1847 2708 1908 tamen

422 1953 749 2042 praecipua
779 1957 1184 2042 puncta-rem
1216 1957 1414 2019 totam
1442 1951 1524 2019 de
1552 1973 1682 2041 qua
1710 1951 1776 2019 in
1808 1950 2106 2040 praesenti
2136 1947 2546 2039 paragrapho
2585 1948 2709 2036 agi·

422 2075 596 2137 muS,
642 2056 1051 2123 reducemus.
1354 2129 1361 2136 ,

514 2159 563 2227 l.
611 2160 847 2245 Potest,
893 2164 1041 2232 sede
1078 2170 1366 2247 vacante,
1412 2161 1686 2230 vicarius
1719 2162 2093 2250 capitularis
2120 2160 2331 2250 quoad
2362 2180 2711 2228 concursus

424 2288 542 2357 pro
590 2268 922 2335 beneficiis
968 2269 1445 2358 parochialibus
1503 2268 1723 2335 omnia
1771 2288 1919 2356 quae
1970 2287 2271 2356 peragere
2316 2255 2534 2355 posset
2587 2266 2711 2354 ipse

421 2371 802 2462 Episcopus,
859 2396 1063 2463 usque
1106 2373 1185 2440 ad
1230 2375 1611 2442 electionem
1657 2373 2001 2454 inclusive,
2046 2380 2109 2439 et
2149 2394 2357 2460 usque
2395 2370 2476 2437 ad
2530 2369 2715 2438 colla-

421 2478 667 2547 tionem
703 2481 1049 2549 exclusive.
1088 2480 1157 2548 ld
1204 2482 1496 2571 sequitur
1536 2480 1773 2548 invicte
1819 2502 1892 2547 ex
1934 2478 2262 2570 praemissa
2291 2476 2503 2546 Sacrae
2552 2475 2714 2544 Con·

421 2586 829 2672 gregationis‘
853 2587 1110 2653 concilii
1155 2587 1611 2668 declaratione,
1654 2591 1717 2653 et
1744 2585 1831 2680 ita
1868 2586 2064 2652 etiam
2100 2584 2430 2651 concludit
2470 2582 2709 2648 Leure-

420 2690 592 2759 nius.
633 2689 869 2776 (Tract.
904 2696 1000 2757 De
1022 2691 1345 2780 capitulo,
1374 2691 1521 2760 sede
1565 2715 1740 2774 vae„
1776 2698 2004 2781 quaest.
2036 2690 2220 2781 530.)

511 2796 603 2888 ll„
619 2797 829 2866 Potest
855 2819 1007 2887 ergo
1035 2817 1355 2887 apponere
1385 2797 1669 2865 edictum
1712 2797 1789 2864 de
1822 2817 2177 2884 concursu,
2205 2795 2279 2863 ad
2315 2811 2713 2860 concursum

420 2924 671 2986 vocare,
725 2907 1181 2970 concurrentes
1220 2902 1615 2982 examinare,
1657 2925 1734 2970 ex
1766 2903 2138 2993 approbatis
2183 2898 2551 2989 digniorem
2599 2896 2714 2963 eli-

424 3030 598 3101 gere,
646 3029 875 3076 curare
923 3014 996 3075 ut
1042 3009 1126 3074 in'
1153 3010 1396 3095 synodo
1443 3010 1801 3076 dioecesana
1847 3009 2173 3096 eligantur
2228 3004 2712 3086 examinatoreS,

426 3136 499 3181 ac
538 3115 806 3205 proinde
845 3117 1038 3182 etiam
1088 3114 1258 3181 hanc
1302 3116 1624 3203 synodum
1657 3116 2026 3196 celebrare3
2064 3117 2269 3204 potest
2299 3110 2711 3178 administra-

427 3222 668 3288 tionem
696 3223 979 3309 vacantis
1005 3221 1302 3289 beneficii
1333 3223 1734 3289 committere
1758 3221 1955 3288 alicui
1980 3220 2222 3286 vicario
2243 3240 2356 3284 seu
2386 3234 2718 3285 oeconomo

427 3325 682 3410 idone0,
716 3327 908 3394 modo
939 3327 1047 3394 ille
1079 3349 1206 3395 non
1240 3328 1322 3394 sit
1351 3328 1524 3394 idem
1552 3349 1626 3395 ac
1656 3329 1710 3395 is
1738 3328 1852 3416 qui
1886 3322 1963 3394 in'
1997 3345 2320 3395 concursu
2350 3344 2470 3413 pro
2497 3320 2718 3388 eodem

424 3431 735 3499 beneficio
765 3431 1115 3498 obtinendo
1140 3433 1473 3519 judicatus
1499 3441 1593 3499 est
1621 3433 1832 3521 magis
1879 3433 2177 3518 idoneus,
2214 3434 2277 3496 et
2319 3427 2531 3496 eidem
2571 3424 2722 3492 assi-

427 3558 624 3627 gnare
670 3541 915 3625 partem
958 3557 1317 3626 congruam
1356 3539 1721 3622 fructuum,
1758 3561 1890 3606 non
1933 3544 2149 3604 autem
2181 3554 2409 3603 omnes
2447 3533 2716 3599 fructus.

516 3641 624 3710 lll.
668 3643 773 3737 Ab
809 3642 913 3710 his
946 3644 1255 3711 omnibus
1293 3643 1660 3712 excluditur
1689 3643 2104 3735 capitulum,
2133 3643 2220 3710 ita
2256 3646 2332 3705 ut
2373 3639 2443 3706 in
2477 3659 2554 3705 ea
2596 3655 2724 3703 sese

426 3748 852 3817 intromittere
897 3756 1207 3840 nequeat.⁹

421 3847 427 3853 ’
519 3854 631 3925 Ν.
667 3855 821 3924 Haec
853 3865 1070 3924 autem
1102 3856 1395 3924 doctrina
1421 3854 1490 3923 in
1523 3855 1827 3948 praedicta
1855 3854 2281 3923 declaratione
2306 3848 2521 3919 Sacra-3
2561 3846 2728 3915 Con-

430 3964 823 4048 gregationis
858 3965 1118 4031 concilii
1149 3969 1447 4032 contenta
1487 3987 1523 4031 a
1554 3964 1903 4032 canonistis
1942 3969 2252 4052 tanquam
2290 3956 2522 4045 regula
2558 3959 2727 4023 certa

433 4067 765 4157 recipitur.
816 4071 903 4138 Ex
940 4071 1181 4160 quibus
1222 4070 1540 4137 adducere
1584 4069 1861 4136 sufficiat
1892 4068 2392 4137 celeberrimum
2422 4061 2733 4129 Cardina·

431 4172 561 4240 lem
595 4174 673 4240 de
697 4174 873 4242 Luca
903 4201 920 4243 ε
973 4202 1008 4240 ι(
1043 4176 1322 4245 Planum
1353 4199 1423 4245 ac
1450 4183 1783 4267 receptum
1813 4175 1944 4243 dixi
1983 4173 2157 4268 quod
2192 4190 2559 4240 concursus
2595 4164 2734 4235 fieri

494 4415 557 4478 (1)
591 4415 780 4479 Nempe
805 4412 1019 4463 vicarius
1038 4415 1343 4477 capitularis.
