2930 4982
1217 335 1293 381 DE
1337 335 1661 383 Carnutis.
2458 333 2582 388 303

315 450 452 518 «sit
485 450 555 517 in
606 449 960 520 utilitatem
1014 471 1385 544 pauperum
1406 505 1427 538 ‚
1478 454 1583 522 vel
1633 454 1759 523 nisi
1803 455 2072 526 ecclesia
2123 459 2390 551 propria
2443 483 2578 533 non

316 556 685 645 «indigeret
720 560 1182 630 restauratione
1223 566 1286 629 et
1325 561 1471 630 aliae
1517 560 1802 631 ecclesiae
1841 563 2265 655 eleemosynis
2319 565 2579 658 indige-

314 688 349 730 «
372 669 523 732 rent.
574 662 856 733 Nomine
895 670 1116 736 autem
1165 689 1534 761 pauperum
1585 668 2043 757 intelliguntur
2089 693 2404 765 pauperes
2460 697 2582 744 cu·

312 795 343 835 «
359 772 751 862 J'uscumque
770 771 925 859 loci,
971 779 1033 842 et
1069 774 1267 843 etiarn
1292 775 1418 865 ipsi
1439 775 1762 846 defuncti.
1786 775 1868 843 Et
1893 777 2085 845 etiam
2121 778 2259 869 ipse
2295 780 2578 851 clericus

307 876 484 945 «sibi
534 881 742 968 potest
777 878 1105 968 applicare
1159 878 1364 948 dictos
1398 879 1656 951 fructus
1683 882 1742 951 si
1790 901 1943 950 vere
1973 891 2221 974 pauper
2248 890 2381 974 est;
2413 887 2583 957 exei-

306 1007 337 1049 «
359 983 537 1073 pitur
573 989 817 1071 tamen,
858 986 914 1053 si
960 985 1070 1053 ille
1097 986 1170 1066 in
1205 985 1507 1055 fraudem
1535 988 1831 1057 officium
1859 989 2138 1076 omittat,
2165 988 2376 1059 sciens
2403 1013 2583 1083 posse

304 1113 335 1155 «
361 1091 646 1160 retinere
672 1092 926 1161 fruetus
948 1091 1033 1161 ob
1067 1099 1537 1184 paupertatem.
1562 1099 1606 1160 '»
1663 1095 1753 1186 (S.
1790 1095 2163 1186 Lignorius,
2198 1097 2246 1166 l.
2281 1096 2389 1186 111,
2419 1120 2478 1168 c.
2514 1100 2579 1184 2,

291 1216 358 1265 n.
395 1197 587 1288 672.)

379 1302 463 1373 11.
499 1304 570 1373 Si
598 1305 910 1373 restitutio
934 1305 1227 1375 facienda
1249 1307 1329 1376 sit
1350 1308 1435 1376 ob
1460 1309 1774 1377 omissam
1806 1308 2246 1389 residentiam,
2275 1311 2368 1379 sic
2388 1311 2583 1382 habet

291 1410 352 1480 S.
378 1409 735 1500 Liguorius
762 1409 960 1503 (l.1v‚
986 1434 1045 1481 c.
1078 1413 1147 1497 2,
1173 1435 1242 1481 n.
1274 1414 1423 1505 128)
1455 1439 1474 1483 z
1508 1441 1544 1481 «
1569 1415 1865 1483 Notanda
1890 1419 1987 1483 est
2013 1415 2376 1485 differentia
2409 1416 2581 1487 inter

298 1518 836 1587 «restitutionem
880 1518 1247 1587 faciendam
1290 1543 1329 1588 a
1369 1520 1795 1590 beneficiario
1820 1521 1906 1590 ob
1941 1520 2362 1592 omissionem
2393 1523 2585 1593 hora-

298 1650 330 1692 «
353 1647 535 1715 rum,
569 1633 632 1695 et
672 1626 756 1694 ob
782 1624 1203 1696 omissionem
1229 1626 1618 1697 residentiae.
1649 1628 1767 1697 Illa
1793 1627 1978 1697 enirn
2018 1623 2225 1719 potest
2259 1628 2406 1698 fieri
2432 1629 2581 1721 qui-

299 1756 331 1798 «
359 1731 773 1823 buscumque
799 1734 1219 1824 pauperibuS,
1264 1740 1329 1803 et
1372 1734 1443 1802 in
1472 1735 1789 1804 fabricam
1815 1735 2052 1804 domus
2081 1736 2413 1826 beneficii,
2444 1739 2579 1808 sive

301 1838 419 1905 «in
456 1839 756 1907 emendis
794 1843 906 1906 aut
945 1839 1365 1908 meliorandis
1407 1841 1581 1929 agris
1628 1840 1931 1908 beneficii
1952 1867 1970 1927 ;
2003 1841 2159 1929 quia
2184 1843 2410 1910 omnia
2438 1842 2578 1912 haec

298 1947 633 2014 «veniunt
657 1944 926 2013 nomine
951 1944 1237 2034 fabrica»
1261 1944 1593 2034 beneficii,
1616 1951 1690 2012 ut
1705 1945 1947 2014 dicitur
1973 1946 2045 2012 in
2067 1945 2247 2013 bulla
2266 1946 2336 2013 S.
2366 1946 2466 2015 Pii
2485 1948 2569 2019 V.

277 2078 325 2118 ff«
349 2053 450 2123 Ob
477 2054 905 2122 omissionem
933 2057 1150 2119 autem
1172 2051 1565 2140 residentiae,
1590 2052 1901 2120 restitutio
1920 2053 2112 2121 debet
2140 2055 2416 2122 omnino
2436 2077 2576 2124 ero·

294 2161 501 2249 «gari
550 2160 653 2228 vel
688 2160 760 2226 in
807 2157 1145 2248 fabricam
1169 2156 1452 2226 ecclesiae
1479 2157 1583 2225 vel
1623 2157 1693 2225 in
1721 2179 2056 2247 pauperes
2107 2158 2294 2224 illius
2320 2160 2475 2243 loci,
2508 2167 2582 2228 ut

291 2289 330 2330 «
357 2263 651 2332 sancitur
678 2265 749 2331 in
774 2264 1159 2331 Tridentino
1189 2263 1368 2353 (sess
1403 2262 1520 2349 23,
1547 2284 1607 2330 c.
1650 2262 1736 2352 1).
1770 2262 1906 2331 Nec
1938 2261 2244 2330 satisfacit
2266 2284 2399 2331 non
2426 2265 2582 2333 resi-

290 2395 327 2437 «
359 2368 530 2460 dens
550 2369 937 2461 applicando
958 2357 1434 2437 restitutionem
1457 2370 1529 2437 in
1554 2369 1767 2437 missis
1795 2369 1898 2437 vel
1940 2368 2087 2437 aliis
2111 2367 2437 2460 suffragiis
2459 2390 2580 2462 pro

296 2477 705 2547 «animabus
736 2476 1099 2569 purgatorii
1127 2476 1304 2546 illius
1344 2476 1499 2559 loci,
1532 2476 1687 2567 quia
1715 2499 1935 2545 revera
1974 2476 2212 2546 animae
2241 2477 2582 2548 defuncto-

295 2610 326 2652 «
355 2607 512 2665 rum
542 2607 673 2654 non
701 2588 974 2676 possunt
993 2584 1279 2675 amplius
1306 2584 1436 2653 dici
1462 2604 1778 2675 pauperes
1809 2582 1999 2662 illius
2028 2582 2182 2651 loci.
2226 2605 2261 2647 »

367 2690 481 2759 111.
532 2690 786 2773 Quanta
823 2692 966 2760 fieri
990 2691 1215 2760 debeat
1239 2691 1588 2775 restitutiO,
1635 2713 1748 2760 seu
1773 2690 2107 2780 quomodo
2137 2688 2573 2777 intelligenda

286 2798 370 2865 sit
386 2799 551 2865 resti
559 2799 731 2864 tutio
746 2819 875 2886 pro
889 2811 1046 2889 rata
1064 2800 1461 2884 omissionis,
1482 2801 1623 2888 jam
1639 2799 1889 2867 dictum
1909 2803 2006 2865 est
2022 2818 2244 2886 supra,
2261 2796 2305 2884 ξ
2321 2795 2396 2878 11,
2417 2817 2488 2861 n.
2513 2794 2578 2861 4.

1370 3078 1525 3155 ξω

533 3249 607 3288 ΑΝ
645 3249 710 3288 ΕΤ
747 3251 1028 3296 QUATENUS
1053 3251 1244 3291 LICEAT
1274 3250 1471 3290 OFFICII
1498 3248 1889 3289 RECITATIONEM
1924 3249 2334 3288 INTERRUMPERE

379 3425 441 3490 1⁰
470 3423 695 3504 Quoad
722 3426 1656 3521 hujusmodiinterruptioneS,
1692 3428 2131 3498 communiter
2159 3432 2380 3495 tenent
2407 3426 2574 3494 doc-

294 3531 453 3600 tores
479 3534 881 3602 matutinum
906 3557 1090 3626 posse
1135 3558 1173 3604 a
1195 3537 1501 3605 laudibus
1535 3538 1817 3626 separari
1855 3537 1995 3603 sine
2022 3535 2158 3600 ulla
2182 3553 2400 3600 causa.
2448 3530 2573 3598 Sed

294 3653 443 3705 cum
496 3630 899 3732 separantur,
949 3643 1136 3709 debet
1182 3643 1378 3731 adjici
1424 3646 1627 3708 Pater
1671 3653 1912 3707 noster.
1981 3639 2089 3704 An
2146 3643 2368 3704 autem
2411 3640 2571 3702 tunc

291 3742 517 3815 debeat
547 3749 742 3817 etiam
782 3749 976 3839 adjici
1014 3748 1241 3828 oratio,
1297 3747 1816 3814 controvertitur.
1846 3743 1951 3809 An
1979 3741 2226 3831 possint
2260 3738 2567 3807 nocturni

295 3855 575 3947 separari
597 3857 678 3926 ab
704 3839 1035 3925 invicem?
1062 3853 1583 3924 controvertitur.
1628 3848 1752 3920 Sed
1784 3846 2114 3939 probabile
2140 3849 2232 3912 est
2266 3865 2453 3934 posse
2480 3866 2572 3914 se-

298 3966 508 4054 parari
545 3966 757 4035 tribus
793 3964 1141 4056 interjectis
1189 3963 1400 4046 horis3
1444 3983 1580 4029 non
1607 3963 1826 4028 autern
1863 3954 2145 4045 amplius
2184 3951 2323 4021 sine
2350 3974 2565 4023 causa.

300 4069 386 4160 (S.
420 4072 799 4161 LiguoriuS‚
826 4072 967 4140 leco
1002 4073 1140 4158 cit„
1173 4094 1239 4138 n.
1273 4069 1455 4158 167.)
1484 4067 1654 4135 Hinc
1694 4065 1811 4155 qui
1849 4064 1988 4130 sine
2027 4078 2219 4128 causa
2259 4061 2576 4153 inciperet

299 4183 698 4250 matutinum
726 4182 987 4271 vespere
1014 4184 1076 4248 et
1101 4169 1454 4269 compleret
1483 4196 1702 4254 mane,
1741 4170 2125 4241 satisfaceret
2160 4174 2224 4238 et
2251 4191 2389 4237 non
2413 4185 2571 4257 pec-

304 4294 472 4356 caret
497 4288 797 4378 graviter‚
823 4287 929 4354 sed
952 4286 1314 4355 venialiter.
2425 4368 2437 4382 ι

390 4395 457 4463 2⁰
484 4396 555 4467 Si
583 4394 972 4485 interruptio
1003 4414 1241 4482 magna
1264 4391 1429 4460 facta
1455 4390 1639 4458 estin
1671 4388 1885 4477 aliqua
1914 4387 2098 4466 hora,
2129 4377 2331 4447 autin
2357 4371 2574 4447 alquO
