2930 4982
1184 1179 1965 1288 EPILOGUS

495 1862 868 1950 Antequam
902 1859 983 1926 ab
1018 1860 1139 1926 ista
1179 1858 1259 1926 de
1306 1858 1626 1949 Capitulis
1662 1861 2040 1927 tractatione
2085 1881 2363 1926 manum
2412 1858 2706 1926 retraha-

411 1989 583 2051 mus,
628 1967 968 2035 nonnullis
1002 1987 1149 2055 quae
1180 1965 1425 2033 oboriri
1461 1966 1650 2034 facile
1690 1972 1948 2058 possent
1975 1966 2256 2054 querelis
2303 1965 2707 2032 obviandum

411 2097 546 2143 esse
586 2074 1118 2142 existimavimus.
1153 2073 1349 2163 Apud
1380 2079 1641 2141 caeteras
1670 2073 1968 2162 quidem,
2005 2077 2238 2162 praeter
2263 2070 2578 2151 Galliam,
2612 2092 2712 2138 re-

410 2181 659 2269 gioneS‚
709 2181 911 2247 nullis
945 2179 1285 2247 offensioni
1326 2179 1460 2246 fore
1507 2179 1873 2248 doctrinam
1909 2180 2262 2269 expositam
2309 2198 2708 2268 speramus:

412 2309 546 2354 non
592 2288 771 2355 enim
815 2308 1049 2360 novam
1097 2308 1310 2376 neque
1356 2286 1438 2354 ab
1468 2308 1544 2354 ea
1588 2309 1793 2376 quam
1827 2288 1894 2354 in
1935 2286 2172 2354 scholis
2217 2284 2351 2352 suis
2399 2290 2712 2373 tanquam

412 2412 835 2459 communem
862 2397 926 2460 et
956 2391 1293 2483 probatam
1335 2391 1601 2459 haurire
1650 2392 1882 2473 solent,
1929 2390 2318 2458 dissimilem
2360 2390 2704 2479 reperient.

411 2498 497 2563 At
530 2520 680 2566 vero
719 2497 785 2564 in
823 2497 1033 2565 Gallia
1064 2497 1206 2588 (pro
1232 2521 1305 2566 ea
1334 2520 1482 2587 quae
1512 2497 1593 2565 de
1622 2497 2068 2588 capitulorum
2105 2501 2339 2564 natura
2360 2503 2424 2563 et
2442 2495 2712 2585 juribus

411 2621 540 2669 non
570 2623 807 2690 parum
843 2604 1120 2670 invaluit
1156 2604 1487 2693 opinione,
1519 2610 1716 2694 atque
1738 2605 2118 2673 eorumdem
2135 2606 2273 2693 jam
2299 2609 2598 2672 consueta
2621 2602 2708 2668 ab

411 2704 633 2772 ultimi
658 2706 1035 2774 concordati
1062 2714 1350 2797 tempore
1374 2709 1839 2799 ordinatione),
1871 2732 2002 2777 non
2023 2710 2286 2778 deerunt
2306 2709 2513 2774 forsan
2537 2707 2700 2786 viri,

409 2814 718 2884 doctrinae
749 2815 945 2881 etiam
987 2820 1049 2882 et
1077 2813 1325 2905 pietatis
1360 2814 1674 2903 gravitate
1718 2816 2085 2908 conspicui,
2124 2818 2241 2906 qui
2271 2814 2527 2883 doleant
2568 2835 2702 2882 non

407 2943 646 3011 paucas
688 2943 724 2988 a
763 2921 949 2988 nobis
984 2926 1195 3001 „motas
1233 2923 1622 3009 quaestiones
1660 2923 2335 3012 atque‘conclusiones
2365 2921 2695 3005 deductaS,

407 3030 588 3119 praxi
613 3050 649 3095 a
670 3049 802 3095 non
830 3050 1028 3117 parvo
1061 3034 1348 3117 tempore
1379 3028 1448 3094 in
1478 3050 1554 3095 ea
1579 3030 1849 3118 regione
1872 3028 2194 3096 obtinenti
2225 3028 2543 3096 adversas.
2575 3026 2702 3095 Ob·

400 3133 632 3224 jicient
665 3133 907 3201 scilicet
943 3132 1464 3223 intempestivam
1506 3135 1948 3225 scriptionem,
1977 3140 2266 3225 apertam
2303 3132 2696 3204 tumultibus

406 3245 469 3306 et
506 3237 784 3306 dissidiis
813 3239 987 3305 viam
1032 3263 1046 3306 ε
1080 3239 1256 3306 unde
1301 3240 1522 3307 minus
1553 3239 1889 3330 prudentis
1913 3246 1976 3308 et
2008 3241 2432 3309 ecclesiarum
2475 3238 2697 3308 Galliae

405 3342 664 3408 utilitati
694 3344 1091 3411 consulentis
1110 3345 1383 3433 ingenii,
1421 3352 1640 3413 notam
1670 3345 1744 3413 in
1768 3368 1885 3414 nos
1914 3347 2073 3414 forte
2093 3347 2515 3437 torquebunt.

493 3444 636 3525 Qua
671 3445 936 3532 quidem
968 3447 1179 3512 nocivi
1211 3449 1422 3535 magis
1462 3470 1669 3535 quam
1695 3451 1971 3539 proficui
2002 3451 2207 3520 exitus
2234 3451 2692 3543 expectatione,

406 3572 511 3619 eos
534 3548 745 3640 primo
779 3548 1024 3617 intuitu
1053 3549 1223 3617 affici
1247 3550 1495 3619 nedum
1537 3555 1893 3643 miremur,
1920 3556 2141 3629 eadem
2168 3564 2230 3625 et
2254 3579 2372 3624 nos
2399 3558 2697 3646 aliquan-

406 3660 606 3750 tisper
627 3655 867 3724 detenti
892 3657 1230 3725 haesimus.

494 3763 581 3830 At
602 3762 981 3853 diligentius
998 3769 1326 3854 perspecta
1345 3786 1439 3851 re,
1465 3767 1682 3834 omnis
1696 3769 1959 3836 evanuit
1981 3769 2330 3838 cunctatio.
2362 3768 2699 3860 Imprimis

405 3870 610 3951 enim,
663 3870 1106 3959 interruptum
1142 3875 1235 3938 tot
1269 3873 1456 3939 annis
1495 3874 1563 3939 in
1615 3873 1824 3942 Gallia
1846 3874 2020 3964 juris
2062 3876 2363 3944 canonici
2403 3873 2700 3943 studium

406 3994 585 4040 nunc
615 3976 876 4042 tandem
928 3977 1336 4064 reviviscere,
1386 3983 1649 4046 strenue
1701 3981 1782 4047 ad
1828 3981 1895 4049 id
1938 4004 2071 4050 non
2126 3983 2350 4075 paucis
2395 3983 2478 4049 de
2524 3982 2698 4049 clero

395 4078 694 4146 animum
746 4083 1266 4152 convertentibus
1295 4135 1313 4167 ,
1381 4089 1612 4152 notum
1674 4088 1998 4156 omnibus
2054 4096 2169 4158 est.
2241 4088 2486 4159 Silente
2544 4108 2693 4173 me,

390 4185 502 4272 jus
541 4203 889 4254 commune
934 4191 1012 4257 de
1052 4191 1354 4281 capitulis
1395 4192 1846 4283 expendissent
1899 4197 2127 4286 procul
2175 4196 2376 4264 dubio
2430 4194 2575 4275 alii,
2619 4214 2697 4261 ac

395 4291 644 4380 praxim
690 4292 1011 4382 praecipue
1049 4299 1233 4365 illam
1282 4297 1509 4367 Galliae
1543 4322 1690 4389 quae
1726 4303 1979 4371 videtur
2006 4327 2044 4372 a
2073 4304 2414 4372 communi
2461 4302 2695 4393 regula

393 4399 683 4467 recedere
724 4394 926 4465 serius
967 4402 1150 4470 ocius
1191 4406 1273 4471 ad
1325 4405 1547 4474 crisim
1594 4416 1946 4478 vocassent.
1993 4410 2135 4479 Non
2184 4417 2319 4479 erat
2363 4433 2524 4501 ergo
2572 4430 2695 4478 cur
