2930 4982
329 343 409 400 60
1296 352 1643 400 'rnAcu‘rus

328 474 816 540 monstruosum
854 484 1092 564 corpus
1122 493 1255 540 non
1298 477 1393 539 est
1426 471 1828 539 habendum.
1862 468 2018 539 Non'
2047 469 2234 538 enim
2269 469 2468 538 habet
2495 471 2628 540 duo

332 578 442 645 illa
502 578 707 669 capita
759 578 885 647 sub
938 581 1165 647 eodem
1217 586 1539 671 respectu,
1595 580 1706 648 sed
1761 578 1884 647 sub
1937 578 2219 646 diverso·
2287 576 2630 657 Quatenus

328 684 570 752 scilicet
612 687 943 753 constituit
992 697 1301 754 senatum
1347 686 1631 755 ecclesiae
1672 693 1736 754 et
1791 684 2142 754 consilium
2179 695 2428 751 natum
2468 685 2632 776 Epi-

329 789 502 880 scopi
553 791 747 859 habet
763 814 882 883 pro
910 792 1118 883 capite
1135 793 1490 883 ipsummet
1517 794 1913 884 Episcopum
1933 820 1950 880 3
1974 798 2036 860 et
2060 792 2155 859 sic
2186 790 2630 874 considerata,

328 841 625 967 membra
690 900 961 990 capituli
1012 907 1167 967 sunt
1230 901 1434 991 ipsius
1487 901 1790 991 Episcopi
1846 899 2224 989 adjuvantia
2288 897 2627 985 membra;

328 1005 449 1071 sub
478 1026 608 1093 quo
646 1012 941 1096 respectu
980 1006 1340 1097 Episcopus
1377 1013 1471 1073 est
1497 1029 1644 1073 vere
1673 1007 1750 1073 de
1779 1027 2047 1096 corpore
2086 1005 2391 1095 capituli,
2426 1004 2632 1093 ipsius

328 1132 562 1201 nempe
592 1134 739 1201 pars
766 1113 1147 1203 principalis
1174 1119 1233 1182 et
1260 1113 1707 1183 nobilissima:
1737 1116 2072 1202 'repugnat
2094 1112 2278 1177 enim
2303 1132 2462 1176 eum
2498 1131 2630 1177 non

328 1239 460 1285 esse
494 1219 573 1286 de
605 1240 874 1308 corpore
905 1220 1176 1309 capituli
1204 1220 1327 1287 sub
1360 1242 1435 1288 eo
1472 1225 1795 1310 respectu,
1829 1219 1952 1286 sub
1983 1239 2113 1306 quo
2144 1222 2245 1284 est
2273 1217 2459 1284 illius
2492 1238 2631 1284 cor-

331 1324 503 1412 poris
534 1329 748 1413 caput.

418 1428 750 1509 Quatenus
784 1452 938 1499 vero
983 1432 1345 1523 capitulum
1392 1433 1586 1501 habet
1621 1435 1799 1522 jura,
1838 1437 1900 1498 et
1935 1431 2273 1513 interesse,
2319 1435 2385 1497 et
2421 1429 2635 1497 officia

333 1536 458 1604 sibi
487 1540 778 1629 propria,
817 1539 1153 1607 constituit
1189 1561 1424 1629 corpus
1467 1540 1549 1606 ab
1579 1539 1900 1629 Episcopo
1934 1539 2343 1626 sejunctum.
2392 1535 2476 1604 Et
2511 1535 2635 1603 sub

329 1641 454 1709 hoc
487 1649 777 1734 respectu
810 1643 1168 1735 Episcopus
1201 1666 1334 1712 non
1367 1651 1463 1712 est
1507 1646 1585 1712 (16
1636 1665 1905 1735 corpore
1942 1643 2253 1733 capituli3
2306 1643 2421 1711 sed
2456 1643 2635 1733 capi-

330 1748 545 1815 tulum
579 1750 761 1816 aliud
799 1751 995 1819 habet
1044 1753 1383 1841 proprium
1425 1753 1552 1820 sibi
1596 1759 1816 1842 caput,
1864 1754 2019 1818 cum
2063 1772 2200 1838 quo
2243 1750 2449 1818 efficit
2474 1751 2636 1817 inte-

331 1876 527 1943 grum
559 1855 820 1945 aliquod
858 1879 1099 1948 corpus·
1121 1860 1396 1938 sociale;
1432 1859 1605 1927 unde
1644 1860 1810 1926 fitut
1839 1858 2202 1949 Episcopus
2234 1880 2374 1925 non
2403 1856 2639 1924 habeat

328 1982 556 2028 vocem
602 1963 672 2028 in
712 1965 989 2052 negotiis
1037 1965 1535 2055 capitularibuS,
1566 1971 1641 2032 ut
1678 1965 1911 2033 docent
1959 1965 2323 2032 canonistae
2372 1959 2640 2044 omnes3

329 2090 403 2135 ex
467 2070 705 2157 quibus
783 2072 935 2138 satis
1009 2072 1130 2139 erit
1207 2071 1545 2140 adduxisse
1627 2071 2155 2141 Scarfantonium
2232 2068 2461 2162 (Tom.
2547 2067 2630 2151 ΙΙ,

331 2196 480 2264 pag.
518 2175 669 2261 105,
721 2199 789 2243 n.
835 2176 944 2264 19,
973 2178 1126 2244 edit.
1171 2176 1392 2259 Lucae,
1429 2176 1669 2269 1723):
1714 2202 1749 2241 «
1787 2176 2167 2267 EpiscopUS,
2210 2177 2354 2243 sive
2400 2174 2636 2242 Praela-

342 2289 506 2350 «tus
555 2285 843 2373 gaudens
876 2285 1330 2374 jurisdictione
1376 2286 1562 2374 quasi
1605 2285 1990 2376 episcopali,
2036 2284 2192 2351 licet
2235 2286 2324 2352 sit
2372 2301 2634 2373 semper

340 2396 596 2478 «caput
644 2390 1000 2480 principale
1063 2391 1356 2480 capituli,
1412 2392 1851 2458 nihilominus
1906 2390 2289 2479 regulariter
2349 2411 2484 2456 non
2523 2407 2631 2453 ve·

342 2519 375 2556 «
405 2494 601 2560 niunt
629 2497 898 2562 nomine
934 2498 1227 2587 capituli,
1267 2520 1386 2565 nec
1423 2498 1736 2565 dicuntur
1782 2520 1915 2563 6556
1953 2499 2032 2563 (16
2066 2497 2373 2584 capitulo,
2409 2512 2627 2579 neque

342 2626 376 2663 «
405 2599 645 2667 habent
681 2622 907 2670 vocem
958 2605 1028 2670 in
1078 2605 1351 2692 negotiis
1399 2603 1886 2694 capitularibus.
1934 2602 2123 2668 Ratio
2152 2604 2243 2668 est
2284 2598 2443 2688 quia
2471 2602 2630 2663 sunt

344 2732 377 2770 «
409 2707 920 2777 contradistincti
949 2715 1012 2776 et
1036 2711 1352 2799 segregati
1379 2733 1417 2776 a
1446 2709 1750 2799 capitulo.
1780 2732 1814 2771 >³

422 2812 830 2882 Attendenda
876 2818 1146 2884 omnino
1196 2822 1291 2885 est
1318 2815 1825 2882 fundamentalis
1860 2813 1999 2880 haec
2048 2801 2118 2879 et⁶
2141 2810 2407 2901 propria
2445 2811 2629 2901 capi-

335 2921 627 2988 tulorum
669 2923 1067 3010 constitutio,
1109 2929 1187 2990 ut
1214 2923 1614 3010 intelligatur
1654 2921 1815 2988 ratio
1846 2941 2099 3003 eorum,
2132 2939 2280 3008 quae
2309 2940 2346 2986 a
2367 2918 2522 3007 jure
2550 2917 2631 2984 (16

337 3025 718 3114 hujusmodi
747 3030 1129 3098 clericorum
1162 3030 1546 3121 corporibus
1586 3034 1818 3097 statuta
1847 3033 2023 3095 sunt.

425 3128 502 3196 ll.
540 3131 683 3199 Jam
713 3156 866 3202 vero
904 3138 957 3202 si
985 3143 1316 3225 quaeratur
1343 3136 1676 3224 quodnam
1709 3139 1792 3201 sit
1831 3138 2027 3223 caput
2061 3130 2409 3198 numerale
2444 3128 2628 3218 capi-

339 3236 487 3313 tuli,
522 3239 800 3307 fatemur
828 3241 1015 3322 nobis
1045 3243 1402 3309 occurrisse
1434 3241 1906 3321 difficultatem,
1945 3240 2134 3326 cujus
2164 3237 2425 3325 plenam
2453 3236 2630 3303 solu·

337 3340 578 3408 tionem
628 3345 925 3412 nondum
999 3349 1172 3434 apud
1232 3353 1524 3414 auctores
1593 3346 1989 3413 invenimus.
2050 3342 2298 3409 Docent
2350 3339 2625 3431 quidem

340 3465 492 3510 eum
541 3447 655 3533 qui
698 3454 925 3536 praeest
961 3449 1264 3538 capitulo,
1311 3455 1373 3517 et
1415 3452 1528 3538 qui
1563 3452 1686 3517 hoc
1734 3453 1875 3539 ipso
1916 3449 1995 3515 de
2038 3449 2189 3537 jure
2239 3446 2389 3536 (nisi
2437 3446 2629 3517 aliter

343 3551 675 3642 statuatur)
695 3554 806 3641 jus
833 3554 1460 3621 habet-coadunandi
1490 3556 1876 3645 capitulum,
1913 3576 2331 3643 quocumque
2361 3554 2626 3623 nomine

340 3663 628 3741 vocetur,
661 3660 906 3726 censeri
942 3659 1174 3727 debere
1222 3666 1532 3749 tanquam
1574 3659 1872 3749 primam
1900 3659 2166 3750 capituli
2195 3659 2618 3749 diqnitatem.

342 3762 465 3831 Sed
500 3767 731 3833 docent
773 3768 967 3834 simul
1007 3765 1105 3857 (ut
1149 3768 1354 3857 capite
1397 3768 1783 3857 praecedenti
1818 3768 2125 3846 vidimus,
2173 3772 2237 3833 et
2268 3773 2341 3834 ut
2369 3766 2623 3857 plenius

339 3869 590 3935 dicetur
610 3873 776 3939 infra
791 3896 934 3964 cap.
958 3872 1046 3952 V,
1068 3875 1184 3941 ubi
1205 3896 1471 3963 agemus
1497 3876 1575 3942 (16
1597 3874 2015 3963 dignitatibus
2034 3875 2103 3940 in
2128 3875 2388 3962 genere)
2412 3872 2623 3962 digni-

341 3980 495 4040 tates
516 3975 755 4063 dejure
776 3999 910 4044 non
929 4002 1063 4046 esse
1079 3979 1156 4045 (16
1175 3978 1482 4068 capitulo.
1511 3977 1696 4045 Unde
1722 3978 2011 4046 inferunt
2027 3979 2221 4045 etiam
2244 3980 2621 4067 dignitatem

342 4080 517 4147 illam
542 4103 688 4169 quae
710 4091 1016 4152 convocat
1039 4085 1402 4175 capitulum
1431 4089 1494 4151 et
1518 4084 1614 4151 illi
1643 4091 1872 4174 praeest
1898 4107 2033 4152 non
2062 4108 2196 4153 6556
2242 4086 2321 4153 (16
2358 4104 2621 4175 corpore

340 4186 627 4275 capituli,
655 4209 772 4254 nec
795 4188 1031 4256 habere
1059 4212 1280 4257 vocem
1303 4191 1371 4258 in
1403 4191 1713 4281 capitum,
1745 4192 1867 4258 nisi
1889 4192 2013 4259 hoc
2034 4192 2314 4260 obtineat
2335 4215 2410 4260 ex
2434 4188 2622 4260 locali

337 4297 566 4360 statuto
603 4299 713 4360 aut
754 4295 1241 4380 consuetudine,
1275 4302 1386 4363 aut
1413 4299 1493 4363 sit
1517 4298 1714 4365 simul
1745 4299 2094 4367 canonicus
2121 4299 2236 4390 (1).

405 4435 467 4495 (1)
496 4434 799 4484 Beneficium
820 4435 953 4497 quod
972 4434 1123 4485 habet
1147 4435 1354 4486 titulum
1377 4438 1831 4500 archidiaconatuS,
1855 4443 1946 4490 aut
1971 4440 2321 4503 propositurae,
2348 4444 2439 4491 aut
2470 4440 2612 4492 deca·
