2930 4982
1184 330 1263 377 DE
1309 329 1632 377 enimus.
2423 332 2448 383 ’1
2467 330 2540 383 67

355 476 391 517 «
436 449 727 540 ldipsum
762 449 1052 541 procedit
1078 450 1389 518 omnibus
1413 452 1737 520 canonicis
1764 474 1919 521 voce
1947 457 2250 545 privatis,
2286 459 2383 523 vel
2412 480 2552 527 sus-

271 583 304 624 «
347 555 598 648 pensis,
655 561 769 624 aut
810 555 1196 640 interdictis,
1247 557 1380 624 sive
1425 559 2036 647 excommunicatis,
2085 563 2189 629 vel
2238 565 2545 651 mortuis,

270 691 303 731 α
347 669 583 755 praeter
619 685 854 733 unum.
889 662 1227 754 Siquidem
1265 684 1397 731 non
1437 662 1809 733 dissolvitur
1854 666 2215 757 capitulum
2259 669 2388 738 nisi
2432 694 2547 761 per

271 797 304 836 «
344 777 629 838 mortem
658 771 958 839 omnium
988 770 1472 861 capitularium,
1500 770 1603 840 vel
1628 775 2000 842 auctoritate
2035 773 2221 865 Papae
2264 775 2349 845 ob
2391 777 2549 847 deli-

269 899 304 938 «
344 867 528 942 ctum
561 874 996 963 singulorum.
1048 898 1082 938 »

348 979 542 1070 (Vide
562 981 755 1049 etiam
774 980 1293 1051 Scarfantonium
1303 1035 1323 1070 ,
1342 988 1503 1052 tom.
1523 982 1606 1067 11,
1625 1006 1693 1074 p.
1718 982 1874 1072 116,
1890 984 2088 1052 editio
2101 983 2322 1069 Lucae‚
2346 985 2541 1069 17233

256 1127 347 1143 --
368 1093 432 1156 et
459 1087 889 1176 Leurenium,
917 1090 1169 1159 Forum
1198 1091 1388 1180 eccl„
1413 1093 1513 1161 tit.
1542 1113 1634 1175 xi,
1662 1091 1934 1181 quaestio
1964 1090 2147 1183 130.)

1353 1371 1474 1449 §2

499 1555 738 1600 QUAENAM
781 1556 865 1596 sn·
903 1556 1033 1595 PARS
1075 1555 1250 1596 MAJoa
1280 1554 1345 1596 m·
1371 1554 1573 1596 sANmn
1604 1555 1669 1595 m·
1704 1554 1959 1603 Quouono
1990 1555 2310 1598 AEsvmuma

354 1720 418 1788 1.
465 1718 704 1788 Utrum
723 1721 943 1810 major
963 1741 1126 1810 pars
1149 1720 1586 1810 computanda
1615 1718 1698 1787 sit
1715 1726 2010 1812 respectu
2032 1720 2228 1789 totius
2254 1719 2552 1812 capituli,

251 1845 348 1890 an
376 1829 629 1892 tantum
671 1829 964 1915 respectu
995 1825 1448 1916 capitularium
1491 1826 1601 1893 hic
1632 1830 1695 1894 et
1722 1847 1902 1894 nunc
1942 1825 2548 1911 intervenientium,

249 1952 388 1998 non
419 1934 694 2000 omnino
723 1933 889 2000 clare
924 1953 1298 2021 expressum
1328 1932 1675 2021 reperitur,
1711 1954 1921 2022 neque
1949 1934 2021 2000 in
2045 1932 2216 2020 juris
2241 1933 2546 2019 textibus,

247 2058 470 2126 neque
511 2040 688 2129 apud
726 2038 1113 2107 canonistas.
1159 2042 1245 2105 In
1281 2038 1403 2106 hoc
1439 2035 1750 2105 videntur
1791 2040 2080 2128 confusoe
2124 2036 2447 2106 doctrinoe
2488 2049 2554 2105 et

243 2144 734 2227 conclusionem,
775 2147 864 2211 ait
905 2144 1248 2212 cardinalis
1288 2143 1476 2211 Petra
1509 2147 1578 2230 (t.
1615 2141 1665 2225 l,
1701 2146 1944 2233 pagina
1980 2144 2095 2224 62,
2129 2168 2200 2212 n.
2248 2144 2362 2229 31,
2395 2144 2547 2212 edit.

238 2249 510 2327 Romae,
547 2250 772 2338 1705).
808 2250 979 2315 Hinc
1003 2251 1402 2316 enucleatius
1430 2251 1839 2315 discutienda
1859 2253 1952 2313 est
1975 2248 2244 2333 quaestio
2272 2248 2350 2312 de
2373 2269 2553 2314 com-

235 2355 552 2444 putanda
582 2355 830 2445 majori
843 2367 1039 2445 parte
1062 2357 1354 2445 capituli,
1386 2361 1447 2423 et
1476 2361 1644 2423 certa
1668 2377 1704 2422 a
1735 2354 1951 2423 dubiis
1971 2354 2417 2425 discernenda.

353 2461 426 2533 2.
488 2463 827 2551 Tanquam
860 2468 1105 2530 certum
1140 2463 1417 2530 habetur
1443 2463 1612 2553 apud
1643 2463 2005 2530 canonistas
2039 2464 2357 2552 majorem
2383 2485 2541 2556 par-

238 2583 383 2643 tem
420 2593 552 2639 non
585 2571 1083 2659 computandam
1123 2591 1257 2637 esse
1289 2571 1551 2638 relative
1573 2571 1653 2637 ad
1682 2592 2217 2660 unamquamque
2250 2573 2545 2662 plurium

243 2683 533 2750 aliarum
558 2678 838 2767 partium
863 2678 931 2743 in
957 2698 1114 2764 quas
1135 2676 1493 2765 capitulum
1514 2676 1935 2745 scinderetur.
1962 2677 2055 2747 Sit
2076 2679 2147 2744 in
2171 2662 2542 2768 exemplum

245 2785 628 2854 deliberatio
667 2781 1034 2872 capitularis
1071 2784 1150 2849 de
1180 2783 1520 2850 alienando
1550 2783 1768 2870 aliquo
1791 2784 2058 2873 praedio.
2089 2783 2159 2850 Si
2188 2805 2266 2849 ex
2300 2784 2548 2851 duode-

249 2896 387 2961 cim
437 2888 903 2979 capitularibus
945 2888 1395 2976 praesentibuS,
1441 2889 1484 2954 4
1522 2889 1927 2954 consentiant
1969 2886 2041 2952 in
2080 2887 2545 2972 venditionem,

252 2998 289 3067 3
322 3000 398 3066 in
427 2995 882 3076 retentionem,
928 3005 993 3059 et
1035 2994 1076 3059 5
1124 2994 1194 3058 in
1222 2994 1627 3074 locationem,
1676 2993 1969 3079 quinque
2001 2991 2108 3058 isti
2150 2990 2367 3059 ultimi
2417 3013 2547 3060 non

252 3105 661 3173 constituunt
709 3101 774 3167 id
814 3099 986 3189 quod
1034 3100 1133 3187 jus
1168 3104 1354 3165 vocat
1382 3098 1707 3186 majorem
1745 3096 2012 3187 capituli
2044 3108 2348 3188 partem,
2397 3098 2549 3166 licet

252 3213 359 3278 isti
397 3212 692 3299 quinque
721 3206 1105 3297 capitulares
1133 3226 1408 3272 numero
1452 3208 1749 3293 praestent
1793 3204 2157 3292 unicuique
2181 3225 2256 3271 ex
2286 3204 2537 3271 duabus

255 3317 400 3384 aliis
430 3314 739 3405 partibus.
776 3312 892 3405 (lta
920 3312 1302 3393 LeureniuS,
1327 3313 1576 3378 Forum
1608 3309 1795 3394 eccl„
1822 3310 1893 3377 in
1918 3310 2017 3377 tit.
2054 3332 2119 3378 xl
2144 3308 2294 3378 libri
2319 3333 2385 3377 111
2413 3309 2547 3378 De-

257 3422 625 3500 cretalium,
648 3425 870 3508 quaest.
906 3419 1067 3501 1303
1099 3457 1192 3472 --
1219 3417 1576 3505 Wiestner,
1602 3418 1670 3485 in
1701 3418 2005 3487 eumdem
2031 3419 2162 3505 tit„
2206 3441 2272 3486 n.
2312 3420 2425 3499 20,
2455 3458 2547 3472 —

258 3534 319 3593 et
346 3528 462 3594 alii
493 3524 976 3614 communiter.)
1005 3524 1191 3591 Posse
1217 3524 1427 3591 valere
1457 3526 1991 3593 consuetudinem
2027 3525 2099 3591 in
2136 3523 2538 3589 contrarium

261 3632 525 3699 admisit
550 3652 725 3698 unus
758 3635 873 3696 aut
902 3630 1059 3696 alter
1103 3631 1478 3715 canonista;
1521 3631 1634 3697 sed
1681 3632 2062 3718 opinionem
2110 3627 2298 3694 illam
2346 3626 2553 3712 reJicit

265 3736 656 3821 Leurenius,
680 3735 824 3804 loco
848 3735 1060 3802 citato.

351 3845 419 3913 3.
473 3844 608 3912 Nec
650 3842 1085 3933 computanda
1126 3841 1335 3929 major
1375 3860 1525 3930 pars
1565 3838 1826 3907 relative
1854 3840 1933 3907 ad
1963 3858 2192 3914 omnes
2228 3844 2568 3927 praesentes

267 3956 546 4033 tantum,
576 3950 828 4017 omissis
853 3950 933 4015 iis
952 3949 1093 4037 qui,
1127 3969 1283 4015 cum
1308 3948 1637 4037 potuerint
1655 3952 1717 4014 et
1739 3946 2080 4014 debuerint
2104 3946 2341 4031 vocari,
2363 3950 2567 4016 vocati

271 4079 399 4125 non
421 4063 602 4135 sunt,
630 4076 749 4121 nec
767 4056 1110 4121 intersunt.
1136 4054 1336 4121 Verbi
1363 4055 1594 4141 gratia,
1625 4055 1677 4121 si
1705 4052 2069 4144 capitulum
2093 4057 2334 4119 constet
2359 4075 2565 4121 mem-

275 4163 403 4231 bris
433 4163 500 4246 8,
537 4166 601 4228 et
646 4161 687 4226 2
716 4162 1067 4249 contempti
1111 4161 1267 4247 sint,
1314 4161 1377 4226 id
1420 4165 1538 4242 est,
1570 4180 1701 4225 non
1730 4161 1962 4246 vocati,
2010 4181 2161 4227 cum
2200 4161 2417 4225 vocari
2458 4182 2563 4249 po-

273 4269 540 4336 tuissent
580 4270 642 4333 et
683 4265 1076 4351 debuissent,
1127 4286 1479 4333 consensus
1530 4264 1571 4331 4
1614 4266 2062 4334 membrorum
2094 4287 2169 4331 ex
2208 4264 2251 4328 6
2283 4283 2560 4349 praesen-

283 4374 447 4439 tibus
498 4393 632 4439 non
688 4369 920 4449 efficiet
963 4371 1289 4459 majorem
1344 4380 1656 4458 parterm
1693 4372 1801 4438 sed
1838 4372 2268 4458 requiruntur
2300 4364 2378 4436 53
2411 4358 2562 4440 quia
