2930 4982
1147 293 1227 338 na
1271 292 1598 341 cunnus.
2394 284 2517 343 ⁴09

1336 561 1438 640 §1

306 750 374 788 AN
408 749 659 789 CAPITULA
693 750 785 790 JUS
825 749 1075 789 HABEANT
1108 749 1234 789 SESE
1270 748 1652 801 coNGREGANm
1691 748 1897 796 Anstz
1933 749 2175 792 mentula
2218 754 2446 794 Episcopi
2474 744 2498 790 Ρ

342 939 570 1010 Haberi
596 947 801 1033 potest
825 942 967 1010 haec
1009 942 1276 1031 quaestio
1322 941 1490 1008 inter
1535 940 1963 1010 difficillimas
2007 943 2180 1031 juris
2207 944 2522 1012 canonici.

259 1044 524 1115 Videtur
548 1055 766 1116 tamen
803 1049 875 1116 in
903 1050 1189 1117 favorem
1218 1048 1655 1139 capitulorum
1683 1049 1926 1138 absque
1973 1050 2375 1119 haesitatione
2412 1051 2536 1118 sol-

255 1154 478 1219 venda.
520 1152 934 1244 Exponemus
978 1153 1139 1242 quid
1184 1154 1452 1222 senserit
1478 1152 1660 1234 Rota,
1694 1155 1852 1243 quid
1884 1154 2083 1224 Sacra
2110 1154 2538 1245 congregatio

256 1258 538 1343 concilii,
579 1260 743 1350 quid
770 1262 1082 1328 doctores.

340 1363 387 1432 l.
424 1365 595 1445 Quid
635 1367 916 1435 tenuerit
942 1366 1104 1434 Rota
1138 1369 1291 1435 satis
1333 1367 1574 1458 patebit
1617 1388 1695 1434 ex
1738 1367 1987 1456 analysi
2015 1368 2360 1437 decisionis
2405 1368 2537 1437 428

257 1474 409 1541 tomi
435 1470 548 1555 lV,
582 1494 805 1540 coram
831 1471 1145 1554 Ansald0,
1176 1473 1261 1540 27
1286 1474 1577 1562 januarii
1605 1473 1802 1541 1708.

338 1580 712 1670 Capitulum
739 1578 1059 1649 Massafrae
1089 1580 1518 1649 contendebat
1548 1581 1673 1648 sibi
1703 1585 2068 1671 competere
2088 1581 2203 1671 jus
2239 1601 2375 1649 sese
2401 1601 2541 1650 coa·

258 1687 539 1756 dunandi
578 1687 825 1774 absque
872 1685 1173 1776 Episcopi
1212 1685 1497 1755 licentia.
1550 1686 1625 1755 ln
1668 1689 2076 1757 contrarium
2126 1686 2542 1757 obnitebatur

259 1793 625 1884 Episcopus.
658 1791 773 1859 Lis
798 1791 879 1858 ad
906 1790 1137 1858 Rotam
1164 1792 1439 1860 devenit.

337 1897 636 1965 Rationes
660 1896 731 1961 in
764 1896 1047 1963 favorem
1086 1895 1393 1985 Episcopi
1430 1897 1525 1963 sic
1553 1898 1852 1965 exhibitae
1891 1905 2095 1966 sunt:

349 2025 385 2065 ι(
414 1998 1016 2066 Reverendissimus
1062 1996 1420 2086 Episcopus
1458 1997 1712 2065 dicebat
1760 2021 1826 2066 se
1872 2000 2307 2088 proculdubio
2358 2000 2549 2067 assis-

269 2132 302 2173 «
328 2107 527 2172 tentia
548 2105 719 2193 juris
745 2103 1170 2186 communiri,
1200 2125 1332 2170 non
1365 2104 1590 2171 minus
1619 2124 1696 2171 ex
1721 2104 2135 2193 dispositione
2154 2106 2399 2194 legum,
2433 2104 2545 2173 sed

274 2236 308 2273 «
336 2231 413 2276 ex
440 2209 790 2279 intrinseca
816 2231 1079 2298 quoque
1116 2209 1398 2276 naturali
1423 2216 1487 2276 et
1516 2211 1777 2300 politica
1805 2214 2095 2297 ratione3
2125 2232 2282 2279 cum
2310 2212 2554 2278 etenim

271 2313 407 2380 «in
461 2313 641 2381 hisce
687 2313 1119 2380 comitialibus
1171 2334 1281 2380 seu
1339 2313 1801 2402 capitularibus
1852 2314 2255 2399 adunantiis,
2304 2314 2561 2382 valeant

181 2489 197 2499 ‚
276 2446 310 2484 «
336 2421 545 2489 ordiri
601 2441 860 2509 quoque
905 2419 1413 2487 machinationes
1458 2425 1523 2486 et
1557 2419 2024 2488 conventiculae
2070 2420 2242 2487 bono
2296 2419 2557 2511 publico

273 2553 307 2593 κ
333 2527 832 2618 praejudiciale5‚
862 2538 925 2593 et
954 2548 1034 2593 ne
1060 2524 1242 2615 quod
1268 2525 1496 2594 minus
1527 2538 1814 2616 poscunt
1861 2526 2121 2616 sinqulz‘
2128 2537 2557 2618 praesumant

276 2629 664 2710 «universi,
712 2634 786 2697 ut
808 2632 894 2696 ait
924 2627 1298 2714 Seneca...;
1344 2650 1479 2695 non
1520 2629 1732 2698 solum
1774 2628 2017 2698 idcirco
2074 2651 2449 2718 congruum
2496 2633 2559 2696 et

281 2742 799 2823 «opportunum,
860 2739 955 2802 ast
993 2735 1189 2802 etiam
1237 2734 1678 2803 necessarium
1724 2736 1995 2803 omnino
2048 2735 2331 2816 videtur,
2385 2733 2560 2822 quod

288 2861 323 2901 κ
350 2838 617 2904 inferior
663 2840 1008 2928 expostulet
1057 2862 1096 2907 a
1132 2861 1248 2908 suo
1294 2842 1626 2930 superiore
1681 2841 2017 2909 licentiam
2068 2845 2131 2906 et
2188 2843 2563 2927 potestatem

281 2968 317 3007 «
349 2944 791 3032 congregandi
821 2944 1201 3033 hujusmodi
1235 2946 1645 3034 adunantiaS,
1677 2947 1765 3014 ita
1797 2966 2089 3036 expresse
2125 2944 2561 3013 sancientibus

224 3043 228 3050 ’
280 3076 314 3115 «
345 3050 937 3139 imperatoribus..
993 3049 1218 3140 Neque
1264 3051 1521 3120 defuere
1565 3052 1984 3143 quamplures
2020 3051 2137 3140 qui
2182 3056 2566 3141 reputarunt

281 3182 475 3228 «non
507 3160 725 3227 solum
758 3159 1180 3249 expetendam
1210 3159 1344 3228 fore
1383 3160 1744 3249 licentiam,
1769 3162 1880 3230 sed
1908 3166 1974 3228 et
1998 3158 2174 3249 quod
2201 3160 2402 3227 etiam
2431 3180 2566 3225 cer-

280 3292 314 3332 «
342 3267 575 3335 ti‘orare
595 3266 1088 3355 obstringantur
1110 3266 1513 3356 superiorem
1541 3268 1619 3336 de
1639 3290 1708 3335 re
1737 3290 1932 3358 super
1958 3288 2089 3357 qua
2116 3266 2563 3335 disserendum

284 3400 315 3438 a
343 3376 559 3442 veniat
592 3375 664 3441 in
683 3372 806 3440 illa
847 3374 1275 3442 coadunantia
1294 3398 1312 3458 ;
1347 3376 1435 3443 ita
1472 3382 1546 3442 ut
1590 3375 1811 3465 possit,
1845 3374 1900 3442 si
1919 3374 2074 3444 velit
2109 3374 2431 3464 superior,
2461 3372 2563 3440 sin

284 3505 317 3545 «
347 3482 567 3548 minus
601 3523 602 3526 =
649 3479 812 3547 alter
892 3479 1182 3547 officialis
1254 3501 1407 3549 eum
1480 3488 1977 3571 repraesentanS‚
2052 3481 2562 3561 intervenirem,

283 3612 317 3650 a
342 3585 598 3654 etiamsi
626 3583 988 3674 Episcopus
1017 3606 1149 3652 non
1176 3586 1259 3662 sit
1291 3587 1670 3654 canonicuS.
1705 3586 2034 3666 Quoniam
2062 3586 2178 3653 ubi
2207 3585 2567 3674 Episcopus

285 3720 320 3760 ι(
345 3695 570 3762 suisset
597 3712 864 3781 quoque
911 3692 1288 3771 canonicus,
1319 3691 1398 3759 ad
1432 3693 1652 3782 ipsum
1680 3694 1992 3783 primario
2024 3698 2260 3783 spectat
2276 3693 2389 3777 jus
2419 3706 2570 3754 con-

288 3826 321 3866 «
348 3800 716 3870 vocandi...
748 3795 1152 3865 Fallentibus
1190 3803 1441 3865 tantum
1490 3798 1668 3866 hisce
1712 3802 1982 3890 regulis,
2034 3799 2571 3888 quotiescumque

292 3932 323 3970 «
352 3912 705 3999 peragatur
732 3902 810 3971 de
840 3902 1041 3971 solitis
1068 3902 1436 3972 adunantiis
1467 3907 1685 3995 vigore
1726 3911 2116 3975 statutorum
2169 3907 2345 3971 certa
2372 3898 2477 3968 die
2505 3906 2568 3969 et

292 4039 324 4077 «
346 4013 507 4081 hora
533 4009 968 4103 praescriptis:
1003 4009 1074 4075 in
1100 4009 1202 4078 his
1226 4033 1355 4079 non
1387 4012 1669 4101 exigitur
1690 4014 1816 4081 alia
1846 4009 2253 4101 particularis
2281 4007 2565 4076 licentia.

379 4146 415 4186 a
442 4116 941 4188 Concludebant
977 4117 1400 4189 informantes
1429 4142 1546 4208 pro
1569 4119 1914 4207 Episcopo,
1946 4115 2118 4205 quod
2144 4116 2268 4185 nisi
2287 4114 2574 4206 juridica

295 4249 328 4290 ι(
352 4225 804 4294 adversaretur
848 4225 1266 4311 consuetudo,
1297 4223 1695 4315 Episcopum
1734 4221 2105 4291 infallanter
2135 4244 2316 4312 posse
2344 4220 2574 4302 injun-

297 4355 330 4395 α
356 4353 508 4421 gere
562 4330 743 4419 quod
800 4330 1082 4422 capitula
1129 4352 1262 4397 non
1316 4328 1762 4397 coadunentur
1811 4328 2052 4419 absque
2112 4329 2252 4415 ejus
2301 4314 2573 4407 positiva
