<?xml version="1.0" encoding="UTF-8"?>
<!DOCTYPE html PUBLIC "-//W3C//DTD XHTML 1.0 Transitional//EN"
    "http://www.w3.org/TR/xhtml1/DTD/xhtml1-transitional.dtd">
<html xmlns="http://www.w3.org/1999/xhtml" xml:lang="en" lang="en">
 <head>
  <title>
</title>
<meta http-equiv="Content-Type" content="text/html;charset=utf-8" />
  <meta name='ocr-system' content='tesseract 3.04.00' />
  <meta name='ocr-capabilities' content='ocr_page ocr_carea ocr_par ocr_line ocrx_word'/>
</head>
<body>
  <div class='ocr_page' id='page_1' title='image "./tractatusdecapi00bouigoog_0132.png"; bbox 0 0 2930 4982; ppageno 0'>
   <div class='ocr_carea' id='block_1_1' title="bbox 361 368 1687 425">
    <p class='ocr_par' dir='ltr' id='par_1_1' title="bbox 361 368 1687 425">
     <span class='ocr_line' id='line_1_1' title="bbox 361 368 1687 425; baseline -0.005 0"><span class='ocrx_word' id='word_1_1' title='bbox 361 371 389 425; x_wconf 80' lang='grc'><strong>1</strong></span> <span class='ocrx_word' id='word_1_2' title='bbox 412 368 484 425; x_wconf 73' lang='lat'><strong>12</strong></span> <span class='ocrx_word' id='word_1_3' title='bbox 1347 370 1687 419; x_wconf 63' lang='lat' dir='ltr'><strong>&#39;mactmus</strong></span> 
     </span>
    </p>
   </div>
   <div class='ocr_carea' id='block_1_2' title="bbox 368 489 2650 688">
    <p class='ocr_par' dir='ltr' id='par_1_2' title="bbox 368 489 2650 688">
     <span class='ocr_line' id='line_1_2' title="bbox 368 489 2650 584; baseline -0 -21"><span class='ocrx_word' id='word_1_4' title='bbox 368 524 403 563; x_wconf 88' lang='lat'>«</span> <span class='ocrx_word' id='word_1_5' title='bbox 447 497 736 565; x_wconf 87' lang='lat' dir='ltr'><strong>doctores</strong></span> <span class='ocrx_word' id='word_1_6' title='bbox 762 498 824 562; x_wconf 90' lang='lat' dir='ltr'><strong>et</strong></span> <span class='ocrx_word' id='word_1_7' title='bbox 848 491 1154 561; x_wconf 86' lang='lat' dir='ltr'><strong>licentiati</strong></span> <span class='ocrx_word' id='word_1_8' title='bbox 1190 491 1447 582; x_wconf 69' lang='lat' dir='ltr'><strong>in&#39;jure</strong></span> <span class='ocrx_word' id='word_1_9' title='bbox 1484 490 1797 559; x_wconf 92' lang='lat' dir='ltr'><strong>canonico</strong></span> <span class='ocrx_word' id='word_1_10' title='bbox 1829 489 1934 559; x_wconf 78' lang='lat' dir='ltr'><strong>vel</strong></span> <span class='ocrx_word' id='word_1_11' title='bbox 1973 490 2295 580; x_wconf 74' lang='lat' dir='ltr'><strong>theologia</strong></span> <span class='ocrx_word' id='word_1_12' title='bbox 2336 491 2468 584; x_wconf 88' lang='lat' dir='ltr'><strong>apti</strong></span> <span class='ocrx_word' id='word_1_13' title='bbox 2517 513 2650 562; x_wconf 90' lang='lat' dir='ltr'><strong>non</strong></span> 
     </span>
     <span class='ocr_line' id='line_1_3' title="bbox 369 597 2645 688; baseline -0.001 -18"><span class='ocrx_word' id='word_1_14' title='bbox 369 630 405 672; x_wconf 91' lang='lat'>«</span> <span class='ocrx_word' id='word_1_15' title='bbox 449 600 903 682; x_wconf 88' lang='lat' dir='ltr'><strong>inveniuntur;</strong></span> <span class='ocrx_word' id='word_1_16' title='bbox 938 605 1000 667; x_wconf 86' lang='lat' dir='ltr'><strong>et</strong></span> <span class='ocrx_word' id='word_1_17' title='bbox 1047 598 1222 667; x_wconf 89' lang='lat' dir='ltr'><strong>idem</strong></span> <span class='ocrx_word' id='word_1_18' title='bbox 1268 597 1557 688; x_wconf 84' lang='lat' dir='ltr'>procedit</span> <span class='ocrx_word' id='word_1_19' title='bbox 1605 598 1818 687; x_wconf 89' lang='lat' dir='ltr'><strong>quoad</strong></span> <span class='ocrx_word' id='word_1_20' title='bbox 1864 603 2114 666; x_wconf 72' lang='lat' dir='ltr'><strong>aetatem</strong></span> <span class='ocrx_word' id='word_1_21' title='bbox 2160 597 2264 665; x_wconf 79' lang='lat'><strong>40·</strong></span> <span class='ocrx_word' id='word_1_22' title='bbox 2296 619 2645 681; x_wconf 86' lang='lat' dir='ltr'><strong>annorum,</strong></span> 
     </span>
    </p>
   </div>
   <div class='ocr_carea' id='block_1_3' title="bbox 369 703 2649 903">
    <p class='ocr_par' dir='ltr' id='par_1_3' title="bbox 369 703 2649 903">
     <span class='ocr_line' id='line_1_4' title="bbox 371 703 2649 801; baseline 0 -26"><span class='ocrx_word' id='word_1_23' title='bbox 371 738 405 777; x_wconf 86' lang='lat'>«</span> <span class='ocrx_word' id='word_1_24' title='bbox 447 716 519 779; x_wconf 92' lang='lat' dir='ltr'><strong>ut</strong></span> <span class='ocrx_word' id='word_1_25' title='bbox 545 708 819 801; x_wconf 88' lang='lat' dir='ltr'><strong>probant</strong></span> <span class='ocrx_word' id='word_1_26' title='bbox 845 704 1075 774; x_wconf 87' lang='lat' dir='ltr'><strong>Garcia</strong></span> <span class='ocrx_word' id='word_1_27' title='bbox 1107 703 1230 793; x_wconf 91' lang='lat' dir='ltr'><strong>(De</strong></span> <span class='ocrx_word' id='word_1_28' title='bbox 1249 704 1465 773; x_wconf 77' lang='lat' dir='ltr'><strong>benef.</strong></span> <span class='ocrx_word' id='word_1_29' title='bbox 1494 710 1659 795; x_wconf 87' lang='lat' dir='ltr'><strong>part.</strong></span> <span class='ocrx_word' id='word_1_30' title='bbox 1687 728 1800 790; x_wconf 86' lang='lat' dir='ltr'><strong>vu,</strong></span> <span class='ocrx_word' id='word_1_31' title='bbox 1830 726 1889 773; x_wconf 94' lang='lat' dir='ltr'><strong>c.</strong></span> <span class='ocrx_word' id='word_1_32' title='bbox 1919 705 1989 781; x_wconf 74' lang='lat'><strong>4..</strong></span> <span class='ocrx_word' id='word_1_33' title='bbox 2024 726 2092 773; x_wconf 90' lang='lat' dir='ltr'><strong>n.</strong></span> <span class='ocrx_word' id='word_1_34' title='bbox 2126 704 2250 796; x_wconf 81' lang='lat'><strong>32)</strong></span> <span class='ocrx_word' id='word_1_35' title='bbox 2282 712 2344 773; x_wconf 88' lang='lat' dir='ltr'><strong>et</strong></span> <span class='ocrx_word' id='word_1_36' title='bbox 2370 704 2649 775; x_wconf 88' lang='lat' dir='ltr'><strong>Barbosa</strong></span> 
     </span>
     <span class='ocr_line' id='line_1_5' title="bbox 369 808 1475 903; baseline -0.006 -23"><span class='ocrx_word' id='word_1_37' title='bbox 369 840 404 881; x_wconf 90' lang='lat'>«</span> <span class='ocrx_word' id='word_1_38' title='bbox 455 816 550 903; x_wconf 90' lang='lat' dir='ltr'><strong>(in</strong></span> <span class='ocrx_word' id='word_1_39' title='bbox 579 835 638 882; x_wconf 90' lang='lat' dir='ltr'><strong>c.</strong></span> <span class='ocrx_word' id='word_1_40' title='bbox 675 812 717 880; x_wconf 90' lang='lat'>8</span> <span class='ocrx_word' id='word_1_41' title='bbox 746 834 897 880; x_wconf 89' lang='lat' dir='ltr'><strong>sess.</strong></span> <span class='ocrx_word' id='word_1_42' title='bbox 935 810 1044 891; x_wconf 78' lang='lat'><strong>24,</strong></span> <span class='ocrx_word' id='word_1_43' title='bbox 1076 832 1134 878; x_wconf 92' lang='lat' dir='ltr'><strong>c.</strong></span> <span class='ocrx_word' id='word_1_44' title='bbox 1165 808 1401 901; x_wconf 91' lang='lat' dir='ltr'><strong>Trid.).</strong></span> <span class='ocrx_word' id='word_1_45' title='bbox 1439 834 1475 874; x_wconf 87' lang='lat'>»</span> 
     </span>
    </p>
   </div>
   <div class='ocr_carea' id='block_1_4' title="bbox 1447 1084 1564 1165">
    <p class='ocr_par' dir='ltr' id='par_1_4' title="bbox 1447 1084 1564 1165">
     <span class='ocr_line' id='line_1_6' title="bbox 1447 1084 1564 1165; baseline 0 -18"><span class='ocrx_word' id='word_1_46' title='bbox 1447 1084 1564 1165; x_wconf 71' lang='lat'><strong>§3</strong></span> 
     </span>
    </p>
   </div>
   <div class='ocr_carea' id='block_1_5' title="bbox 368 1266 2655 1401">
    <p class='ocr_par' dir='ltr' id='par_1_5' title="bbox 368 1266 2655 1401">
     <span class='ocr_line' id='line_1_7' title="bbox 368 1266 2655 1320; baseline -0 -11"><span class='ocrx_word' id='word_1_47' title='bbox 368 1270 486 1318; x_wconf 80' lang='lat' dir='ltr'><strong>QUAE</strong></span> <span class='ocrx_word' id='word_1_48' title='bbox 507 1266 892 1308; x_wconf 77' lang='lat' dir='ltr'>PARTICULARIA</span> <span class='ocrx_word' id='word_1_49' title='bbox 921 1266 1225 1307; x_wconf 79' lang='lat' dir='ltr'>PRIVILEGIA</span> <span class='ocrx_word' id='word_1_50' title='bbox 1254 1267 1485 1320; x_wconf 75' lang='lat' dir='ltr'>HABEAT,</span> <span class='ocrx_word' id='word_1_51' title='bbox 1514 1268 1579 1305; x_wconf 84' lang='lat' dir='ltr'><strong>ET</strong></span> <span class='ocrx_word' id='word_1_52' title='bbox 1608 1268 1801 1314; x_wconf 83' lang='lat' dir='ltr'>QUIBUS</span> <span class='ocrx_word' id='word_1_53' title='bbox 1833 1267 1974 1308; x_wconf 77' lang='lat' dir='ltr'>ALIIS</span> <span class='ocrx_word' id='word_1_54' title='bbox 2000 1266 2283 1308; x_wconf 82' lang='lat' dir='ltr'>CANONICIS</span> <span class='ocrx_word' id='word_1_55' title='bbox 2307 1267 2655 1310; x_wconf 60' lang='lat' dir='ltr'><strong>confluamus</strong></span> 
     </span>
     <span class='ocr_line' id='line_1_8' title="bbox 1411 1362 1621 1401; baseline 0 0"><span class='ocrx_word' id='word_1_56' title='bbox 1411 1362 1621 1401; x_wconf 75' lang='lat' dir='ltr'><strong>cAREAT</strong></span> 
     </span>
    </p>
   </div>
   <div class='ocr_carea' id='block_1_6' title="bbox 372 1544 2701 4504">
    <p class='ocr_par' dir='ltr' id='par_1_6' title="bbox 372 1544 2669 2278">
     <span class='ocr_line' id='line_1_9' title="bbox 467 1544 2665 1636; baseline -0 -19"><span class='ocrx_word' id='word_1_57' title='bbox 467 1552 526 1617; x_wconf 88' lang='lat'><strong>1.</strong></span> <span class='ocrx_word' id='word_1_58' title='bbox 583 1548 757 1617; x_wconf 90' lang='lat' dir='ltr'><strong>Dum</strong></span> <span class='ocrx_word' id='word_1_59' title='bbox 803 1547 981 1615; x_wconf 91' lang='lat' dir='ltr'><strong>audit</strong></span> <span class='ocrx_word' id='word_1_60' title='bbox 1028 1544 1480 1628; x_wconf 79' lang='lat' dir='ltr'><strong>confessioneS‚</strong></span> <span class='ocrx_word' id='word_1_61' title='bbox 1537 1566 1657 1635; x_wconf 90' lang='lat' dir='ltr'><strong>pro</strong></span> <span class='ocrx_word' id='word_1_62' title='bbox 1704 1552 2017 1636; x_wconf 85' lang='lat' dir='ltr'><strong>praesente</strong></span> <span class='ocrx_word' id='word_1_63' title='bbox 2068 1545 2410 1616; x_wconf 91' lang='lat' dir='ltr'><strong>habendus</strong></span> <span class='ocrx_word' id='word_1_64' title='bbox 2454 1554 2547 1616; x_wconf 91' lang='lat' dir='ltr'><strong>est</strong></span> <span class='ocrx_word' id='word_1_65' title='bbox 2595 1549 2665 1615; x_wconf 90' lang='lat' dir='ltr'><strong>in</strong></span> 
     </span>
     <span class='ocr_line' id='line_1_10' title="bbox 372 1650 2664 1741; baseline -0.002 -16"><span class='ocrx_word' id='word_1_66' title='bbox 372 1658 595 1738; x_wconf 87' lang='lat' dir='ltr'><strong>chor0‚</strong></span> <span class='ocrx_word' id='word_1_67' title='bbox 619 1656 707 1722; x_wconf 91' lang='lat' dir='ltr'><strong>ita</strong></span> <span class='ocrx_word' id='word_1_68' title='bbox 729 1660 803 1722; x_wconf 90' lang='lat' dir='ltr'><strong>ut</strong></span> <span class='ocrx_word' id='word_1_69' title='bbox 824 1655 1112 1721; x_wconf 89' lang='lat' dir='ltr'><strong>lucretur</strong></span> <span class='ocrx_word' id='word_1_70' title='bbox 1139 1652 1388 1718; x_wconf 86' lang='lat' dir='ltr'><strong>fructus</strong></span> <span class='ocrx_word' id='word_1_71' title='bbox 1409 1650 1775 1741; x_wconf 83' lang='lat' dir='ltr'><strong>praebendae</strong></span> <span class='ocrx_word' id='word_1_72' title='bbox 1797 1658 1861 1719; x_wconf 89' lang='lat' dir='ltr'><strong>et</strong></span> <span class='ocrx_word' id='word_1_73' title='bbox 1880 1651 2366 1721; x_wconf 78' lang='lat' dir='ltr'><strong>distributiones</strong></span> <span class='ocrx_word' id='word_1_74' title='bbox 2391 1659 2454 1721; x_wconf 91' lang='lat' dir='ltr'><strong>et</strong></span> <span class='ocrx_word' id='word_1_75' title='bbox 2473 1675 2664 1722; x_wconf 91' lang='lat' dir='ltr'><strong>emo-</strong></span> 
     </span>
     <span class='ocr_line' id='line_1_11' title="bbox 373 1757 2666 1850; baseline -0.003 -18"><span class='ocrx_word' id='word_1_76' title='bbox 373 1766 669 1832; x_wconf 89' lang='lat' dir='ltr'><strong>lumenta</strong></span> <span class='ocrx_word' id='word_1_77' title='bbox 699 1760 846 1845; x_wconf 92' lang='lat' dir='ltr'><strong>alia,</strong></span> <span class='ocrx_word' id='word_1_78' title='bbox 878 1764 1070 1850; x_wconf 86' lang='lat' dir='ltr'><strong>prout</strong></span> <span class='ocrx_word' id='word_1_79' title='bbox 1098 1758 1153 1825; x_wconf 91' lang='lat' dir='ltr'><strong>si</strong></span> <span class='ocrx_word' id='word_1_80' title='bbox 1178 1757 1258 1825; x_wconf 89' lang='lat' dir='ltr'><strong>de</strong></span> <span class='ocrx_word' id='word_1_81' title='bbox 1295 1758 1457 1825; x_wconf 85' lang='lat' dir='ltr'><strong>facto</strong></span> <span class='ocrx_word' id='word_1_82' title='bbox 1483 1758 1757 1839; x_wconf 81' lang='lat' dir='ltr'><strong>adesset3</strong></span> <span class='ocrx_word' id='word_1_83' title='bbox 1796 1780 1949 1826; x_wconf 92' lang='lat' dir='ltr'><strong>cum</strong></span> <span class='ocrx_word' id='word_1_84' title='bbox 1987 1780 2277 1849; x_wconf 81' lang='lat' dir='ltr'><strong>expresse</strong></span> <span class='ocrx_word' id='word_1_85' title='bbox 2312 1759 2482 1827; x_wconf 89' lang='lat' dir='ltr'><strong>dicat</strong></span> <span class='ocrx_word' id='word_1_86' title='bbox 2509 1758 2565 1826; x_wconf 93' lang='lat' dir='ltr'>T</span> <span class='ocrx_word' id='word_1_87' title='bbox 2570 1760 2666 1826; x_wconf 92' lang='lat' dir='ltr'><strong>ri-</strong></span> 
     </span>
     <span class='ocr_line' id='line_1_12' title="bbox 378 1864 2667 1955; baseline -0.002 -17"><span class='ocrx_word' id='word_1_88' title='bbox 378 1869 719 1939; x_wconf 86' lang='lat' dir='ltr'><strong>dentinum</strong></span> <span class='ocrx_word' id='word_1_89' title='bbox 749 1892 766 1934; x_wconf 71' lang='grc' dir='ltr'>ε</span> <span class='ocrx_word' id='word_1_90' title='bbox 799 1865 1080 1933; x_wconf 80' lang='lat' dir='ltr'><strong>Interim</strong></span> <span class='ocrx_word' id='word_1_91' title='bbox 1124 1886 1418 1955; x_wconf 68' lang='lat' dir='ltr'><strong>praesens</strong></span> <span class='ocrx_word' id='word_1_92' title='bbox 1467 1864 1538 1930; x_wconf 83' lang='lat' dir='ltr'><strong>in</strong></span> <span class='ocrx_word' id='word_1_93' title='bbox 1582 1864 1775 1933; x_wconf 75' lang='lat' dir='ltr'><strong>choro</strong></span> <span class='ocrx_word' id='word_1_94' title='bbox 1830 1876 2190 1933; x_wconf 80' lang='lat' dir='ltr'><strong>censeatur.</strong></span> <span class='ocrx_word' id='word_1_95' title='bbox 2248 1865 2325 1933; x_wconf 84' lang='lat' dir='ltr'><strong>Et</strong></span> <span class='ocrx_word' id='word_1_96' title='bbox 2373 1872 2667 1934; x_wconf 87' lang='lat' dir='ltr'><strong>censetur</strong></span> 
     </span>
     <span class='ocr_line' id='line_1_13' title="bbox 375 1970 2666 2067; baseline -0.001 -22"><span class='ocrx_word' id='word_1_97' title='bbox 375 1979 570 2046; x_wconf 89' lang='lat' dir='ltr'><strong>etiam</strong></span> <span class='ocrx_word' id='word_1_98' title='bbox 600 1994 878 2067; x_wconf 82' lang='lat' dir='ltr'><strong>praesens</strong></span> <span class='ocrx_word' id='word_1_99' title='bbox 907 1970 1450 2063; x_wconf 78' lang='lat' dir='ltr'><strong>processionibuS,</strong></span> <span class='ocrx_word' id='word_1_100' title='bbox 1507 1972 1908 2039; x_wconf 90' lang='lat' dir='ltr'><strong>orationibus</strong></span> <span class='ocrx_word' id='word_1_101' title='bbox 1951 1978 2016 2040; x_wconf 92' lang='lat' dir='ltr'><strong>et</strong></span> <span class='ocrx_word' id='word_1_102' title='bbox 2067 1972 2354 2062; x_wconf 87' lang='lat' dir='ltr'><strong>exequiis</strong></span> <span class='ocrx_word' id='word_1_103' title='bbox 2396 1973 2666 2042; x_wconf 86' lang='lat' dir='ltr'><strong>defunc-</strong></span> 
     </span>
     <span class='ocr_line' id='line_1_14' title="bbox 375 2075 2669 2167; baseline 0 -19"><span class='ocrx_word' id='word_1_104' title='bbox 375 2086 621 2167; x_wconf 87' lang='lat' dir='ltr'><strong>torum,</strong></span> <span class='ocrx_word' id='word_1_105' title='bbox 652 2086 713 2147; x_wconf 83' lang='lat' dir='ltr'><strong>et</strong></span> <span class='ocrx_word' id='word_1_106' title='bbox 749 2079 1043 2146; x_wconf 87' lang='lat' dir='ltr'><strong>lucratur</strong></span> <span class='ocrx_word' id='word_1_107' title='bbox 1071 2098 1145 2143; x_wconf 87' lang='lat' dir='ltr'><strong>ex</strong></span> <span class='ocrx_word' id='word_1_108' title='bbox 1174 2075 1254 2143; x_wconf 90' lang='lat' dir='ltr'><strong>iis</strong></span> <span class='ocrx_word' id='word_1_109' title='bbox 1282 2076 1746 2144; x_wconf 89' lang='lat' dir='ltr'><strong>emolumenta.</strong></span> <span class='ocrx_word' id='word_1_110' title='bbox 1778 2076 1870 2143; x_wconf 91' lang='lat' dir='ltr'><strong>lta</strong></span> <span class='ocrx_word' id='word_1_111' title='bbox 1892 2077 2183 2146; x_wconf 89' lang='lat' dir='ltr'><strong>decisum</strong></span> <span class='ocrx_word' id='word_1_112' title='bbox 2214 2100 2253 2145; x_wconf 90' lang='lat' dir='ltr'><strong>a</strong></span> <span class='ocrx_word' id='word_1_113' title='bbox 2292 2099 2471 2146; x_wconf 89' lang='lat' dir='ltr'><strong>sacra</strong></span> <span class='ocrx_word' id='word_1_114' title='bbox 2497 2077 2669 2148; x_wconf 91' lang='lat' dir='ltr'><strong>Con-</strong></span> 
     </span>
     <span class='ocr_line' id='line_1_15' title="bbox 379 2182 2264 2278; baseline -0.003 -23"><span class='ocrx_word' id='word_1_115' title='bbox 379 2188 746 2278; x_wconf 85' lang='lat' dir='ltr'><strong>gregatione</strong></span> <span class='ocrx_word' id='word_1_116' title='bbox 774 2182 1038 2253; x_wconf 90' lang='lat' dir='ltr'><strong>concilii</strong></span> <span class='ocrx_word' id='word_1_117' title='bbox 1059 2187 1323 2250; x_wconf 89' lang='lat' dir='ltr'><strong>testatur</strong></span> <span class='ocrx_word' id='word_1_118' title='bbox 1350 2182 1636 2251; x_wconf 87' lang='lat' dir='ltr'><strong>Ferraris</strong></span> <span class='ocrx_word' id='word_1_119' title='bbox 1659 2183 1827 2272; x_wconf 80' lang='lat' dir='ltr'><strong>(loco</strong></span> <span class='ocrx_word' id='word_1_120' title='bbox 1850 2184 1990 2265; x_wconf 69' lang='lat' dir='ltr'><strong>cit„</strong></span> <span class='ocrx_word' id='word_1_121' title='bbox 2026 2207 2096 2251; x_wconf 92' lang='lat' dir='ltr'><strong>n.</strong></span> <span class='ocrx_word' id='word_1_122' title='bbox 2128 2183 2264 2274; x_wconf 84' lang='lat'><strong>81).</strong></span> 
     </span>
    </p>

    <p class='ocr_par' dir='ltr' id='par_1_7' title="bbox 380 2289 2689 3438">
     <span class='ocr_line' id='line_1_16' title="bbox 469 2289 2672 2384; baseline 0 -23"><span class='ocrx_word' id='word_1_123' title='bbox 469 2293 536 2362; x_wconf 80' lang='lat'><strong>2.</strong></span> <span class='ocrx_word' id='word_1_124' title='bbox 561 2292 734 2374; x_wconf 86' lang='lat' dir='ltr'><strong>Quid</strong></span> <span class='ocrx_word' id='word_1_125' title='bbox 755 2313 929 2377; x_wconf 85' lang='lat' dir='ltr'><strong>vero,</strong></span> <span class='ocrx_word' id='word_1_126' title='bbox 953 2290 1007 2357; x_wconf 91' lang='lat' dir='ltr'><strong>si</strong></span> <span class='ocrx_word' id='word_1_127' title='bbox 1028 2294 1160 2358; x_wconf 89' lang='lat' dir='ltr'><strong>tem</strong></span> <span class='ocrx_word' id='word_1_128' title='bbox 1166 2311 1317 2380; x_wconf 89' lang='lat' dir='ltr'><strong>pore</strong></span> <span class='ocrx_word' id='word_1_129' title='bbox 1338 2289 1522 2357; x_wconf 91' lang='lat' dir='ltr'><strong>chori</strong></span> <span class='ocrx_word' id='word_1_130' title='bbox 1548 2295 1805 2358; x_wconf 89' lang='lat' dir='ltr'><strong>maneat</strong></span> <span class='ocrx_word' id='word_1_131' title='bbox 1826 2291 1897 2357; x_wconf 92' lang='lat' dir='ltr'><strong>in</strong></span> <span class='ocrx_word' id='word_1_132' title='bbox 1918 2290 2389 2377; x_wconf 81' lang='lat' dir='ltr'><strong>confessionali,</strong></span> <span class='ocrx_word' id='word_1_133' title='bbox 2422 2314 2672 2384; x_wconf 87' lang='lat' dir='ltr'><strong>exspec-</strong></span> 
     </span>
     <span class='ocr_line' id='line_1_17' title="bbox 380 2394 2674 2487; baseline -0 -21"><span class='ocrx_word' id='word_1_134' title='bbox 380 2405 522 2466; x_wconf 90' lang='lat' dir='ltr'><strong>tans</strong></span> <span class='ocrx_word' id='word_1_135' title='bbox 560 2394 986 2487; x_wconf 68' lang='lat' dir='ltr'><strong>poenitentes?</strong></span> <span class='ocrx_word' id='word_1_136' title='bbox 1013 2428 1098 2450; x_wconf 67' lang='grc' dir='ltr'><strong>-ι</strong></span> <span class='ocrx_word' id='word_1_137' title='bbox 1138 2394 1364 2483; x_wconf 87' lang='lat' dir='ltr'><strong>Aliqui</strong></span> <span class='ocrx_word' id='word_1_138' title='bbox 1397 2395 1757 2463; x_wconf 89' lang='lat' dir='ltr'><strong>docuerunt</strong></span> <span class='ocrx_word' id='word_1_139' title='bbox 1794 2417 1953 2463; x_wconf 89' lang='lat' dir='ltr'><strong>eum</strong></span> <span class='ocrx_word' id='word_1_140' title='bbox 1979 2418 2098 2486; x_wconf 87' lang='lat' dir='ltr'><strong>pro</strong></span> <span class='ocrx_word' id='word_1_141' title='bbox 2128 2396 2387 2465; x_wconf 89' lang='lat' dir='ltr'><strong>absente</strong></span> <span class='ocrx_word' id='word_1_142' title='bbox 2426 2397 2674 2466; x_wconf 88' lang='lat' dir='ltr'><strong>haben-</strong></span> 
     </span>
     <span class='ocr_line' id='line_1_18' title="bbox 382 2501 2679 2592; baseline 0.001 -20"><span class='ocrx_word' id='word_1_143' title='bbox 382 2506 543 2573; x_wconf 89' lang='lat' dir='ltr'><strong>dum</strong></span> <span class='ocrx_word' id='word_1_144' title='bbox 573 2525 733 2590; x_wconf 85' lang='lat' dir='ltr'><strong>esse,</strong></span> <span class='ocrx_word' id='word_1_145' title='bbox 772 2524 888 2592; x_wconf 89' lang='lat' dir='ltr'><strong>pro</strong></span> <span class='ocrx_word' id='word_1_146' title='bbox 934 2522 1065 2590; x_wconf 91' lang='lat' dir='ltr'><strong>quo</strong></span> <span class='ocrx_word' id='word_1_147' title='bbox 1101 2507 1163 2569; x_wconf 89' lang='lat' dir='ltr'><strong>et</strong></span> <span class='ocrx_word' id='word_1_148' title='bbox 1198 2501 1554 2571; x_wconf 85' lang='lat' dir='ltr'><strong>decisiones</strong></span> <span class='ocrx_word' id='word_1_149' title='bbox 1579 2502 1892 2592; x_wconf 89' lang='lat' dir='ltr'><strong>quasdam</strong></span> <span class='ocrx_word' id='word_1_150' title='bbox 1920 2523 2117 2570; x_wconf 85' lang='lat' dir='ltr'><strong>sacrae</strong></span> <span class='ocrx_word' id='word_1_151' title='bbox 2143 2503 2679 2591; x_wconf 85' lang='lat' dir='ltr'><strong>Congregationis</strong></span> 
     </span>
     <span class='ocr_line' id='line_1_19' title="bbox 385 2607 2680 2702; baseline 0.001 -22"><span class='ocrx_word' id='word_1_152' title='bbox 385 2610 605 2680; x_wconf 86' lang='lat' dir='ltr'><strong>citant.</strong></span> <span class='ocrx_word' id='word_1_153' title='bbox 636 2607 762 2678; x_wconf 88' lang='lat' dir='ltr'><strong>Sed</strong></span> <span class='ocrx_word' id='word_1_154' title='bbox 789 2608 902 2674; x_wconf 91' lang='lat' dir='ltr'><strong>alii</strong></span> <span class='ocrx_word' id='word_1_155' title='bbox 927 2630 1080 2675; x_wconf 91' lang='lat' dir='ltr'><strong>cum</strong></span> <span class='ocrx_word' id='word_1_156' title='bbox 1111 2614 1332 2676; x_wconf 88' lang='lat' dir='ltr'><strong>sancto</strong></span> <span class='ocrx_word' id='word_1_157' title='bbox 1365 2607 1669 2698; x_wconf 86' lang='lat' dir='ltr'><strong>Lignorio</strong></span> <span class='ocrx_word' id='word_1_158' title='bbox 1701 2610 2137 2699; x_wconf 87' lang='lat' dir='ltr'><strong>distinguunt,</strong></span> <span class='ocrx_word' id='word_1_159' title='bbox 2168 2616 2232 2678; x_wconf 90' lang='lat' dir='ltr'><strong>et</strong></span> <span class='ocrx_word' id='word_1_160' title='bbox 2261 2615 2496 2702; x_wconf 86' lang='lat' dir='ltr'><strong>putant</strong></span> <span class='ocrx_word' id='word_1_161' title='bbox 2521 2633 2680 2682; x_wconf 91' lang='lat' dir='ltr'><strong>eum</strong></span> 
     </span>
     <span class='ocr_line' id='line_1_20' title="bbox 384 2715 2685 2808; baseline 0.003 -23"><span class='ocrx_word' id='word_1_162' title='bbox 384 2719 473 2785; x_wconf 87' lang='lat' dir='ltr'><strong>ita</strong></span> <span class='ocrx_word' id='word_1_163' title='bbox 513 2715 687 2782; x_wconf 89' lang='lat' dir='ltr'><strong>licite</strong></span> <span class='ocrx_word' id='word_1_164' title='bbox 727 2735 914 2803; x_wconf 87' lang='lat' dir='ltr'><strong>agere</strong></span> <span class='ocrx_word' id='word_1_165' title='bbox 957 2719 1019 2780; x_wconf 90' lang='lat' dir='ltr'><strong>et</strong></span> <span class='ocrx_word' id='word_1_166' title='bbox 1062 2736 1179 2805; x_wconf 90' lang='lat' dir='ltr'><strong>pro</strong></span> <span class='ocrx_word' id='word_1_167' title='bbox 1225 2717 1517 2804; x_wconf 86' lang='lat' dir='ltr'><strong>praesenti</strong></span> <span class='ocrx_word' id='word_1_168' title='bbox 1567 2716 1942 2784; x_wconf 90' lang='lat' dir='ltr'><strong>habendum</strong></span> <span class='ocrx_word' id='word_1_169' title='bbox 1989 2738 2148 2798; x_wconf 86' lang='lat' dir='ltr'><strong>esse,</strong></span> <span class='ocrx_word' id='word_1_170' title='bbox 2200 2717 2254 2785; x_wconf 89' lang='lat' dir='ltr'><strong>si</strong></span> <span class='ocrx_word' id='word_1_171' title='bbox 2299 2718 2685 2808; x_wconf 84' lang='lat' dir='ltr'><strong>poenitentes</strong></span> 
     </span>
     <span class='ocr_line' id='line_1_21' title="bbox 385 2821 2686 2913; baseline 0.001 -22"><span class='ocrx_word' id='word_1_172' title='bbox 385 2821 685 2891; x_wconf 84' lang='lat' dir='ltr'><strong>accedere</strong></span> <span class='ocrx_word' id='word_1_173' title='bbox 706 2821 975 2905; x_wconf 83' lang='lat' dir='ltr'><strong>soleant,</strong></span> <span class='ocrx_word' id='word_1_174' title='bbox 998 2825 1060 2886; x_wconf 92' lang='lat' dir='ltr'><strong>et</strong></span> <span class='ocrx_word' id='word_1_175' title='bbox 1077 2841 1153 2887; x_wconf 91' lang='lat' dir='ltr'><strong>eo</strong></span> <span class='ocrx_word' id='word_1_176' title='bbox 1178 2821 1399 2889; x_wconf 91' lang='lat' dir='ltr'><strong>animo</strong></span> <span class='ocrx_word' id='word_1_177' title='bbox 1424 2828 1570 2912; x_wconf 87' lang='lat' dir='ltr'><strong>agat</strong></span> <span class='ocrx_word' id='word_1_178' title='bbox 1598 2828 1670 2889; x_wconf 89' lang='lat' dir='ltr'><strong>ut</strong></span> <span class='ocrx_word' id='word_1_179' title='bbox 1692 2844 1757 2889; x_wconf 90' lang='lat' dir='ltr'><strong>se</strong></span> <span class='ocrx_word' id='word_1_180' title='bbox 1785 2822 1942 2911; x_wconf 89' lang='lat' dir='ltr'><strong>ipsis</strong></span> <span class='ocrx_word' id='word_1_181' title='bbox 1963 2822 2434 2913; x_wconf 83' lang='lat' dir='ltr'><strong>promptiorem</strong></span> <span class='ocrx_word' id='word_1_182' title='bbox 2455 2825 2686 2895; x_wconf 84' lang='lat' dir='ltr'><strong>efficiat</strong></span> 
     </span>
     <span class='ocr_line' id='line_1_22' title="bbox 386 2928 2679 3020; baseline 0.002 -24"><span class='ocrx_word' id='word_1_183' title='bbox 386 2934 448 2996; x_wconf 92' lang='lat' dir='ltr'><strong>et</strong></span> <span class='ocrx_word' id='word_1_184' title='bbox 494 2952 627 2996; x_wconf 90' lang='lat' dir='ltr'><strong>non</strong></span> <span class='ocrx_word' id='word_1_185' title='bbox 670 2933 987 3017; x_wconf 80' lang='lat' dir='ltr'><strong>cogantur</strong></span> <span class='ocrx_word' id='word_1_186' title='bbox 1026 2949 1179 2994; x_wconf 89' lang='lat' dir='ltr'><strong>cum</strong></span> <span class='ocrx_word' id='word_1_187' title='bbox 1224 2928 1461 2996; x_wconf 88' lang='lat' dir='ltr'><strong>rubore</strong></span> <span class='ocrx_word' id='word_1_188' title='bbox 1510 2950 1661 2996; x_wconf 90' lang='lat' dir='ltr'><strong>eum</strong></span> <span class='ocrx_word' id='word_1_189' title='bbox 1705 2929 2100 3017; x_wconf 82' lang='lat' dir='ltr'><strong>perquirere.</strong></span> <span class='ocrx_word' id='word_1_190' title='bbox 2157 2928 2248 3019; x_wconf 88' lang='lat' dir='ltr'><strong>(S.</strong></span> <span class='ocrx_word' id='word_1_191' title='bbox 2303 2930 2679 3020; x_wconf 80' lang='lat' dir='ltr'><strong>LiguoriuS,</strong></span> 
     </span>
     <span class='ocr_line' id='line_1_23' title="bbox 386 3030 2687 3123; baseline 0.001 -24"><span class='ocrx_word' id='word_1_192' title='bbox 386 3032 504 3099; x_wconf 89' lang='lat' dir='ltr'><strong>lib.</strong></span> <span class='ocrx_word' id='word_1_193' title='bbox 556 3032 623 3114; x_wconf 77' lang='lat'><strong>4,</strong></span> <span class='ocrx_word' id='word_1_194' title='bbox 668 3055 725 3100; x_wconf 92' lang='lat' dir='ltr'><strong>c.</strong></span> <span class='ocrx_word' id='word_1_195' title='bbox 770 3032 836 3116; x_wconf 80' lang='lat'><strong>2,</strong></span> <span class='ocrx_word' id='word_1_196' title='bbox 884 3054 952 3099; x_wconf 91' lang='lat' dir='ltr'><strong>n.</strong></span> <span class='ocrx_word' id='word_1_197' title='bbox 1009 3030 1190 3120; x_wconf 87' lang='lat'><strong>131.)</strong></span> <span class='ocrx_word' id='word_1_198' title='bbox 1243 3031 1323 3099; x_wconf 91' lang='lat' dir='ltr'><strong>Et</strong></span> <span class='ocrx_word' id='word_1_199' title='bbox 1380 3032 1554 3100; x_wconf 90' lang='lat' dir='ltr'><strong>idem</strong></span> <span class='ocrx_word' id='word_1_200' title='bbox 1601 3032 1957 3101; x_wconf 88' lang='lat' dir='ltr'><strong>dicendum</strong></span> <span class='ocrx_word' id='word_1_201' title='bbox 1999 3032 2079 3101; x_wconf 94' lang='lat' dir='ltr'><strong>de</strong></span> <span class='ocrx_word' id='word_1_202' title='bbox 2120 3036 2433 3102; x_wconf 91' lang='lat' dir='ltr'><strong>canonico</strong></span> <span class='ocrx_word' id='word_1_203' title='bbox 2482 3056 2687 3123; x_wconf 92' lang='lat' dir='ltr'><strong>quem</strong></span> 
     </span>
     <span class='ocr_line' id='line_1_24' title="bbox 388 3137 2689 3232; baseline 0.002 -26"><span class='ocrx_word' id='word_1_204' title='bbox 388 3137 744 3230; x_wconf 88' lang='lat' dir='ltr'><strong>Episcopus</strong></span> <span class='ocrx_word' id='word_1_205' title='bbox 790 3138 872 3204; x_wconf 92' lang='lat' dir='ltr'><strong>ad</strong></span> <span class='ocrx_word' id='word_1_206' title='bbox 919 3137 1359 3229; x_wconf 88' lang='lat' dir='ltr'><strong>supplendum</strong></span> <span class='ocrx_word' id='word_1_207' title='bbox 1419 3141 1981 3232; x_wconf 76' lang='lat' dir='ltr'><strong>poenitentiarium</strong></span> <span class='ocrx_word' id='word_1_208' title='bbox 2048 3141 2417 3230; x_wconf 87' lang='lat' dir='ltr'><strong>deputaret:</strong></span> <span class='ocrx_word' id='word_1_209' title='bbox 2476 3146 2689 3231; x_wconf 86' lang='lat' dir='ltr'><strong>potest</strong></span> 
     </span>
     <span class='ocr_line' id='line_1_25' title="bbox 390 3244 2685 3336; baseline 0.002 -24"><span class='ocrx_word' id='word_1_210' title='bbox 390 3246 568 3312; x_wconf 90' lang='lat' dir='ltr'><strong>enim</strong></span> <span class='ocrx_word' id='word_1_211' title='bbox 596 3245 970 3334; x_wconf 81' lang='lat' dir='ltr'><strong>EpiscopuS,</strong></span> <span class='ocrx_word' id='word_1_212' title='bbox 1006 3244 1313 3335; x_wconf 89' lang='lat' dir='ltr'><strong>impedito</strong></span> <span class='ocrx_word' id='word_1_213' title='bbox 1342 3247 1844 3335; x_wconf 86' lang='lat' dir='ltr'><strong>poenitentiari0‚</strong></span> <span class='ocrx_word' id='word_1_214' title='bbox 1872 3246 2159 3336; x_wconf 82' lang='lat' dir='ltr'><strong>aliquem</strong></span> <span class='ocrx_word' id='word_1_215' title='bbox 2187 3248 2580 3316; x_wconf 90' lang='lat' dir='ltr'><strong>canonicum</strong></span> <span class='ocrx_word' id='word_1_216' title='bbox 2611 3248 2685 3316; x_wconf 90' lang='lat' dir='ltr'><strong>in</strong></span> 
     </span>
     <span class='ocr_line' id='line_1_26' title="bbox 391 3348 2139 3438; baseline 0.003 -24"><span class='ocrx_word' id='word_1_217' title='bbox 391 3350 533 3438; x_wconf 88' lang='lat' dir='ltr'><strong>ejus</strong></span> <span class='ocrx_word' id='word_1_218' title='bbox 559 3348 779 3414; x_wconf 91' lang='lat' dir='ltr'><strong>locum</strong></span> <span class='ocrx_word' id='word_1_219' title='bbox 810 3350 1161 3438; x_wconf 86' lang='lat' dir='ltr'><strong>subrogare</strong></span> <span class='ocrx_word' id='word_1_220' title='bbox 1188 3350 1269 3419; x_wconf 92' lang='lat' dir='ltr'><strong>ad</strong></span> <span class='ocrx_word' id='word_1_221' title='bbox 1299 3352 1735 3419; x_wconf 85' lang='lat' dir='ltr'><strong>confessiones</strong></span> <span class='ocrx_word' id='word_1_222' title='bbox 1762 3352 2139 3420; x_wconf 90' lang='lat' dir='ltr'><strong>audiendas.</strong></span> 
     </span>
    </p>

    <p class='ocr_par' dir='ltr' id='par_1_8' title="bbox 392 3452 2690 3865">
     <span class='ocr_line' id='line_1_27' title="bbox 482 3452 2688 3546; baseline 0.001 -25"><span class='ocrx_word' id='word_1_223' title='bbox 482 3452 547 3521; x_wconf 91' lang='lat'><strong>3.</strong></span> <span class='ocrx_word' id='word_1_224' title='bbox 604 3452 1122 3521; x_wconf 78' lang='lat' dir='ltr'><strong>poenitentiarius</strong></span> <span class='ocrx_word' id='word_1_225' title='bbox 1154 3478 1284 3523; x_wconf 91' lang='lat' dir='ltr'><strong>non</strong></span> <span class='ocrx_word' id='word_1_226' title='bbox 1336 3462 1541 3546; x_wconf 88' lang='lat' dir='ltr'><strong>potest</strong></span> <span class='ocrx_word' id='word_1_227' title='bbox 1585 3457 1731 3545; x_wconf 84' lang='lat' dir='ltr'><strong>cogi</strong></span> <span class='ocrx_word' id='word_1_228' title='bbox 1776 3458 1857 3525; x_wconf 91' lang='lat' dir='ltr'><strong>ad</strong></span> <span class='ocrx_word' id='word_1_229' title='bbox 1904 3460 2222 3546; x_wconf 89' lang='lat' dir='ltr'><strong>majorem</strong></span> <span class='ocrx_word' id='word_1_230' title='bbox 2273 3456 2688 3526; x_wconf 88' lang='lat' dir='ltr'><strong>residentiam</strong></span> 
     </span>
     <span class='ocr_line' id='line_1_28' title="bbox 393 3559 2690 3653; baseline 0.001 -26"><span class='ocrx_word' id='word_1_231' title='bbox 393 3583 591 3651; x_wconf 91' lang='lat' dir='ltr'><strong>quam</strong></span> <span class='ocrx_word' id='word_1_232' title='bbox 629 3559 738 3626; x_wconf 89' lang='lat' dir='ltr'><strong>alii</strong></span> <span class='ocrx_word' id='word_1_233' title='bbox 773 3559 1086 3644; x_wconf 90' lang='lat' dir='ltr'><strong>canonici,</strong></span> <span class='ocrx_word' id='word_1_234' title='bbox 1131 3564 1247 3651; x_wconf 92' lang='lat' dir='ltr'><strong>qui</strong></span> <span class='ocrx_word' id='word_1_235' title='bbox 1283 3585 1399 3653; x_wconf 93' lang='lat' dir='ltr'><strong>per</strong></span> <span class='ocrx_word' id='word_1_236' title='bbox 1435 3568 1847 3629; x_wconf 83' lang='lat' dir='ltr'><strong>tres&#39;menses</strong></span> <span class='ocrx_word' id='word_1_237' title='bbox 1883 3562 2101 3630; x_wconf 89' lang='lat' dir='ltr'><strong>abesse</strong></span> <span class='ocrx_word' id='word_1_238' title='bbox 2143 3569 2435 3653; x_wconf 84' lang='lat' dir='ltr'><strong>possunt,</strong></span> <span class='ocrx_word' id='word_1_239' title='bbox 2488 3562 2690 3631; x_wconf 91' lang='lat' dir='ltr'><strong>modo</strong></span> 
     </span>
     <span class='ocr_line' id='line_1_29' title="bbox 392 3667 2685 3760; baseline 0.001 -24"><span class='ocrx_word' id='word_1_240' title='bbox 392 3675 613 3736; x_wconf 88' lang='lat' dir='ltr'><strong>tamen</strong></span> <span class='ocrx_word' id='word_1_241' title='bbox 662 3688 795 3736; x_wconf 90' lang='lat' dir='ltr'><strong>non</strong></span> <span class='ocrx_word' id='word_1_242' title='bbox 840 3667 1006 3734; x_wconf 90' lang='lat' dir='ltr'><strong>absit</strong></span> <span class='ocrx_word' id='word_1_243' title='bbox 1045 3671 1331 3758; x_wconf 89' lang='lat' dir='ltr'><strong>tempore</strong></span> <span class='ocrx_word' id='word_1_244' title='bbox 1363 3691 1495 3757; x_wconf 90' lang='lat' dir='ltr'><strong>quo</strong></span> <span class='ocrx_word' id='word_1_245' title='bbox 1527 3668 1892 3757; x_wconf 85' lang='lat' dir='ltr'><strong>frequentes</strong></span> <span class='ocrx_word' id='word_1_246' title='bbox 1922 3669 2304 3760; x_wconf 89' lang='lat' dir='ltr'><strong>poenitentes</strong></span> <span class='ocrx_word' id='word_1_247' title='bbox 2340 3670 2685 3759; x_wconf 85' lang='lat' dir='ltr'><strong>accedunt,</strong></span> 
     </span>
     <span class='ocr_line' id='line_1_30' title="bbox 396 3773 1749 3865; baseline 0 -23"><span class='ocrx_word' id='word_1_248' title='bbox 396 3776 463 3842; x_wconf 92' lang='lat' dir='ltr'><strong>id</strong></span> <span class='ocrx_word' id='word_1_249' title='bbox 492 3782 608 3858; x_wconf 86' lang='lat' dir='ltr'><strong>est,</strong></span> <span class='ocrx_word' id='word_1_250' title='bbox 638 3775 809 3843; x_wconf 87' lang='lat' dir='ltr'><strong>circa</strong></span> <span class='ocrx_word' id='word_1_251' title='bbox 837 3775 991 3842; x_wconf 87' lang='lat' dir='ltr'><strong>festa</strong></span> <span class='ocrx_word' id='word_1_252' title='bbox 1016 3796 1212 3864; x_wconf 90' lang='lat' dir='ltr'><strong>supra</strong></span> <span class='ocrx_word' id='word_1_253' title='bbox 1242 3774 1583 3865; x_wconf 85' lang='lat' dir='ltr'><strong>descripta,</strong></span> <span class='ocrx_word' id='word_1_254' title='bbox 1616 3773 1660 3865; x_wconf 62' lang='grc' dir='ltr'>ἓ</span> <span class='ocrx_word' id='word_1_255' title='bbox 1687 3776 1749 3842; x_wconf 89' lang='grc'><strong>1.</strong></span> 
     </span>
    </p>

    <p class='ocr_par' dir='ltr' id='par_1_9' title="bbox 393 3881 2701 4504">
     <span class='ocr_line' id='line_1_31' title="bbox 486 3881 2693 3975; baseline 0.004 -30"><span class='ocrx_word' id='word_1_256' title='bbox 486 3881 552 3946; x_wconf 78' lang='grc'><strong>4.</strong></span> <span class='ocrx_word' id='word_1_257' title='bbox 587 3881 770 3949; x_wconf 84' lang='lat' dir='ltr'><strong>Sicut</strong></span> <span class='ocrx_word' id='word_1_258' title='bbox 796 3882 908 3950; x_wconf 91' lang='lat' dir='ltr'><strong>alii</strong></span> <span class='ocrx_word' id='word_1_259' title='bbox 937 3883 1231 3949; x_wconf 88' lang='lat' dir='ltr'><strong>canonici</strong></span> <span class='ocrx_word' id='word_1_260' title='bbox 1258 3904 1390 3948; x_wconf 94' lang='lat' dir='ltr'><strong>non</strong></span> <span class='ocrx_word' id='word_1_261' title='bbox 1416 3889 1682 3971; x_wconf 87' lang='lat' dir='ltr'><strong>possunt</strong></span> <span class='ocrx_word' id='word_1_262' title='bbox 1706 3882 2159 3951; x_wconf 89' lang='lat' dir='ltr'><strong>canonicatum</strong></span> <span class='ocrx_word' id='word_1_263' title='bbox 2182 3885 2693 3975; x_wconf 88' lang='lat' dir='ltr'><strong>poenitentialem</strong></span> 
     </span>
     <span class='ocr_line' id='line_1_32' title="bbox 393 3986 2696 4084; baseline 0.005 -34"><span class='ocrx_word' id='word_1_264' title='bbox 393 3986 544 4074; x_wconf 85' lang='lat' dir='ltr'><strong>jure</strong></span> <span class='ocrx_word' id='word_1_265' title='bbox 584 3986 860 4073; x_wconf 87' lang='lat' dir='ltr'><strong>optionis</strong></span> <span class='ocrx_word' id='word_1_266' title='bbox 907 4010 1061 4055; x_wconf 91' lang='lat' dir='ltr'><strong>cum</strong></span> <span class='ocrx_word' id='word_1_267' title='bbox 1122 4006 1238 4053; x_wconf 91' lang='lat' dir='ltr'><strong>suo</strong></span> <span class='ocrx_word' id='word_1_268' title='bbox 1283 3992 1652 4077; x_wconf 87' lang='lat' dir='ltr'><strong>permutare</strong></span> <span class='ocrx_word' id='word_1_269' title='bbox 1698 3990 1962 4077; x_wconf 91' lang='lat' dir='ltr'><strong>quando</strong></span> <span class='ocrx_word' id='word_1_270' title='bbox 1994 3996 2198 4072; x_wconf 85' lang='lat' dir='ltr'><strong>vacat,</strong></span> <span class='ocrx_word' id='word_1_271' title='bbox 2255 3993 2343 4058; x_wconf 90' lang='lat' dir='ltr'><strong>ita</strong></span> <span class='ocrx_word' id='word_1_272' title='bbox 2385 4014 2506 4060; x_wconf 89' lang='lat' dir='ltr'><strong>nec</strong></span> <span class='ocrx_word' id='word_1_273' title='bbox 2557 3994 2696 4084; x_wconf 85' lang='lat' dir='ltr'><strong>ipse</strong></span> 
     </span>
     <span class='ocr_line' id='line_1_33' title="bbox 398 4091 2695 4187; baseline 0.004 -32"><span class='ocrx_word' id='word_1_274' title='bbox 398 4091 916 4180; x_wconf 67' lang='lat' dir='ltr'><strong>poenitentiarius</strong></span> <span class='ocrx_word' id='word_1_275' title='bbox 937 4096 1049 4183; x_wconf 90' lang='lat' dir='ltr'><strong>jus</strong></span> <span class='ocrx_word' id='word_1_276' title='bbox 1086 4091 1280 4159; x_wconf 89' lang='lat' dir='ltr'><strong>habet</strong></span> <span class='ocrx_word' id='word_1_277' title='bbox 1309 4093 1574 4184; x_wconf 91' lang='lat' dir='ltr'><strong>optandi</strong></span> <span class='ocrx_word' id='word_1_278' title='bbox 1601 4094 1798 4162; x_wconf 91' lang='lat' dir='ltr'><strong>aliam</strong></span> <span class='ocrx_word' id='word_1_279' title='bbox 1827 4097 2243 4185; x_wconf 76' lang='lat' dir='ltr'><strong>praebendam</strong></span> <span class='ocrx_word' id='word_1_280' title='bbox 2277 4098 2695 4187; x_wconf 86' lang='lat' dir='ltr'><strong>pinguiorem</strong></span> 
     </span>
     <span class='ocr_line' id='line_1_34' title="bbox 399 4197 2698 4295; baseline 0.006 -34"><span class='ocrx_word' id='word_1_281' title='bbox 399 4201 753 4265; x_wconf 84' lang='lat' dir='ltr'><strong>vacantem.</strong></span> <span class='ocrx_word' id='word_1_282' title='bbox 804 4197 967 4278; x_wconf 86' lang='lat' dir='ltr'><strong>Quia</strong></span> <span class='ocrx_word' id='word_1_283' title='bbox 1014 4223 1251 4291; x_wconf 90' lang='lat' dir='ltr'><strong>nempe</strong></span> <span class='ocrx_word' id='word_1_284' title='bbox 1307 4200 1388 4269; x_wconf 92' lang='lat' dir='ltr'><strong>ad</strong></span> <span class='ocrx_word' id='word_1_285' title='bbox 1437 4200 1869 4270; x_wconf 87' lang='lat' dir='ltr'><strong>obtinendum</strong></span> <span class='ocrx_word' id='word_1_286' title='bbox 1908 4204 2112 4294; x_wconf 88' lang='lat' dir='ltr'><strong>ipsius</strong></span> <span class='ocrx_word' id='word_1_287' title='bbox 2151 4203 2416 4271; x_wconf 87' lang='lat' dir='ltr'><strong>titulum</strong></span> <span class='ocrx_word' id='word_1_288' title='bbox 2477 4205 2698 4295; x_wconf 88' lang='lat' dir='ltr'><strong>requi-</strong></span> 
     </span>
     <span class='ocr_line' id='line_1_35' title="bbox 401 4304 2698 4398; baseline 0.003 -31"><span class='ocrx_word' id='word_1_289' title='bbox 401 4304 639 4368; x_wconf 87' lang='lat' dir='ltr'><strong>runtur</strong></span> <span class='ocrx_word' id='word_1_290' title='bbox 666 4323 933 4371; x_wconf 85' lang='lat' dir='ltr'><strong>examen</strong></span> <span class='ocrx_word' id='word_1_291' title='bbox 958 4310 1020 4372; x_wconf 91' lang='lat' dir='ltr'><strong>et</strong></span> <span class='ocrx_word' id='word_1_292' title='bbox 1042 4306 1265 4373; x_wconf 89' lang='lat' dir='ltr'><strong>electio</strong></span> <span class='ocrx_word' id='word_1_293' title='bbox 1292 4312 1354 4374; x_wconf 95' lang='lat' dir='ltr'><strong>et</strong></span> <span class='ocrx_word' id='word_1_294' title='bbox 1381 4307 1720 4396; x_wconf 86' lang='lat' dir='ltr'><strong>qualitates</strong></span> <span class='ocrx_word' id='word_1_295' title='bbox 1750 4309 2079 4398; x_wconf 79' lang='lat' dir='ltr'><strong>specialeS‚</strong></span> <span class='ocrx_word' id='word_1_296' title='bbox 2108 4308 2171 4378; x_wconf 79' lang='lat' dir='ltr'><strong>et</strong></span> <span class='ocrx_word' id='word_1_297' title='bbox 2198 4308 2354 4398; x_wconf 93' lang='lat' dir='ltr'><strong>quia</strong></span> <span class='ocrx_word' id='word_1_298' title='bbox 2382 4307 2452 4373; x_wconf 92' lang='lat' dir='ltr'><strong>in</strong></span> <span class='ocrx_word' id='word_1_299' title='bbox 2485 4309 2698 4398; x_wconf 88' lang='lat' dir='ltr'><strong>poeni-</strong></span> 
     </span>
     <span class='ocr_line' id='line_1_36' title="bbox 402 4408 2701 4504; baseline 0.004 -30"><span class='ocrx_word' id='word_1_300' title='bbox 402 4408 700 4477; x_wconf 87' lang='lat' dir='ltr'><strong>tentiario</strong></span> <span class='ocrx_word' id='word_1_301' title='bbox 723 4409 982 4500; x_wconf 88' lang='lat' dir='ltr'><strong>eligitur</strong></span> <span class='ocrx_word' id='word_1_302' title='bbox 1010 4410 1328 4480; x_wconf 88' lang='lat' dir='ltr'><strong>industria</strong></span> <span class='ocrx_word' id='word_1_303' title='bbox 1352 4415 1730 4503; x_wconf 79' lang='lat' dir='ltr'><strong>personalis,</strong></span> <span class='ocrx_word' id='word_1_304' title='bbox 1760 4414 2090 4504; x_wconf 77' lang='lat' dir='ltr'><strong>(FerrariS‚</strong></span> <span class='ocrx_word' id='word_1_305' title='bbox 2116 4416 2259 4484; x_wconf 86' lang='lat' dir='ltr'><strong>loco</strong></span> <span class='ocrx_word' id='word_1_306' title='bbox 2288 4413 2432 4496; x_wconf 57' lang='lat' dir='ltr'><strong>cit..</strong></span> <span class='ocrx_word' id='word_1_307' title='bbox 2456 4437 2527 4485; x_wconf 89' lang='lat' dir='ltr'><strong>n.</strong></span> <span class='ocrx_word' id='word_1_308' title='bbox 2557 4415 2701 4503; x_wconf 84' lang='lat'><strong>65.)</strong></span> 
     </span>
    </p>
   </div>
  </div>
 </body>
</html>
