2930 4982
374 322 401 377 1
420 322 451 377 9
465 321 498 376 6
1331 327 1674 373 raAcrArus

369 451 949 536 archidiaconatuS‚
980 445 1641 538 archipresbyteratus
1683 451 1744 513 et
1772 444 2043 527 simileS‚
2076 447 2138 511 et
2173 449 2330 511 tunc
2372 466 2507 512 nou
2550 466 2649 512 so-

366 556 505 622 lum
537 556 958 646 Episcopum,
989 552 1098 621 sed
1127 552 1320 618 etiam
1346 551 1705 640 capitulum
1749 552 1828 618 de
1865 550 2045 619 illius
2081 571 2398 617 consensu
2427 551 2652 640 hujus·

367 660 544 727 modi
563 661 946 748 dignitatem
963 660 1035 724 in
1049 657 1268 745 aliqua
1286 655 1557 723 ecclesia
1574 678 1786 724 creare
1801 678 1984 746 posse
2003 655 2298 723 observat
2322 655 2546 723 lmola.
2561 708 2576 722 .
2591 681 2646 722 .»

457 765 596 833 Prae
606 765 797 832 missa
820 762 1118 831 Barbosae
1147 763 1485 847 sententia,
1517 784 1661 850 quae
1688 762 1849 829 olim
1880 762 2190 851 potuisset
2216 767 2288 827 ut
2312 783 2487 828 mera
2520 763 2658 853 opi-

364 872 476 938 nio
502 871 754 953 haberi,
770 871 913 960 jam
948 869 1147 936 evasit
1176 873 1346 935 certa
1368 867 1453 933 ob
1477 868 1683 934 varias
1711 865 1924 935 Sacrae
1950 866 2483 955 Congregationis
2507 887 2658 933 con-

365 977 504 1044 cilii
526 976 1006 1056 declarationeS,
1031 981 1105 1042 ut
1132 975 1282 1042 satis
1311 974 1556 1064 patebit
1581 996 1655 1041 ex
1683 975 1977 1062 sequenti
2008 974 2309 1039 citatione
2334 972 2661 1040 Thesauri

365 1083 844 1150 resolutionum
898 1083 1077 1170 (tom.
1139 1102 1341 1165 xxxv,
1397 1101 1546 1169 pag.
1605 1078 1710 1169 11)
1766 1103 1783 1147 z
1834 1105 1870 1143 «
1914 1080 2180 1146 Certum
2235 1084 2328 1146 est
2375 1081 2657 1168 potuisse

373 1213 406 1250 «
436 1190 809 1256 auctoritate
836 1187 1140 1277 Episcopi
1166 1186 1327 1274 erigi
1357 1185 1528 1251 hanc
1554 1184 1962 1273 dignitatem,
1993 1206 2139 1273 quae
2168 1206 2243 1252 ex
2273 1184 2364 1252 eis
2393 1191 2487 1251 est
2511 1208 2657 1274 quae

373 1317 408 1358 «
438 1292 507 1359 in
546 1292 894 1361 cathedrali
924 1291 1089 1380 erigi
1115 1295 1614 1376 consueverunt,
1643 1311 1716 1357 ac
1757 1291 1955 1357 sacris
1986 1289 2345 1357 canonibus
2383 1291 2659 1378 cognitae

371 1424 405 1466 «
433 1405 587 1467 sunt
604 1428 622 1486 ;
655 1401 814 1468 dum
836 1397 1119 1489 profecto
1161 1398 1302 1464 aliae
1342 1418 1525 1464 novae
1566 1401 1628 1463 et
1659 1397 1978 1464 inusitatae
2003 1418 2136 1465 non
2163 1395 2550 1487 potuissent,
2581 1404 2662 1464 ut

368 1529 406 1571 «
433 1505 859 1593 distinguitur
894 1502 1364 1572 communiter.
1416 1525 1452 1568 >³
1509 1503 1656 1594 (Hic
1700 1504 2077 1573 secretarius
2127 1502 2660 1592 Congregationis

363 1611 514 1678 citat
556 1615 699 1677 octo
737 1610 1101 1677 canonistas
1150 1611 1239 1675 ita
1283 1609 1580 1675 docentes
1608 1660 1627 1691 ,
1693 1609 1863 1676 inter
1917 1630 2081 1698 quos
2125 1608 2516 1696 Fagnanum
2588 1611 2657 1677 in

363 1737 422 1783 c.
445 1715 919 1803 Perniciosum,
935 1736 1002 1780 n.
1029 1715 1140 1799 70,
1164 1713 1261 1783 De
1280 1713 1496 1782 officio
1521 1714 1843 1798 ordiner„
1871 1716 2028 1783 etin
2050 1736 2107 1782 c.
2132 1715 2415 1803 Dilecto,
2441 1737 2511 1782 n.
2546 1715 2652 1799 16,

357 1820 470 1889 De·
490 1822 817 1912 praebend.
847 1847 863 1902 ;
895 1827 957 1890 et
994 1810 1461 1907 Monacellum,
1495 1822 2025 1906 Formularium‚
2058 1828 2239 1911 parte
2284 1822 2352 1905 4,
2386 1821 2456 1888 in
2502 1844 2656 1911 sup·

362 1927 562 2018 plem.
609 1928 687 1995 ad
742 1929 847 2012 12,
901 1950 968 1995 n.
1025 1928 1181 1996 314.
1241 1928 1463 1996 Postea
1512 1929 1776 1996 adducit
1817 1929 2265 1995 auctoritatem
2318 1928 2657 2016 ipsiusmet

363 2032 916 2122 CongregationiS,
944 2034 1046 2100 his
1069 2035 1283 2102 verbis
1313 2034 1375 2125 z)
1409 2034 1564 2103 «Ac
1587 2035 1779 2102 etiam
1809 2034 2269 2123 distinguendo
2294 2033 2383 2125 (1)
2416 2034 2657 2124 pluries

371 2163 406 2204 ε(
432 2139 628 2206 edixit
672 2139 866 2208 Sacra
900 2139 1394 2231 Congregrati03
1425 2146 1487 2207 et
1523 2141 1854 2230 speciatim
1898 2141 1969 2207 in
2017 2139 2357 2208 Sabinensi
2403 2139 2491 2205 26
2529 2160 2657 2206 no-

370 2268 405 2307 «
434 2244 718 2312 vembris
764 2245 935 2314 1695
978 2245 1047 2335 (1.
1081 2268 1205 2314 xcv
1246 2245 1681 2329 decretorum,
1733 2269 1797 2336 p.
1834 2244 2019 2335 603),
2071 2251 2133 2312 et
2177 2246 2249 2312 in
2299 2230 2648 2334 Spoletina,

370 2371 407 2410 «
437 2347 523 2411 24
554 2354 744 2414 mart.
783 2349 981 2417 1736.
1015 2373 1049 2412 »
1504 2428 1509 2431 ι

453 2450 829 2521 Pnoposmo
848 2452 940 2523 4⁰.
974 2493 1064 2506 —
1084 2457 1309 2545 Neque
1336 2457 1707 2547 Episcopus
1725 2479 1931 2547 neque
1954 2457 2326 2549 capitulum
2331 2470 2653 2548 possunt,

366 2555 569 2622 etiam
606 2578 687 2622 eoe
723 2569 957 2625 mutuo
1002 2582 1341 2644 consensu,
1371 2562 1711 2630 instituere
1751 2565 2178 2632 canonicatus
2218 2584 2664 2655 supranume-

366 2659 581 2727 rarios
600 2684 750 2728 cum
772 2665 1223 2754 exspectativa
1232 2666 1636 2756 praebendae.
1667 2706 1757 2720 —-
1779 2668 2172 2759 Hujusmodi
2188 2672 2368 2737 enim
2394 2689 2665 2758 exspec-

327 2801 330 2806 -
365 2768 589 2834 tativas
622 2770 883 2836 sustulit
905 2776 969 2837 et
986 2771 1324 2861 prohibuit
1346 2774 1705 2840 concilium
1722 2774 2205 2860 Tridentinum,
2236 2775 2516 2843 sessione
2538 2775 2658 2858 24,

367 2875 572 2964 capite
600 2875 682 2942 19
718 2899 735 2942 :
766 2877 1067 2944 Decernit
1086 2890 1323 2945 sancta
1350 2879 1642 2970 synodus
1669 2880 1996 2949 mandata
2025 2881 2105 2949 de
2118 2881 2556 2973 providenda,
2597 2892 2665 2947 et

367 2980 624 3066 qratias
651 3004 799 3070 quoe
832 2984 1293 3072 exspectativae
1313 2983 1630 3051 dicuntur
1652 2986 1905 3052 nemini
1933 2987 2226 3076 amplius
2251 2984 2533 3052 concedi.
2567 2982 2662 3050 Ex

368 3106 499 3172 quo
520 3086 773 3155 decreto
816 3090 956 3177 jam
997 3112 1130 3157 non
1175 3091 1370 3159 licere
1401 3114 1522 3159 nec
1545 3092 1759 3158 valere
1806 3093 2284 3159 concessionem
2310 3092 2661 3160 canonica-

369 3195 558 3259 tuum
602 3216 752 3261 cum
794 3197 1213 3285 exspectativa
1237 3196 1638 3264 concludunt
1661 3197 2058 3264 unanimiter
2081 3198 2395 3265 doctores.
2426 3196 2659 3265 Unum

370 3296 519 3362 satis
540 3299 660 3364 erit
687 3300 1026 3368 adduxisse
1054 3326 1070 3368 ε

464 3400 662 3469 «Non
711 3406 943 3494 poterit
979 3411 1197 3473 tamen
1236 3405 1620 3497 EpiscopUS‚
1668 3428 1788 3474 nec
1835 3408 2000 3476 alius
2047 3408 2319 3477 inferior
2362 3431 2400 3476 a
2446 3407 2651 3498 Papa,

376 3532 411 3572 «
438 3508 631 3575 ctiam
661 3514 802 3599 post
837 3511 1225 3577 erectionem
1268 3509 1359 3605 (2)
1400 3533 1617 3579 creare
1656 3514 2113 3581 canonicatum
2148 3535 2659 3605 supernumera-
2758 3549 2767 3556 -

376 3615 612 3683 «rium
639 3615 719 3683 ad
750 3615 1034 3682 futuram
1066 3616 1510 3706 praebendam‚
1541 3623 1615 3684 ut
1643 3620 1897 3686 censuit
1927 3618 2351 3709 Congregatio
2387 3620 2661 3689 concilii

375 3746 406 3782 «
439 3721 541 3789 his
563 3723 775 3790 verbis
805 3746 821 3790 :
853 3724 968 3789 Ex
991 3721 1112 3788 lioc
1135 3729 1384 3791 decreto
1407 3726 1977 3815 expectativarum
2006 3726 2488 3815 abroqatarum
2513 3728 2672 3795 col-

372 3850 405 3888 «
430 3826 669 3914 liqitur
693 3852 829 3896 non
849 3849 1039 3917 posse
1062 3828 1234 3917 eriqi
1253 3831 1719 3897 canonicatum
1749 3833 2403 3920 super-numerarium
2433 3833 2531 3899 ad
2548 3836 2675 3923 fu-

372 3955 407 3992 «
436 3941 662 3998 turam
705 3931 1224 4023 praebendam...
1280 3934 1361 4000 Et
1406 3934 1714 4004 Gonzales
1751 3936 1853 4025 (ad
1901 3959 2038 4025 reg.
2089 3938 2130 4005 8
2178 3938 2462 4009 Cancell.
2499 3942 2544 4031 ξ
2598 3946 2629 4009 1
2650 3993 2671 4027 ,

369 4058 403 4097 «
431 4056 736 4123 prooem.‚
769 4062 836 4106 n.
874 4038 983 4129 64)
1015 4038 1233 4106 subdit
1264 4041 1607 4130 procedere
1635 4043 1706 4109 in
1738 4044 2059 4134 capitulis,
2109 4055 2183 4112 ut
2230 4069 2442 4138 neque
2482 4051 2679 4139 capi-

417 4214 484 4274 (1)
521 4213 711 4278 Nempe
742 4218 872 4267 inter
900 4218 1166 4280 dignitates
1200 4223 1413 4273 usitatas
1446 4235 1574 4285 quas
1610 4226 1797 4287 erigere
1823 4231 2038 4291 possunt
2062 4227 2313 4292 Episcopi,
2344 4234 2396 4281 et
2427 4231 2677 4284 insolitas

355 4306 480 4433 qu(a3
502 4306 604 4421 aon
624 4299 855 4422 possuntt,
876 4300 926 4423 elt
945 4309 1033 4358 pro
1059 4300 1241 4360 quibus
1260 4303 1508 4364 erigendis
1525 4307 1803 4356 necessaria
1823 4312 1955 4358 esset
1979 4307 2177 4358 Sanctae
2195 4309 2335 4360 Sedis
2355 4313 2678 4365 auctoritas.

434 4378 459 4421 2
552 4386 697 4436 empc
724 4376 830 4436 capi
856 4387 890 4423 u
915 4377 948 4424 i.
2114 4381 2129 4392 ”
