2930 4982
360 360 441 417 ⁴8
1330 359 1670 408 ‘rmcuws

359 490 689 559 instituere
745 484 1211 575 parochialem,
1257 503 1390 549 non
1438 502 1591 549 vero
1628 480 2056 569 collegiatam.
2102 476 2242 546 Nec
2290 482 2508 569 potest
2553 477 2667 547 de·

362 602 604 665 struere
631 592 1060 680 collegiatam,
1090 594 1152 657 et
1173 589 1252 657 de
1278 588 1613 678 collegiata
1638 586 1840 654 facere
1863 607 1997 654 non
2017 583 2434 672 collegiatam
2462 607 2480 663 ;
2512 604 2672 652 nam

363 704 477 795 qui
506 725 638 771 non
668 705 873 792 potest
895 699 1250 781 instituere,
1296 719 1429 765 non
1460 700 1661 787 potest
1685 695 2054 762 destituere.
2088 691 2279 774 Quod
2306 691 2362 760 si
2390 692 2677 761 ecclesia

365 808 699 897 collegiata
764 805 955 873 fuerit
1013 802 1226 870 diruta
1295 801 1533 892 absque
1592 801 1887 869 facultate
1950 798 2213 868 Summi
2288 796 2672 881 pontificis,

341 915 579 984 ‘statim
614 913 997 980 reaedificata
1026 911 1360 979 continuat
1401 909 1736 999 privilegia
1763 907 2135 996 collegiatae.
2160 931 2198 971 η

459 1020 765 1103 Quinimo
793 1018 1058 1086 ecclesia
1083 1039 1226 1106 quae
1255 1016 1411 1083 olim
1438 1016 1566 1083 fuit
1583 1014 1940 1103 collegiata,
1969 1013 2270 1103 quamvis
2293 1013 2366 1080 in
2387 1036 2681 1105 praesen-

370 1127 605 1194 tiarum
631 1124 714 1192 ob
743 1126 882 1213 ejus
908 1126 1345 1212 paupertatem
1388 1142 1523 1188 non
1556 1119 1791 1187 habeat
1827 1124 1972 1187 actu
2003 1118 2391 1208 collegium,
2436 1123 2684 1192 nihilo-

258 1267 275 1271 -
372 1233 594 1300 minus
632 1232 686 1297 si
733 1251 867 1296 non
913 1233 1155 1295 constet
1195 1228 1387 1294 fuisse
1433 1224 1811 1294 auctoritate
1856 1224 2187 1313 pontificia
2238 1225 2677 1316 destructam,

372 1333 742 1425 nuncupari
796 1337 1002 1422 potest
1044 1332 1417 1421 collegiata;
1478 1337 1670 1419 atque
1711 1330 1764 1397 si
1816 1330 2062 1397 venerit
2110 1331 2191 1399 ad
2252 1334 2684 1422 pinguiorem

373 1443 734 1522 fortunam,
769 1441 858 1506 uti
890 1441 1123 1529 poterit
1157 1439 1423 1528 juribus
1455 1438 1712 1526 collegii
1736 1438 1830 1504 uti
1858 1437 2065 1526 priuS,
2107 1437 2266 1525 quia
2301 1460 2684 1530 numquam

383 1548 510 1614 fuit
535 1548 811 1614 extincta
850 1546 1100 1612 habitu.
1146 1571 1179 1609 »

479 1679 510 1714 «
540 1651 913 1739 Collegiatae
957 1652 1243 1740 praelatio
1287 1672 1362 1717 eo
1414 1651 1619 1739 magis
1683 1648 1948 1728 emicat,
1998 1648 2053 1716 si
2096 1649 2304 1716 fuerit
2356 1651 2691 1740 insiqm's;

381 1780 536 1825 cum
588 1757 725 1822 haec
774 1756 1155 1845 praeferatur
1207 1777 1338 1822 non
1392 1755 1762 1843 insignibus
1822 1756 2019 1821 etiam
2071 1757 2265 1845 prius
2327 1757 2686 1839 institutis3

382 1863 542 1929 ratio
571 1867 663 1929 est
699 1863 850 1950 quia
870 1861 1144 1948 qualitas
1189 1860 1606 1949 insiqnitatis
1637 1860 2012 1928 attenditur.
2047 1859 2413 1950 Collegiata
2450 1863 2692 1931 dicitur

384 1967 662 2058 insiqnis
688 1968 848 2034 dum
881 1988 997 2057 pro
1020 1968 1132 2033 tali
1170 1968 1364 2034 suerit
1386 1988 1423 2034 a
1448 1967 1621 2057 Papa
1659 1967 2014 2034 enuntiata.
2059 1967 2461 2057 Appellatur
2492 1967 2688 2036 etiam

385 2076 664 2163 insignis
718 2096 791 2141 ea
842 2074 1176 2162 collegiata
1231 2096 1376 2162 quae
1438 2073 1673 2140 retinet
1725 2095 1828 2140 eas
1885 2072 2216 2162 qualitates
2268 2098 2422 2164 quae
2477 2076 2688 2166 ipsam

388 2179 581 2246 talem
630 2179 912 2246 reddunt
951 2201 1024 2245 ex
1062 2179 1256 2262 fama,
1292 2180 1424 2245 sive
1461 2179 1802 2246 communi
1844 2178 2196 2247 hominum
2247 2182 2574 2272 opinione
2616 2200 2690 2247 ac

389 2283 836 2367 aestimatione,
890 2283 1039 2351 licet
1090 2284 1168 2352 de
1234 2284 1615 2374 hujusmodi
1701 2282 2075 2373 insignitate
2141 2285 2409 2353 nullum
2491 2284 2695 2353 fuerit

390 2394 633 2459 factum
660 2390 937 2457 verbum
969 2413 1006 2457 a
1030 2390 1202 2481 Papa
1237 2393 1306 2458 in
1339 2394 1477 2479 ejus
1507 2391 1876 2481 diplomate.
1919 2391 2362 2460 Pariformiter
2402 2391 2692 2480 insignis

392 2521 509 2590 per
549 2519 615 2565 se
661 2497 900 2565 dicitur
934 2498 1289 2586 collegiata,
1340 2495 1601 2586 quando
1641 2501 1734 2563 est
1770 2497 1837 2562 in
1870 2496 2023 2581 ‘loco
2071 2517 2207 2563 non
2250 2519 2492 2587 parum
2528 2518 2693 2565 con-

393 2604 620 2693 spicuo
675 2604 1038 2670 constituta.
1093 2627 1125 2666 »
1171 2600 1617 2690 (Ceccoperius
1676 2600 1848 2689 apud
1908 2599 2462 2687 Scarfantonium,
2526 2607 2575 2672 t.
2635 2603 2690 2685 l,

394 2732 460 2800 p.
490 2709 603 2792 27,
637 2707 832 2776 editio
861 2707 1054 2773 Lucae
1084 2704 1310 2796 1723.)

485 2815 684 2883 Addit
728 2812 1212 2882 Scarfantonius
1247 2810 1359 2902 (ib.
1407 2832 1557 2901 pag.
1592 2809 1703 2902 29)
1726 2813 2176 2902 quaestionem,
2208 2819 2440 2883 utrum
2472 2816 2691 2906 aliqua

400 2921 733 3009 collegiata
761 2941 908 3009 quae
952 2940 989 2985 a
1024 2918 1197 3008 Papa
1250 2940 1382 2985 non
1429 2916 1747 2985 declarata
1783 2926 1877 2986 est
1916 2920 2213 3010 insigniS,
2253 2923 2397 2990 talis
2446 2925 2686 2993 nihilo-

399 3028 620 3093 minus
657 3026 1028 3116 nuncupari
1078 3026 1328 3110 debeat,
1378 3025 1660 3113 relinqui
1702 3025 1967 3094 arbitrio
2016 3028 2353 3117 prudentis
2397 3028 2686 3117 judicis3

402 3132 515 3221 qui
559 3131 892 3220 perpensis
946 3135 1089 3196 tum
1144 3133 1295 3214 loci,
1339 3137 1484 3197 tum
1540 3137 1881 3199 structurae
1927 3121 2186 3200 aedificii
2226 3134 2557 3221 qualitate,
2591 3134 2692 3200 in-

403 3235 602 3301 simul
626 3256 778 3302 cum
806 3256 1080 3303 numero
1109 3241 1174 3303 et
1199 3237 1503 3325 qualitate
1534 3240 2025 3317 canonicorum,
2054 3238 2326 3327 aliisque
2356 3239 2691 3307 similibus

405 3340 935 3423 circumstantiis,
968 3348 1241 3411 statuere
1270 3343 1456 3411 debet
1486 3366 1569 3410 an
1600 3344 1726 3432 tali⁶
1733 3344 2153 3433 praerogativa
2178 3344 2375 3433 digna
2402 3347 2685 3412 exsistat.

405 3444 498 3513 lta
547 3445 740 3513 etiam
783 3444 1145 3515 Cardinalis
1181 3449 1260 3516 de
1301 3449 1484 3515 Luca
1534 3448 1650 3536 (De
1701 3448 2228 3537 praeeminentiis,
2278 3449 2585 3520 discursu
2621 3452 2685 3539 8,

499 3657 665 3724 lllud
715 3657 1039 3745 singulare
1082 3662 1174 3723 est
1212 3658 1281 3722 in
1314 3657 1600 3724 ecclesiis
1654 3657 2033 3748 collegiatis,
2078 3666 2506 3751 praerogativa
2535 3664 2687 3732 insi-

416 3764 678 3850 gnitatis
715 3762 1139 3851 fulgentibuS,
1176 3767 1247 3828 ut
1296 3762 1530 3852 primae
1577 3762 1921 3854 dignitates
1955 3787 2183 3834 earum
2228 3767 2509 3837 conferri
2541 3774 2685 3836 tan-

413 3874 555 3932 tum
591 3867 863 3934 debeant
902 3870 1226 3956 magistris
1259 3875 1321 3935 et
1360 3870 1729 3937 doctoribus
1766 3878 1876 3937 aut
1905 3869 2245 3941 licentiatis
2272 3874 2344 3941 in
2374 3873 2688 3963 theologia

417 3994 528 4039 seu
562 3972 632 4037 in
656 3974 808 4059 jure
845 3979 1157 4043 canonico
1194 3974 1396 4063 (Trid.
1431 3996 1580 4041 sess.
1617 3974 1731 4057 24,
1773 3997 1832 4041 c.
1887 3975 1995 4065 12,
2027 3977 2119 4047 de.
2144 3979 2319 4069 ref.).
2361 3979 2453 4048 lta
2498 3980 2690 4047 etiam

418 4079 704 4156 decisum
735 4102 769 4144 a
794 4078 949 4148 Rota
970 4082 1160 4148 refert
1188 4080 1671 4148 Scarfantonius
1704 4080 1869 4172 (loco
1896 4082 2132 4173 citato).

519 4210 553 4245 «
587 4181 764 4251 Scire
795 4193 1007 4253 autem
1063 4187 1467 4275 collegiatam
1509 4209 1641 4254 esse
1677 4188 2005 4275 insignem
2048 4189 2143 4255 vel
2195 4211 2323 4256 non
2365 4188 2685 4277 insignem

431 4290 571 4355 «ad
604 4290 790 4379 plura
829 4294 1098 4370 confert,
1147 4300 1285 4359 tum
1329 4294 1412 4359 ob
1453 4294 1887 4360 differentiam
1939 4294 2297 4361 residentiae
2344 4302 2405 4362 et
2451 4290 2687 4363 servitii

436 4418 468 4454 «
502 4395 685 4462 chori
733 4399 899 4461 inter
937 4416 1137 4462 unam
1168 4403 1229 4461 et
1276 4397 1498 4476 aliam,
1549 4405 1692 4464 tum
1734 4397 1923 4463 etiam
1967 4398 2046 4464 ad
2095 4398 2252 4466 alios
2296 4400 2555 4470 effeetus
2583 4398 2689 4463 in-
