2930 4982
1110 328 1191 372 mi
1240 327 1567 374 cunnus.
1759 322 1777 344 ·
2366 321 2487 375 587

286 446 502 511 Nono.
562 441 1087 527 Examinatores
1132 433 1213 512 ex
1254 445 1569 535 pluribus
1619 445 2043 530 examinatis,
2097 469 2230 514 non
2284 472 2494 516 unum

198 548 438 630 solum,
497 548 614 616 sed
656 550 896 640 plures
951 573 1112 641 quos
1158 549 1626 641 judicaverint
1690 550 1953 619 idoneos
2007 552 2493 642 siqnificabunt

202 653 456 721 vicario
476 674 506 738 ;
550 668 614 722 et
653 679 736 723 ex
768 657 921 723 istis
946 657 1262 747 pluribus
1290 680 1420 747 per
1459 658 1949 724 examinatores
1975 658 2325 746 indicatis,
2361 683 2494 727 non

199 759 334 849 ipsi
373 762 882 844 examinatores,
916 762 1032 830 sed
1059 763 1196 853 ipse
1229 763 1523 831 vicarius
1549 765 1750 853 eliqet
1774 786 1967 854 quem
2006 765 2257 832 coeteris
2283 766 2498 854 maqis

201 864 514 934 idoneum
530 870 971 958 judicaverit.
1019 874 1176 938 Hoec
1217 870 1398 938 enim
1445 872 1752 962 facultas
1783 871 1971 938 nullo
2009 870 2203 937 modo
2240 873 2497 939 exami-

194 971 550 1040 natoribus
579 975 924 1064 competit⁷
953 998 1102 1042 cum
1133 976 1262 1042 soli
1281 976 1615 1066 Episcopo
1644 999 1687 1043 a
1712 975 1993 1044 concilio
2017 976 2109 1042 sit
2134 975 2494 1063 attributa,

196 1077 387 1167 cujus
419 1078 562 1147 loco
592 1081 724 1147 erit
752 1081 1071 1169 vicarius,
1104 1081 1250 1149 sede
1282 1094 1581 1149 vacante.

295 1202 584 1270 Decimo.
634 1207 785 1293 Ipse
833 1205 1041 1272 etiam
1083 1205 1377 1272 vicarius
1424 1205 1607 1272 solus
1643 1204 1883 1295 absque
1922 1204 2499 1272 examinatoribus

202 1307 444 1375 scribet
471 1309 736 1377 litteras
773 1311 865 1378 ad
894 1312 1394 1379 sanctissimum
1423 1312 1784 1379 Dominum
1818 1324 2144 1396 nostrum,
2178 1310 2272 1378 ad
2304 1336 2497 1402 quem

205 1413 487 1480 collatio
514 1416 939 1505 parochialis
981 1417 1307 1507 spectabit
1333 1416 1451 1507 (1),
1506 1417 1742 1507 quibus
1770 1417 2114 1507 praecipue
2145 1417 2498 1485 testabitur

204 1542 471 1588 vacasse
497 1522 988 1612 parochialem,
1012 1524 1441 1614 propositum
1467 1524 1669 1613 fuisse
1697 1524 2005 1600 edictum,
2042 1535 2104 1590 et
2133 1546 2213 1591 ex
2249 1525 2497 1592 exami-

205 1626 390 1694 natis
418 1629 624 1716 fuisse
639 1640 746 1695 tot
773 1628 1036 1697 idoneos
1083 1654 1126 1697 a
1164 1629 1375 1697 tribus
1415 1630 1661 1697 saltem
1703 1628 2271 1697 examinatoribus
2304 1628 2499 1718 judi-

205 1744 388 1799 catos
407 1752 436 1815 ;
475 1755 541 1800 se
593 1756 740 1800 vero
770 1736 1021 1802 existis
1073 1736 1327 1804 idoneis
1386 1736 1595 1802 talem
1649 1735 1904 1803 coeteris
1932 1734 2145 1823 maqis
2187 1734 2496 1802 idoneum

182 1836 522 1924 judicasse
555 1850 619 1906 et
646 1838 951 1928 cleqisse.-

306 1959 682 2029 Undecimo.
721 1962 1113 2050 Capitulum
1142 1974 1266 2027 aut
1294 1960 1579 2028 decanus
1609 1960 1893 2027 ecclesiae
1923 1958 2317 2027 cathedralis
2346 1961 2499 2027 nul-

200 2067 348 2133 lum
377 2069 494 2155 jus
527 2067 651 2134 sibi
697 2065 984 2132 vindicet
1003 2066 1427 2157 proponendi
1467 2066 1783 2147 edictum,
1830 2078 1950 2133 aut
1994 2064 2361 2155 deputandi
2388 2089 2501 2134 seu

199 2168 497 2257 eliqendi
537 2172 643 2238 vel
685 2171 1089 2239 convocandi
1125 2196 1348 2239 coram
1399 2196 1463 2240 se
1507 2173 2018 2253 examinatores,
2060 2194 2176 2237 nec
2218 2171 2505 2261 jubendi

198 2286 337 2341 aut
378 2277 660 2344 curandi
690 2289 767 2344 ut
799 2300 1021 2344 coram
1057 2301 1121 2345 se
1163 2292 1283 2346 aut
1327 2279 1890 2346 examinatoribus
1930 2277 2014 2345 ab
2054 2300 2125 2344 eo
2175 2277 2505 2367 deputatis

193 2402 489 2447 examen
535 2381 690 2471 fiat,
735 2374 1125 2473 (multoque)
1175 2382 1262 2474 (2)
1303 2384 1529 2450 minus
1565 2381 1855 2472 eliqendi
1895 2383 2111 2473 maqis
2163 2381 2498 2462 idoneum,

201 2497 328 2553 aut
377 2486 638 2556 litteras
683 2489 1155 2557 testimoniales
1179 2489 1258 2558 de
1300 2514 1372 2558 eo
1415 2487 1748 2559 scribendi
1763 2511 1793 2573 ,·
1825 2487 1945 2556 'sed
1963 2488 2101 2557 lzoec
2123 2487 2382 2568 omnia,
2428 2500 2505 2555 ut

197 2615 417 2682 supra
449 2593 700 2662 dictum
743 2606 862 2676 est,
901 2608 1256 2687 exequetur
1287 2597 1551 2688 partim
1579 2594 1874 2686 synodus
1917 2595 2304 2677 dioecesana,
2336 2619 2506 2686 par-

202 2698 338 2764 tim
381 2699 700 2784 vicarius,
742 2698 889 2767 sede
915 2713 1219 2784 vacante,
1255 2701 1682 2788 constitutus,
1714 2724 1905 2791 quem
1943 2702 2318 2789 capitulum
2359 2697 2502 2765 om-

199 2803 373 2870 nino
408 2803 511 2893 (ut
532 2828 737 2895 supra
775 2830 1030 2897 quoque
1072 2809 1142 2874 in
1173 2809 1514 2898 principio
1546 2808 1926 2895 injunctum
1968 2805 2086 2894 est)
2116 2808 2505 2874 constituere

203 2906 498 2992 debebit,
542 2934 623 2977 ex
650 2910 827 2979 dicto
864 2913 1080 3002 capite
1113 2913 1194 2979 16
1221 2912 1336 3003 (3).

293 3032 729 3102 DuodecimO.
763 3028 974 3104 Multo
1004 3037 1219 3126 maqis
1263 3034 1438 3123 idem
1482 3035 1852 3125 capitulum
1900 3035 2225 3102 abstineat
2266 3059 2308 3102 a
2349 3059 2503 3102 con·

200 3139 490 3230 ferendo
501 3142 974 3231 parochialem
1002 3142 1072 3209 in
1105 3140 1565 3209 commendam
1597 3142 2027 3231 temporalem
2050 3141 2111 3207 ei
2136 3141 2253 3230 qui
2290 3142 2505 3230 maqis

198 3245 488 3313 idoneus
510 3249 730 3337 fuerit
743 3248 1095 3337 judicatus
1114 3269 1144 3330 ,·
1164 3247 1580 3337 maximeque
1602 3247 1812 3313 etiam
1842 3258 2069 3313 caveat
2091 3269 2172 3312 ne
2195 3237 2503 3312 concedat

197 3375 442 3420 omnes
468 3356 726 3442 fructus
766 3353 976 3442 ipsius
1009 3353 1428 3443 parochialis
1469 3351 1702 3434 eidem,
1737 3351 1921 3420 dicta
1961 3351 2343 3420 commenda
2386 3351 2508 3419 du·

195 3471 408 3526 rante
438 3478 467 3540 ;
493 3457 809 3546 quoniam
838 3460 1193 3526 concilium
1232 3459 1369 3527 lzoec
1397 3458 1627 3526 omnia
1652 3457 2040 3549 probibuit,
2075 3456 2235 3524 dum
2263 3459 2505 3526 statuit

196 3564 442 3632 debere
456 3563 893 3653 Episcopum,
910 3565 1138 3630 statim
1157 3565 1648 3653 liabitdnotitia
1666 3564 2037 3632 vacationis
2049 3565 2497 3654 parochialis,

192 3670 526 3739 idoneum
559 3669 629 3735 in
667 3691 742 3735 ea
771 3669 1091 3736 vicarium
1119 3692 1269 3736 cum
1293 3693 1589 3760 conqrua
1617 3673 1959 3762 fructuum
1980 3671 2294 3761 portione
2316 3693 2503 3738 cons-

197 3779 460 3844 tituere
475 3794 506 3857 ;
543 3772 723 3864 quod
740 3797 981 3842 munus
1013 3778 1115 3864 (ut
1139 3798 1348 3866 supra
1383 3799 1636 3866 quoque
1663 3775 1916 3843 dictum
1945 3776 2062 3865 est)
2091 3776 2303 3845 obibit
2330 3800 2503 3867 prce-

201 3886 334 3953 cise
363 3881 685 3968 vicarius,
716 3880 862 3949 sede
889 3894 1191 3975 vacante,
1225 3883 1607 3973 deputatus.

268 4132 339 4193 (1)
378 4131 572 4192 Nempe
596 4132 816 4181 secunda
845 4145 905 4182 ex
932 4131 1120 4196 regulis
1155 4131 1493 4192 cancellariae,
1520 4143 1632 4194 quae
1658 4131 1742 4181 hic
1769 4133 1935 4193 vigere
1955 4135 2328 4193 supponuntur,
2354 4132 2506 4182 colla·

205 4216 410 4265 tionem
433 4209 792 4261 beneficiorum
813 4215 1122 4272 vacantium,
1147 4217 1358 4264 vacante
1378 4212 1516 4274 sede,
1538 4216 1760 4262 reservat
1778 4211 1988 4262 Summo
2008 4210 2253 4263 Pontifici,

273 4293 342 4353 (2)
369 4291 519 4339 Deest
545 4290 835 4356 multoque;
862 4294 953 4343 sed
985 4294 1188 4345 videtur
1218 4294 1304 4343 illa
1331 4305 1430 4342 vox
1458 4293 1754 4356 supplenda.

267 4372 336 4431 (3)
367 4368 562 4432 Nempe
581 4372 817 4421 sessionis
839 4373 895 4422 24
918 4374 1115 4424 concilii
1132 4373 1429 4424 Tridentini.
