2930 4982
337 358 371 411 '2
383 359 415 413 Ξ
428 360 463 411 4
1306 360 1649 407 ‘mactmus

336 511 371 553 «
402 487 671 555 mobilia
693 485 1092 576 privatorum
1118 481 1635 575 praescribuntur
1657 481 1793 549 solo
1817 480 2023 571 spatio
2043 477 2266 546 decem
2289 499 2617 549 annorum

338 617 373 658 «
402 594 571 662 inter
597 598 962 684 praesenteS‚
996 599 1059 660 et
1084 589 1320 679 viginti
1349 590 1519 657 inter
1546 589 1838 656 absentes
1864 587 2061 678 (textu
2090 606 2387 676 expresso
2417 587 2490 653 in
2515 587 2557 677 ἓ,
2581 589 2610 655 1

341 726 374 765 «
402 702 902 783 Institutorum‚
948 697 1028 766 de
1071 695 1631 788 usucapionibus).
1660 695 1828 764 Sine
1867 694 2004 761 ullo
2047 698 2265 760 autem
2310 715 2388 761 ex
2430 693 2622 765 dictis

339 835 375 875 «
403 808 610 876 titulis
636 808 789 875 talia
816 807 987 873 bona
1013 826 1147 871 non
1189 796 1704 893 praescribuntur
1732 802 1857 869 nisi
1885 801 2091 891 spatio
2114 799 2383 888 triginta
2406 820 2621 870 anno-

340 939 375 978 «
403 906 554 981 rum
573 913 770 1003 (Lege
794 912 979 980 Sicut
1000 911 1071 977 in
1092 933 1258 989 rem,
1283 908 1440 978 Cod.
1455 960 1474 992 ,
1495 912 1590 976 De
1603 904 2264 999 praescriptionibus).
2284 905 2618 989 Secundo,

340 1045 374 1085 «
402 1018 762 1107 requiritur
788 1017 1044 1103 titulus,
1075 1017 1335 1106 quando
1356 1019 1468 1107 jus
1499 1037 1851 1085 commune
1886 1013 2122 1081 resistit
2150 1008 2620 1103 praescribenti,

338 1148 374 1189 «
401 1123 502 1190 vel
529 1124 686 1191 alias
712 1123 988 1191 habetur
1015 1123 1442 1215 praesumptio
1475 1129 1699 1190 contra
1737 1122 1990 1211 ipsum;
2032 1124 2205 1186 textu
2234 1140 2529 1210 expresso
2552 1120 2622 1187 in

340 1255 375 1295 «
404 1232 611 1320 capite
641 1233 704 1316 1,
738 1234 833 1298 De
854 1228 1493 1321 praescriptionibuS‚
1529 1229 1598 1294 in
1629 1238 1839 1313 sexto,
1869 1225 1963 1294 ibi
1991 1249 2007 1292 ε
2042 1225 2227 1293 Licet
2254 1225 2317 1292 ei
2343 1226 2621 1316 quirem

338 1362 371 1401 «
387 1336 767 1427 praescribit
789 1335 1320 1414 ecclesiasticam,
1359 1334 1421 1401 si
1446 1332 1577 1400 sibi
1599 1355 1736 1400 non
1762 1343 1857 1400 est
1884 1332 2293 1399 contrarium
2301 1331 2421 1421 jus
2443 1354 2619 1400 com-

338 1467 375 1508 «
400 1465 622 1528 mune,
661 1442 769 1510 vel
813 1452 1047 1509 contra
1088 1464 1240 1509 eum
1272 1439 1719 1532 praesumptio
1763 1461 1899 1507 non
1944 1437 2293 1524 habeatur,
2332 1439 2622 1530 sufficiat

338 1574 374 1615 «
404 1548 576 1617 bona
611 1546 777 1637 fides
790 1568 821 1631 ;
862 1547 980 1614 ubi
1014 1558 1240 1615 tamen
1278 1558 1373 1614 est
1416 1546 1479 1614 ei
1503 1548 1623 1637 jus
1663 1566 2007 1613 commune
2046 1545 2477 1630 contrarium,
2514 1545 2625 1613 vel

340 1679 374 1717 «
401 1653 688 1720 babetur
709 1653 1153 1744 praesumptio
1194 1662 1429 1719 eontra
1471 1652 1718 1742 ipsum,
1761 1650 1934 1718 bona
1971 1650 2138 1741 fides
2177 1672 2312 1718 non
2348 1651 2615 1740 sufficit,

340 1759 514 1828 «sed
559 1770 653 1828 est
698 1759 1095 1828 necessarius
1147 1759 1390 1825 titulus
1412 1810 1433 1838 ‚
1484 1758 1603 1847 qui
1639 1757 2003 1848 possessori
2050 1779 2323 1824 causam
2369 1755 2621 1824 tribuat

338 1890 374 1930 α
395 1865 869 1955 praescribendi
878 1885 909 1948 ;
925 1865 1058 1931 nisi
1080 1864 1261 1931 tanti
1287 1864 1602 1954 temporis
1621 1863 1697 1931 al
1699 1863 1727 1929 l
1728 1874 1956 1953 eqetur
1961 1862 2412 1954 praescriptio,
2438 1863 2623 1952 cujus

338 1996 374 2036 «
403 1971 726 2038 contrarii
754 1971 1080 2038 memoria
1106 1992 1241 2037 non
1268 1971 1536 2038 eoeistat.
1571 1969 1721 2054 Ubi,
1758 1974 1833 2038 ut
1863 1970 2068 2051 vides,
2103 1975 2278 2037 extra
2306 1969 2425 2037 hos
2460 1971 2621 2040 duos

340 2101 374 2141 «
403 2099 586 2146 casus
616 2078 854 2145 sufficit
881 2079 962 2145 ad
986 2077 1538 2169 praescriptionem
1573 2078 1744 2145 bona
1765 2077 1948 2158 fides,
1977 2077 2173 2145 etiam
2196 2078 2336 2145 siue
2359 2076 2620 2167 speciali

338 2209 372 2248 «
401 2184 612 2250 titulo.
639 2183 722 2251 Et
749 2184 1092 2252 concordat
1118 2189 1323 2252 textus
1347 2185 1416 2250 in
1438 2183 1756 2273 capitibus
1776 2184 1842 2267 4,
1871 2181 1914 2249 9
1935 2182 2132 2265 6120,
2162 2186 2257 2251 De
2265 2183 2620 2274 proescrip-

339 2315 375 2355 «
404 2290 719 2375 tionibus,
752 2290 869 2358 ubi
900 2290 1082 2357 nulla
1116 2312 1385 2381 prorsus
1418 2291 1493 2357 fit
1523 2291 1768 2357 mentio
1802 2290 1884 2357 de
1909 2290 2123 2377 titulo,
2151 2296 2484 2373 ettamen,
2520 2291 2617 2356 in-

340 2420 374 2460 «
403 2397 798 2463 terveniente
827 2397 998 2464 bona
1027 2397 1154 2464 fide
1173 2448 1193 2482 ,
1242 2403 1305 2464 et
1342 2399 1741 2486 possessione
1766 2396 2061 2486 legitimo
2101 2403 2389 2488 tempore
2421 2396 2623 2465 conti·

340 2526 374 2565 «
402 2506 624 2588 nuata‚
651 2502 1015 2569 admittitur
1043 2504 1464 2593 praescriptio,
1495 2529 1528 2567 »

420 2603 711 2671 Tandem
763 2608 1336 2675 commemoranda
1384 2608 1582 2675 etiam
1628 2612 1723 2675 est
1766 2608 2238 2678 nonnullorum
2278 2608 2618 2676 doctorum

332 2710 672 2797 sententia,
700 2710 780 2778 de
808 2732 1002 2779 sensu
1030 2713 1377 2781 citatorum
1402 2715 1748 2783 verborum
1780 2714 2026 2806 (capitis
2058 2716 2122 2799 1,
2155 2719 2251 2783 De
2270 2713 2616 2806 praescrip·

336 2815 649 2897 tionibus,
684 2818 752 2884 in
781 2816 846 2908 6)
895 2842 913 2887 t
945 2819 1062 2886 ubi
1092 2831 1317 2889 tamen
1343 2834 1439 2889 est
1477 2821 1539 2889 ei
1548 2821 1666 2912 jus
1696 2843 2040 2890 commune
2066 2815 2503 2890 contrarium.
2530 2818 2621 2888 De

331 2944 463 3011 quo
499 2924 592 2992 sic
612 2930 790 2992 notat
810 2924 1227 2994 Reiffenstuel
1249 2926 1351 3018 (ad
1374 2928 1642 2996 titulum
1668 2948 1858 3011 xxm,
1890 2928 2044 2995 libri
2083 2950 2130 2996 11
2170 2925 2616 3012 decretalium,

333 3050 402 3096 n.
442 3029 591 3119 147)
629 3053 646 3097 :
682 3055 717 3096 «
752 3030 1095 3115 Caeterum,
1130 3034 1352 3101 subdit
1379 3035 1555 3102 idem
1592 3040 1818 3102 auctor
1860 3032 2331 3124 (Covarruvias)
2356 3084 2376 3113 ,
2420 3038 2619 3101 textus

342 3137 474 3203 «in
517 3138 722 3228 capite
754 3140 817 3221 1,
853 3141 948 3205 De
968 3140 1618 3231 praescriptionibus‚
1668 3141 1741 3208 in
1784 3150 2003 3219 serto,
2046 3139 2336 3230 procedit
2362 3135 2620 3228 quando

342 3262 377 3303 «
396 3242 508 3328 Jus
537 3263 885 3310 commune
904 3242 1174 3333 fortiter
1203 3245 1453 3312 resistit
1489 3244 1961 3334 praescribenti,
1991 3244 2401 3312 attribuendo
2433 3241 2619 3310 vide-

340 3367 377 3407 «
402 3343 553 3411 licet
574 3346 756 3412 alteri
783 3346 981 3415 talem
1013 3371 1188 3433 rem3
1219 3356 1413 3439 prout
1438 3350 1735 3436 decimae,
1767 3347 1845 3416 de
1866 3348 2107 3439 quibus
2134 3348 2381 3418 ibidem
2409 3367 2619 3417 sermo

342 3473 377 3514 κ
404 3454 520 3531 est,
547 3450 993 3518 attribuuntur
1017 3455 1324 3543 parocho,
1352 3478 1387 3519 »

421 3554 538 3623 His
566 3556 740 3623 circa
766 3556 1030 3625 titulum
1058 3561 1449 3650 praenotatis,
1479 3560 1808 3629 dicimus:
2255 3613 2259 3618 .

428 3660 492 3728 1⁰
519 3660 819 3751 Episcopi
837 3661 1074 3731 'Galliae
1102 3665 1369 3733 titulum
1399 3687 1534 3732 non
1557 3665 1799 3733 habent
1824 3665 1905 3733 ad
1933 3666 2240 3735 tuendam
2263 3688 2453 3735 suam
2480 3687 2617 3757 pos·

332 3766 680 3835 sessionem
704 3768 1077 3839 conferendi
1098 3777 1397 3841 vacantes
1421 3773 1837 3841 canonicatus
1863 3773 2106 3862 absque
2129 3773 2397 3865 capituli
2427 3774 2617 3841 inter-

331 3867 556 3940 ventu.
597 3874 765 3942 Nam
795 3875 874 3960 de
903 3878 1057 3966 jure
1100 3879 1441 3945 communi
1479 3879 1849 3947 facultatem
1878 3899 2010 3946 non
2040 3879 2284 3946 habent
2309 3878 2616 3946 beneficia

333 3974 446 4042 illa
470 3978 842 4046 conferendi
866 3983 993 4049 nisi
1018 3981 1219 4049 simul
1238 4005 1391 4050 cum
1416 3984 1726 4073 capitulo,
1751 3989 1944 4075 prout
1959 4006 2154 4075 supra
2171 3984 2608 4076 probavimus,

333 4080 610 4149 Proinde
638 4085 777 4151 sine
806 4085 1059 4156 indulto
1088 4088 1451 4174 Pontificio,
1485 4096 1597 4158 aut
1638 4092 1921 4160 cessione
1963 4114 2037 4159 ex
2079 4098 2258 4183 parte
2305 4090 2614 4182 capitulo-

332 4183 508 4269 rum,
540 4187 649 4274 jus
677 4190 1080 4261 exclusivum
1112 4197 1472 4265 collationis
1495 4198 1829 4288 acquirere
1857 4220 1987 4267 non
2012 4205 2386 4290 potuerunt.
2422 4196 2612 4266 Porro

329 4291 651 4381 ejusmodi
676 4291 857 4361 Sedis
881 4295 1265 4386 Apostolicae
1289 4303 1624 4371 indultum
1650 4305 1807 4394 ipsis
1832 4303 2105 4394 quidem
2121 4323 2501 4373 concessum
2524 4305 2612 4369 est

333 4417 504 4466 anno
538 4398 735 4489 1802,
781 4401 888 4469 sed
922 4424 1048 4502 pro
1077 4405 1314 4495 prima
1355 4409 1492 4478 vice
1530 4414 1811 4479 tantum.
1851 4410 2002 4480 Post
2038 4412 2357 4502 expletam
2401 4415 2605 4479 autem
