2930 4982
1085 378 1161 423 ns
1202 377 1527 424 carneus.
2334 370 2456 429 209

287 526 315 564 «
343 501 626 583 Quartus
646 498 911 566 effectus
929 504 1049 585 est,
1070 499 1246 589 quod
1265 500 1514 588 quoties
1532 498 1884 590 Episcopus
1901 501 2038 570 sive
2063 501 2457 592 capitulum,

220 610 496 695 «propter
532 604 794 695 aliquod
821 606 1365 696 impedimentum
1396 606 1620 695 (veluti
1643 612 1903 696 propter
1926 614 2461 682 excommunica·

218 712 503 789 «tionem,
529 712 970 795 interdictum,
996 733 1109 780 seu
1134 710 1551 801 absentiam),
1576 732 1710 778 non
1730 719 1996 801 possunt
2019 721 2239 785 actum
2263 717 2460 787 colla·

214 816 429 884 «tionis
452 815 727 906 explere.
742 866 756 882 .
772 868 788 885 .
813 821 969 885 tunc
998 818 1067 884 in
1093 817 1397 885 omnibus
1417 817 1751 908 praedictis
1771 817 2023 887 casibus
2046 820 2306 891 alterius
2324 844 2459 894 non

216 922 539 1012 «impediti
588 923 723 991 sola
763 924 1017 991 collatio
1060 925 1494 991 sustinetur...
1532 922 1611 991 Et
1640 923 1711 990 in
1747 945 2146 1014 unoquoque
2186 949 2262 995 ex
2299 951 2461 1019 prae·

211 1053 237 1093 «
263 1027 432 1096 dietis
480 1029 758 1113 casibus,
800 1035 934 1097 tam
974 1028 1362 1119 Episcopus,
1394 1049 1596 1119 quam
1634 1029 2027 1120 capitulum,
2066 1051 2200 1100 non
2244 1034 2463 1102 conte·

213 1159 238 1200 ι(
255 1141 387 1202 runt
407 1136 563 1224 jure
581 1135 905 1220 devoluto,
934 1136 1043 1204 sed
1063 1137 1092 1225 j
1104 1158 1218 1203 ure
1240 1135 1528 1225 proprio.

278 1267 306 1306 «
338 1242 628 1325 Quintus
649 1243 909 1311 effectus
932 1247 1050 1329 est,
1081 1242 1255 1331 quod
1280 1243 1479 1309 etiam
1504 1248 1759 1311 mortuo
1783 1242 2127 1336 Episcopo,
2157 1250 2221 1313 et
2244 1254 2465 1318 secuta

207 1348 536 1436 «interim,
557 1355 703 1417 ante
723 1352 1194 1440 promotionem
1212 1348 1519 1439 Episcopi
1559 1352 1974 1434 successoris,
1996 1353 2331 1421 vacatione
2355 1376 2465 1423 ca·

207 1477 234 1517 «
255 1458 583 1525 nonicatus
614 1457 1017 1553 simultaneae
1049 1454 1434 1537 collationiS,
1469 1453 1552 1521 ad
1580 1455 1949 1547 capitulum
1980 1455 2199 1524 solum
2230 1466 2472 1549 spectat

206 1583 235 1624 «
257 1561 529 1642 collati03
575 1584 651 1629 ex
696 1584 826 1651 quo
873 1561 1114 1629 attendi
1160 1558 1346 1627 debet
1390 1565 1648 1649 tempus
1690 1566 1926 1630 secutae
1970 1562 2348 1646 vacationis,
2400 1564 2473 1632 in

207 1689 236 1728 «
254 1688 368 1755 quo
406 1667 731 1736 nimirum
776 1673 987 1735 totum
1023 1670 1136 1756 jus
1182 1665 1555 1734 conferendi
1602 1666 2078 1736 consolidatum
2141 1666 2349 1735 suerat
2398 1668 2472 1735 in

203 1774 468 1841 «eodem
496 1773 782 1864 capitulo
812 1794 930 1862 per
952 1772 1204 1838 obitum
1225 1769 1552 1861 Episcopi.

276 1885 575 1951 «Sextus
602 1881 862 1949 effectus
897 1887 1020 1965 est,
1053 1878 1239 1966 quod,
1269 1877 1417 1945 licet
1454 1899 1717 1945 sacrum
1755 1878 2111 1946 concilium
2137 1877 2472 1949 Tridenti-

200 2011 227 2052 «
250 2009 404 2056 num
428 1987 608 2079 (sess,
635 1987 748 2070 24,
776 2008 836 2054 c.
864 1985 906 2053 8
927 1989 1021 2052 De
1040 1982 1193 2073 ref.)
1210 1983 1503 2050 statuerit
1523 1983 1902 2051 electionem
1921 1986 2004 2052 ad
2017 1986 2477 2054 canonicatum

199 2117 228 2155 «
249 2094 737 2182 poenitentiariae
787 2093 867 2159 ad
924 2091 1135 2159 solum
1172 2087 1574 2178 Episcopum
1623 2094 1935 2178 spectare,
1977 2096 2284 2174 attamen,
2331 2090 2472 2158 si...

194 2223 222 2261 «
249 2200 414 2269 facta
436 2200 631 2266 fuerit
650 2198 887 2266 erectio
916 2197 1336 2265 canonicatus
1371 2194 1840 2282 poenitentiarii
1867 2193 1948 2258 de
1967 2195 2318 2281 praebenda
2336 2216 2484 2281 quae

191 2324 220 2370 «
248 2308 334 2373 ad
360 2305 772 2391 collationem
795 2302 1100 2390 Episcopi
1124 2297 1535 2386 conjunctim
1572 2318 1725 2364 cum
1769 2297 2053 2387 capitulo
2089 2296 2477 2388 pertinebat,

188 2438 219 2476 «
247 2408 744 2502 praescindendo
781 2429 819 2475 a
858 2407 1030 2475 dicta
1066 2405 1402 2490 electione,
1443 2409 1624 2471 actus
1658 2402 2019 2472 collationis
2051 2410 2345 2496 spectans
2396 2405 2480 2475 ad

191 2544 223 2584 «
246 2516 613 2608 capitulum
637 2519 1057 2606 praeservatus
1080 2517 1379 2581 censetur
1392 2538 1411 2599 ;
1438 2512 1525 2579 ita
1546 2516 1621 2580 ut
1639 2513 1841 2601 possit
1860 2512 2036 2580 idem
2062 2512 2480 2603 praebendam

197 2649 227 2687 «
254 2624 547 2692 conferre
588 2642 876 2712 personae
899 2621 982 2688 ab
1010 2619 1331 2709 Episcopo
1359 2618 1733 2708 praeelectae,
1779 2625 1853 2685 ut
1897 2618 2248 2687 declaravit
2280 2621 2480 2689 etiam

196 2754 226 2792 «
251 2750 428 2797 sacra
470 2727 897 2817 Congregatio
933 2724 1279 2794 concilii...
1328 2749 1365 2789 »
1402 2722 1934 2815 (Scarfantonius,
1977 2729 2027 2789 t.
2080 2723 2135 2808 l,
2168 2745 2317 2813 pag.
2371 2725 2480 2811 12,

201 2860 228 2898 ιι
252 2837 447 2903 editio
467 2834 686 2916 Lucae,
720 2831 945 2919 1723.)
1550 2854 1556 2861 ·

1266 3004 1386 3081 §8

199 3188 259 3228 m:
277 3188 571 3229 CONCORDIA
594 3184 747 3225 INITA
774 3147 1070 3223 EPISCOPUM
1098 3177 1259 3217 INTER
1280 3176 1347 3214 ET
1372 3171 1673 3214 CAPITULUM
1715 3174 1813 3212 PRO
1835 3167 2114 3214 EXERCITIO
2140 3171 2482 3218 COLLATIONIS

601 3279 976 3331 smUL'rANEAE,
1017 3277 1083 3317 m·
1121 3276 1188 3314 DE
1216 3271 1539 3312 EFFECTIBUS
1556 3272 1695 3311 ‘INDE
1733 3271 2063 3312 FLUENTIBUS

288 3472 455 3563 Saepe
494 3428 903 3540 concordiam
949 3463 1115 3531 inire
1150 3459 1356 3528 solent
1398 3456 1701 3548 Episcopi
1747 3479 1906 3525 cum
1960 3458 2260 3547 capitulis
2310 3460 2473 3543 suis,

211 3598 313 3665 per
331 3600 525 3668 quam
550 3575 864 3644 dividitur
908 3591 1023 3659 per
1074 3578 1376 3643 turnum,
1420 3568 1496 3630 ut
1535 3564 1743 3645 aiunt,
1786 3564 1855 3630 id
1892 3567 2011 3644 est,
2043 3583 2160 3652 per
2201 3562 2479 3630 alternas

212 3681 385 3765 viceS,
408 3680 789 3752 exercitium
814 3673 985 3763 juris
1008 3666 1401 3736 conterendi.
1429 3703 1433 3710 »

294 3814 326 3854 «
353 3787 525 3857 Talis
542 3784 776 3854 divisio
800 3774 1159 3847 collationis
1184 3770 1328 3837 fieri
1355 3768 1581 3854 nequit
1609 3766 1734 3832 nisi
1757 3766 1839 3832 de
1863 3785 2181 3833 consensu
2212 3768 2476 3860 capituli

223 3916 252 3955 α
276 3895 462 3963 simul
486 3900 550 3962 et
572 3890 911 3983 Episcopi3
944 3885 1033 3952 ita
1051 3887 1149 3967 ut,
1175 3878 1374 3946 altero
1399 3894 1475 3942 ex
1499 3873 1591 3941 eis
1613 3871 1994 3954 reluctante,
2023 3894 2155 3942 non
2177 3877 2377 3970 possit
2394 3879 2475 3968 ad

224 4022 252 4061 α
280 4000 659 4069 divisionem
709 3993 1086 4087 praedictam
1132 3984 1447 4066 deveniri,
1504 4003 1639 4049 non
1689 3979 1982 4049 obstante
2029 3981 2251 4067 regula
2301 3986 2479 4075 quod

226 4128 454 4174 «nemo
490 4107 562 4174 in
600 4103 912 4172 societate
956 4095 1206 4165 invitus
1242 4111 1639 4183 permanere
1686 4098 2077 4182 coqatur...;
2119 4095 2190 4155 ut
2233 4095 2474 4182 optime

227 4233 254 4271 α
277 4210 570 4280 discussis
611 4209 952 4295 utriusque
989 4201 1317 4293 opinionis
1355 4191 1797 4294 fundamentis
1833 4193 2159 4283 respondit
2197 4196 2353 4267 Rota
2380 4198 2476 4284 (in

227 4316 660 4410 «Hispalensi,
703 4316 744 4382 4
771 4312 925 4404 julii
960 4306 1180 4395 1700).
1228 4329 1261 4368 >³
1306 4298 1832 4396 (Scarfantonius,
1883 4320 2031 4388 pag.
2085 4300 2192 4376 13,
2247 4323 2315 4367 n.
2361 4296 2474 4366 42,

224 4424 359 4491 tom.
388 4423 441 4510 l,
471 4426 626 4494 edit.
656 4423 873 4501 Lucae,
910 4413 1135 4500 1723.)
1205 4513 1221 4520 „

2172 4515 2238 4559 14
