2930 4982
1156 347 1238 393 DB
1283 346 1590 395 cunnus
1599 378 1613 392 .
2411 342 2446 396 2
2455 348 2490 399 9
2501 343 2534 398 3

244 462 538 555 amplius
576 472 816 528 cantus
842 484 1054 552 quam
1075 486 1177 532 res
1200 486 1348 554 quae
1367 476 1682 532 cantatur
1720 479 2003 551 moveat,
2025 468 2405 557 poenaliter
2433 492 2537 538 me

234 590 504 663 peccare
556 569 897 659 confiteor,
952 580 1018 636 et
1090 581 1250 639 tune
1296 569 1576 638 mallem
1624 592 1761 639 non
1818 571 2056 642 audire
2111 585 2524 644 cantantem.

244 677 578 770 (Confess,
608 676 653 743 l.
682 676 774 766 x.)
803 675 991 745 Unde
1013 678 1228 768 prima
1256 684 1491 748 cantus
1516 678 1928 748 ecclesiastici
1948 681 2174 770 regula
2199 703 2334 752 esse
2366 706 2533 756 cen-

242 784 435 854 senda
480 787 576 851 est
605 783 906 851 distincta
940 784 1295 854 verborum
1323 786 1395 853 in
1423 783 1718 854 canendo
1751 787 2232 875 pronuntiatio;
2284 812 2429 880 quae
2473 792 2529 859 si

242 890 517 969 deficiat,
544 889 767 958 anima
786 892 976 981 quasi
1000 913 1116 960 sua
1137 899 1361 961 cantus
1388 891 1863 961 ecclesiasticus
1887 890 2280 979 destituitur,
2305 900 2533 964 utnon

244 1001 567 1067 remaneat
612 998 741 1065 nisi
784 998 1111 1087 quoddam
1165 998 1459 1068 inanime
1488 999 1591 1068 sui
1621 997 1830 1090 ipsius
1869 998 2332 1069 accessorium.
2361 1000 2532 1072 Hinc

236 1085 418 1174 illam
463 1103 844 1172 distinctam
871 1103 1471 1193 pronuntiationem
1515 1126 1668 1173 cum
1700 1105 2063 1173 reverentia
2099 1109 2162 1172 et
2197 1105 2534 1176 devotione

240 1213 733 1298 observandam,
806 1229 1100 1300 expresse
1171 1211 1587 1280 commendat
1637 1210 2104 1280 Tridentinum
2172 1212 2349 1303 (sess.
2413 1211 2528 1297 24,

239 1342 289 1388 c.
325 1321 476 1410 12):
503 1315 1012 1407 Compellantur
1033 1314 1110 1383 in
1125 1315 1321 1384 clzoro
1344 1316 1439 1385 ad
1445 1316 1880 1407 psallendum
1899 1317 2536 1408 instituto‚lzymnz's

238 1438 297 1493 et
323 1425 612 1493 canticis
639 1424 765 1491 Dei
792 1446 1036 1491 nomen
1060 1437 1448 1508 reverenter,
1490 1424 1812 1510 distincte
1843 1423 2195 1514 devoteque
2227 1424 2525 1495 laudare.

237 1531 393 1600 Item
445 1529 811 1599 concilium
859 1528 1338 1598 Mediolanense
1397 1530 1430 1596 I
1475 1529 1598 1598 sub
1666 1535 1884 1597 sancto
1939 1528 2169 1597 Carolo
2218 1528 2406 1619 (part.
2459 1532 2527 1612 2,

239 1661 294 1707 c.
342 1636 449 1725 31)
489 1661 505 1705 ε
544 1638 801 1705 Cantus
841 1635 980 1703 sint
1009 1635 1121 1726 pii
1163 1658 1241 1703 ac
1291 1634 1615 1720 distincti,
1661 1648 1726 1704 et
1763 1631 1996 1708 domui
2040 1634 2163 1702 Dei
2204 1646 2271 1704 et
2295 1633 2535 1704 divinis

240 1742 553 1812 laudibus
589 1741 1104 1822 accommodati,
1143 1755 1222 1811 ut
1254 1742 1464 1811 simul
1493 1754 1559 1810 et
1594 1741 1790 1809 verba
1816 1727 2324 1832 intelliqantur,
2355 1754 2419 1811 et
2444 1741 2540 1811 ad

233 1849 554 1941 pietatem
617 1848 956 1917 auditores
1016 1848 1417 1917 excitentur.
1480 1848 1639 1918 Item
1703 1848 1990 1937 synodus
2055 1848 2530 1920 Cameracensis

235 1955 428 2025 relata
453 1979 491 2024 a
528 1955 939 2046 Vanespenio
970 1952 1109 2045 (Jus
1133 1953 1345 2038 Eccl.,
1376 1978 1445 2044 p.
1481 1954 1551 2038 2,
1584 1954 1684 2022 tit.
1719 1954 1788 2039 5,
1817 1978 1888 2025 n.
1930 1955 2043 2046 27)
2070 1979 2087 2023 ε
2117 1957 2204 2023 In
2227 1956 2528 2046 symbolo

236 2062 569 2130 cantando
581 2063 817 2153 placet
853 2084 974 2130 nec
1004 2083 1336 2153 orqanum
1372 2083 1490 2129 nec
1519 2060 1848 2128 musicam
1895 2060 2227 2149 adhiberi,
2271 2062 2411 2130 nisi
2441 2062 2533 2130 sit

233 2168 518 2259 simplex
560 2190 639 2236 ao
700 2166 859 2235 talis
913 2178 993 2236 ut
1047 2167 1328 2258 sinqula
1372 2166 1575 2234 verba
1628 2165 1776 2233 sine
1828 2167 2222 2255 repetitione
2264 2167 2531 2258 possint

233 2273 561 2362 intelliqi.
615 2272 929 2341 Censebat
976 2273 1214 2364 pariter
1243 2279 1505 2341 sanctus
1531 2271 1903 2339 Bernardus
1926 2292 2061 2339 non
2089 2294 2370 2362 parvum
2397 2291 2532 2341 esse

231 2379 728 2466 detrimentum,
766 2379 820 2445 si
851 2379 932 2447 ad
959 2399 1150 2447 sonos
1190 2378 1580 2465 attendatur,
1625 2383 1695 2457 et¹
1718 2398 1850 2446 non
1895 2377 1978 2445 ad
2010 2398 2275 2446 sensum
2316 2402 2332 2445 z
2365 2380 2517 2450 Non

233 2498 325 2553 est
370 2484 532 2554 levis
555 2485 839 2577 jactura
877 2483 1123 2576 qratioe
1163 2483 1552 2576 spiritualis
1600 2483 1875 2553 levitate
1918 2495 2154 2553 cantus
2196 2482 2441 2552 abduci
2484 2507 2527 2551 a

237 2594 459 2660 Saoroe
498 2594 877 2684 Scripturoe
914 2615 1230 2661 sensuum
1260 2592 1585 2689 utilitate,
1625 2603 1691 2660 et
1713 2592 1879 2682 plus
1904 2590 2268 2661 sinuandis
2300 2591 2521 2659 inten-

234 2700 379 2770 dere
418 2702 707 2787 vooibus‘,
747 2725 955 2793 quam
990 2699 1430 2770 insinuandis
1470 2700 1658 2769 rebus
1689 2700 1892 2791 (apud
1920 2697 2222 2782 Sarnelli,
2260 2700 2517 2766 Lettere

229 2808 736 2895 ecclesiasticae,
776 2813 938 2878 tom.
974 2809 1027 2896 l,
1047 2810 1274 2877 lettera
1304 2806 1397 2899 9).
1426 2805 1766 2888 Quomodo
1796 2811 2016 2874 autem
2042 2803 2405 2872 attendetur
2440 2804 2523 2870 ad

229 2934 530 2996 sensum,
554 2914 609 2979 si
642 2913 780 3002 ipsa
810 2916 1009 2982 verba
1034 2915 1334 2983 distincte
1365 2935 1498 2981 non
1524 2912 2012 3004 percipiantur?
2040 2909 2163 2979 Cui
2190 2927 2530 2976 commen-

234 3018 480 3090 dationi
509 3039 710 3088 nemo
735 3039 868 3086 non
889 3019 1067 3088 videt
1091 3040 1294 3108 quarn
1321 3017 1724 3086 contrarium
1750 3018 1857 3096 sit,
1888 3015 2064 3105 quod
2092 3018 2382 3084 cantores
2404 3014 2513 3083 vix

236 3125 410 3194 aliud
432 3145 662 3193 curare
685 3124 1031 3193 videantur
1048 3145 1247 3214 quam
1271 3127 1345 3190 ut
1365 3123 1699 3211 ingentem
1719 3142 1794 3189 ex
1810 3125 2065 3212 pectore
2088 3119 2412 3210 fragorem
2439 3120 2525 3188 ita

236 3235 547 3312 eructent,
579 3235 652 3299 ut
676 3235 952 3321 nequeat
976 3231 1247 3299 audiens
1271 3230 1468 3298 verba
1492 3229 1884 3297 discernere.

323 3338 389 3404 2⁰
428 3337 599 3406 Cum
638 3338 782 3406 ideo
823 3337 905 3405 ab
930 3336 1215 3405 Ecclesia
1263 3336 1597 3405 institutus
1623 3335 1919 3404 videatur
1961 3339 2214 3420 cantuS,
2263 3338 2338 3400 ut
2371 3334 2520 3401 uni-

234 3464 413 3512 versa
446 3445 722 3534 ipsamet
748 3443 1041 3511 fidelium
1066 3442 1451 3512 coadunatio
1482 3442 1708 3511 laudes
1738 3441 1858 3509 Dei
1895 3441 2184 3510 canendo
2212 3438 2516 3521 celebret,

235 3550 505 3619 omnino
533 3550 696 3618 huic
723 3551 968 3617 intento
999 3568 1191 3639 scopo
1224 3548 1594 3617 adversatur
1616 3553 1748 3617 tam
1783 3548 2050 3617 dimissa
2077 3552 2189 3616 aut
2222 3553 2357 3614 tam
2394 3545 2521 3613 alta

238 3655 578 3743 intonatio,
602 3660 677 3723 ut
722 3676 869 3722 eam
897 3653 1163 3741 quidam
1187 3656 1441 3720 tantum
1481 3654 1610 3721 viri
1633 3654 1841 3744 pretio
1870 3652 2175 3720 conducti
2205 3652 2522 3717 sustinere

239 3760 510 3829 valeant.
540 3760 686 3829 Non
717 3781 871 3850 ergo
890 3756 1191 3827 Ecclesiae
1221 3759 1526 3845 congruit
1553 3758 1938 3846 generaliter
1960 3761 2189 3826 cantus
2214 3759 2326 3823 aut
2350 3753 2525 3822 into-

240 3866 407 3934 natio
432 3889 580 3956 quae
607 3865 1023 3934 multitudini
1053 3884 1186 3932 non
1216 3868 1497 3953 aptatur.

324 3970 431 4040 111.
466 3973 575 4041 An
612 3973 910 4042 canonici
939 3977 1000 4040 et
1027 3970 1139 4040 alii
1167 3969 1532 4038 beneficiati
1551 3965 2023 4038 cathedralium
2045 3971 2384 4035 teneantur
2413 3967 2526 4035 ad-

242 4077 479 4147 discere
524 4085 791 4147 cantum
822 4099 1018 4169 quem
1062 4098 1370 4146 vocamus
1412 4075 1935 4166 Gregorianum‘?
1974 4109 2065 4123 -
2104 4096 2139 4136 ι(
2161 4073 2517 4143 Adverten-

252 4206 283 4245 α
308 4184 465 4253 dum
492 4190 626 4268 est,¹
646 4186 740 4252 ait
762 4183 1248 4254 Scarsantonius
1278 4184 1398 4276 (De
1424 4182 1790 4266 canonicis,
1821 4186 1870 4248 t.
1918 4180 1972 4269 l,
2005 4202 2070 4271 p.
2104 4180 2255 4266 104,
2289 4204 2357 4249 n.
2397 4181 2508 4269 11,

254 4310 287 4350 ι(
311 4290 502 4359 editio
531 4289 874 4375 LucensiS,
908 4289 1131 4381 1723),
1160 4290 1337 4380 quod
1365 4290 1489 4381 ipsi
1524 4294 1864 4357 teneantur
1893 4309 1965 4356 ex
1991 4286 2057 4354 vi
2091 4287 2193 4355 sui
2221 4285 2519 4355 muneris
2544 4318 2573 4331 ·

251 4416 285 4457 «
314 4395 637 4471 addiscere
662 4402 927 4475 cantum
952 4419 1146 4484 quem
1168 4417 1477 4465 vocamus
1501 4392 2004 4482 Gregorianum,
2029 4395 2102 4458 ut
2126 4392 2357 4473 docent
2368 4388 2527 4455 Gar-
