2930 4982
388 354 416 408 1
432 353 467 407 4
480 351 514 406 6
1363 345 1704 393 TRACTATUS

386 504 418 543 «
448 501 515 547 n.
547 476 636 569 8).
672 474 798 545 Sed
823 472 1065 544 sensim
1090 471 1473 560 frigescente
1502 461 1832 532 charitatis
1861 461 2111 529 fervore
2140 465 2204 529 et
2231 460 2521 550 regulari
2549 460 2683 527 ob-

386 614 420 653 «
450 582 792 668 servantia,
837 580 1062 649 eadem
1113 596 1323 645 massa
1375 594 1452 639 ex
1509 568 1977 638 communibus
2018 567 2302 636 ecclesiae
2364 566 2684 635 reditibus

385 721 420 761 «
454 690 754 775 conflata,
788 687 992 755 divisa
1018 684 1142 752 fuit
1159 683 1328 749 inter
1355 676 1753 768 Episcopum
1777 681 1839 742 et
1872 675 2262 766 capitulum.
2309 673 2408 741 Ac
2446 672 2677 740 deinde

383 828 417 867 «
448 798 724 887 singulis
770 795 849 861 de
875 790 1156 882 capitulo
1185 785 1660 879 proportionata
1688 784 2011 853 bonorum
2040 782 2249 873 portio
2278 781 2348 849 in
2384 781 2675 870 particu-

386 905 646 972 «larem
698 897 1325 967 administrationem
1373 911 1674 960 concessa
1712 890 1862 974 fuit,
1890 911 2037 978 quae
2072 889 2196 956 sub
2219 887 2487 955 nomine
2498 909 2685 977 proe·

387 1043 421 1081 «
451 1011 676 1082 bendoe
709 1010 830 1077 fuit
872 1008 1210 1100 appellata.
1245 1002 1743 1081 Thomassinus,
1775 1001 1894 1068 ubi
1922 1023 2122 1091 supra
2154 1020 2295 1091 cap.
2350 999 2420 1085 8,
2464 999 2506 1088 ἓ
2540 998 2607 1066 5.
2637 1024 2678 1062 »

379 1117 912 1212 (Scarfantonius‚
949 1121 994 1181 t.
1028 1113 1079 1196 1,
1113 1136 1179 1202 p.
1220 1109 1325 1190 10,
1362 1131 1427 1177 n.
1468 1108 1509 1178 8
1544 1113 1607 1176 et
1629 1129 1795 1196 seq.‚
1829 1106 1981 1173 edit.
2016 1105 2239 1187 Lucae,
2277 1103 2504 1192 1723.)

1484 1384 1588 1461 §2

629 1574 757 1620 QUID
787 1573 866 1611 SIT
904 1569 1227 1623 PRAEBENDA3
1268 1569 1396 1615 QUID
1435 1567 1715 1621 CANON1A3
1748 1568 1815 1606 ET
1839 1566 2094 1612 QUOMODO
2132 1565 2435 1605 DIFFERANT

476 1781 510 1820 «
537 1751 890 1820 Praebenda
918 1747 1311 1815 canonicalis
1354 1751 1446 1813 est
1463 1746 1577 1833 jus
1608 1743 2010 1834 percipiendi
2041 1748 2390 1834 proventus
2431 1740 2504 1806 in
2543 1739 2677 1807 Ec-

389 1889 423 1927 «
453 1860 672 1938 clesia‚
705 1860 1078 1946 competens
1115 1851 1232 1920 uni
1254 1852 1333 1919 de
1363 1852 1657 1940 collegio.
1698 1850 1781 1918 Et
1814 1849 2258 1918 honorabilior
2290 1854 2383 1915 est
2406 1847 2677 1938 capella-

391 1991 425 2029 «
454 1966 578 2032 niis
605 1969 667 2030 et
692 1959 1025 2030 beneficiis
1049 1959 1313 2027 curatis.
1343 1957 1787 2037 Quamobrem
1811 1957 2229 2037 canonicatus
2257 1961 2319 2022 et
2339 1954 2685 2044 praebenda-

391 2097 424 2136 «
453 2093 587 2139 non
616 2070 888 2137 veniunt
930 2065 1052 2134 sub
1096 2066 1365 2133 nomine
1391 2064 1694 2132 beneficii
1732 2065 1805 2131 in
1854 2064 2124 2131 materia
2161 2061 2401 2130 odiosa.
2434 2059 2607 2127 Hinc
2630 2060 2682 2126 si

393 2203 429 2244 «
455 2176 627 2268 Papa
671 2174 1007 2244 mandaret
1056 2172 1335 2240 conferri
1370 2170 1765 2238 beneficium
1817 2170 2021 2238 alicui
2080 2169 2363 2259 incerta
2393 2166 2686 2246 ecclesia,

398 2309 433 2349 «
462 2305 594 2352 non
615 2281 980 2350 includitur
1001 2278 1349 2369 praebenda
1367 2276 1740 2345 canonialis.
1762 2275 2188 2345 Canonicatus
2208 2281 2273 2345 et
2283 2272 2681 2342 beneficium

398 2415 431 2454 «
460 2388 772 2456 differunt
796 2391 867 2452 ut
886 2386 1133 2474 species
1157 2391 1219 2450 et
1245 2405 1481 2471 genus,

488 2521 522 2559 «
543 2494 620 2561 In
641 2493 1025 2559 canonicatu
1053 2490 1183 2557 duo
1212 2490 1463 2556 diversa
1482 2490 1634 2578 jura
1661 2495 2087 2573 concurrunt,
2123 2488 2361 2557 scilicet
2388 2485 2687 2560 canoniae

401 2622 434 2661 «
462 2602 524 2663 et
547 2594 934 2685 praebendae.
965 2630 1055 2643 —
1098 2593 1386 2660 Canonia
1410 2599 1503 2661 est
1526 2594 1827 2683 quaedam
1867 2594 2214 2685 peculiaris
2260 2592 2688 2683 praerogativa

404 2727 438 2766 «
469 2723 544 2768 ex
568 2721 698 2790 qua
725 2698 876 2788 quis
915 2699 1336 2787 consequitur
1376 2699 1813 2794 receptionem
1862 2702 1934 2767 in
1974 2701 2273 2785 fratrem,
2319 2696 2583 2766 stallum
2633 2697 2699 2764 in

411 2833 444 2871 «
475 2808 697 2889 choro,
728 2806 950 2873 locum
981 2804 1051 2871 in
1087 2803 1390 2889 circuitu,
1434 2826 1665 2873 vocem
1703 2806 1772 2872 in
1802 2807 2112 2897 capitulo,
2143 2804 2521 2890 facultatem
2553 2826 2694 2893 par-

411 2939 446 2979 «
471 2912 784 3003 ticipandi
827 2911 905 2979 de
948 2910 1540 2995 distributionibUS,
1583 2917 1645 2979 et
1678 2913 1791 3001 jus
1820 2913 1901 2979 ad
1949 2911 2409 3002 praebendam3
2450 2931 2595 2999 quae
2628 2910 2694 2975 in

412 3019 932 3092 «favorabilibus
983 3018 1159 3087 venit
1186 3018 1308 3087 sub
1353 3019 1621 3088 nomine
1651 3020 1978 3103 beneficii,
2025 3020 2200 3109 quod
2251 3025 2344 3087 est
2401 3018 2698 3109 quaedam

414 3153 448 3194 «
475 3127 684 3219 portio
711 3127 1050 3195 fructuum
1076 3150 1224 3216 quae
1251 3128 1443 3195 datur
1472 3128 1770 3196 ministro
1816 3127 2121 3197 Ecclesiae
2148 3151 2265 3218 pro
2310 3127 2591 3196 servitio.
2627 3122 2706 3191 Et

416 3260 449 3297 «
475 3235 770 3323 quamvis
818 3232 1213 3300 beneficium
1283 3254 1415 3300 non
1468 3234 1539 3300 in
1586 3233 2001 3321 canonicatu,
2066 3234 2179 3301 sed
2229 3235 2299 3301 in
2359 3230 2706 3323 praebenda

417 3368 452 3407 «
479 3341 806 3421 consistat,
831 3339 1040 3405 nihilo
1061 3340 1268 3407 secius
1292 3340 1565 3407 canonia
1585 3345 1678 3407 est
1696 3340 1954 3427 dignior
1976 3340 2353 3430 praebenda,
2376 3344 2436 3406 et
2452 3358 2526 3403 eo
2552 3357 2711 3401 ma—

418 3470 453 3511 «
481 3445 582 3534 gis
626 3443 768 3510 aliis
796 3442 1126 3510 beneficiis
1163 3443 1246 3510 ob
1280 3449 1371 3511 tot
1411 3446 1865 3534 praerogativas
1904 3467 1979 3512 ex
2005 3467 2079 3514 ea
2106 3444 2583 3536 provenientes.
2613 3439 2692 3508 Et

422 3577 454 3618 «
482 3551 638 3641 quia
665 3548 940 3617 canonia
967 3549 1039 3616 in
1064 3549 1370 3617 omnibus
1397 3551 1872 3619 cathedralibus
1913 3557 1975 3619 et
2005 3551 2366 3642 collegiatis
2392 3549 2590 3617 Italiae
2617 3550 2709 3613 est

421 3686 456 3726 «
483 3680 729 3727 annexa
752 3656 1139 3747 praebendae,
1160 3657 1408 3724 ratione
1438 3659 1857 3726 connexionis
1866 3711 1885 3746 ‚
1913 3681 2150 3750 corpus
2198 3654 2607 3746 incorporale
2649 3657 2716 3719 et

423 3791 458 3831 «
485 3764 901 3834 individuum
926 3768 1248 3849 censetur,
1270 3764 1444 3852 quod
1464 3764 1720 3833 duobus
1742 3765 2213 3834 communicari
2237 3786 2371 3831 non
2392 3762 2604 3830 debet.
2633 3759 2712 3826 Et

425 3896 461 3937 «
489 3872 755 3938 nomine
783 3869 1197 3937 canonicatus
1233 3870 1552 3959 accipitur
1578 3871 1950 3961 praebenda,
1987 3877 2049 3939 et
2076 3893 2110 3938 e
2142 3877 2387 3938 contra.
2437 3864 2713 3935 Canoni-

429 3998 462 4037 «
495 3974 648 4040 calis
681 3972 1024 4062 praebenda
1051 3972 1286 4041 dicitur
1307 3995 1344 4039 a
1355 3972 1652 4063 proebeO,
1688 3977 1843 4064 quia
1865 3977 2155 4066 praebere
2186 3976 2375 4043 debet
2402 3971 2715 4041 canonico

433 4079 748 4145 «fructus
787 4100 861 4144 ex
896 4079 1138 4169 quibus
1183 4077 1381 4169 possit
1406 4081 1745 4147 commode
1780 4080 2069 4148 vivere...
2127 4080 2488 4171 Episcopus
2533 4076 2719 4145 debet

434 4182 818 4251 «attendere
852 4190 926 4251 ut
965 4186 1262 4254 canonici
1305 4185 1586 4254 habeant
1628 4185 2008 4277 praebendas
2053 4186 2445 4254 sufficientes
2474 4184 2557 4251 ad
2588 4184 2719 4249 vic-

431 4295 640 4358 «tum
670 4312 686 4373 ;
717 4293 906 4377 atque
936 4311 1053 4377 pro
1100 4291 1473 4360 sustinendo
1520 4291 1769 4360 decenti
1824 4294 2288 4361 canonicorum
2316 4290 2550 4379 gradU,
2585 4295 2717 4355 tam

433 4423 465 4461 «τ
499 4396 848 4484 collegiatae
869 4393 1170 4483 insignis,
1196 4418 1393 4485 quam
1417 4397 1824 4484 cathedraIiS‚
1856 4404 2059 4489 potest
2088 4397 2466 4489 praebendas
2493 4401 2721 4462 tenues
