2930 4982
309 328 433 386 348
1280 335 1626 382 rmum-nus

303 464 523 527 torum
556 454 1116 526 exauctoratione:
1153 458 1217 522 at
1240 460 1420 546 parte
1444 476 1538 539 vr,
1581 453 1791 545 capite
1818 451 1886 537 3,
1931 452 2331 522 ostendimus
2369 454 2434 523 id
2461 455 2591 545 jam

303 585 533 632 verum
563 584 696 630 non
733 583 906 649 esse3
952 566 1016 629 et
1058 582 1241 652 posse
1271 558 1697 650 Episcopum,
1746 558 1830 626 ob
1859 558 2228 648 generalem
2258 565 2595 628 consuetu-

302 670 526 738 dinem
549 691 695 759 quae
727 669 795 736 in
810 670 921 758 jus
939 688 1084 736 com
1094 687 1295 735 mune
1331 665 1735 756 jamdudum
1758 663 2039 749 transiit,
2063 665 2309 755 absque
2333 664 2588 755 capituli

304 797 646 856 consensu,
695 781 890 864 atque
933 774 1130 842 etiam
1159 773 1457 860 consilio,
1491 772 1835 862 procedere
1864 772 1934 839 in
1972 771 2245 861 Judiciis
2293 771 2593 840 crimina·

302 881 478 950 libus
509 880 811 950 omnium
860 901 1133 948 suorum
1160 879 1601 947 subditorum.
1635 878 1826 959 Quod
1865 899 2103 969 nempe
2132 878 2331 969 possit
2357 878 2594 967 absque

303 988 576 1079 capituli
615 1008 937 1055 consensu
970 985 1335 1077 procedere,
1378 991 1693 1075 tanquam
1732 989 1987 1053 certum
2033 982 2355 1051 tradimus
2373 1011 2392 1071 ;
2425 985 2596 1074 quod

303 1112 458 1159 vero
495 1092 564 1159 id
595 1095 795 1184 possit
836 1093 1079 1182 absque
1123 1092 1396 1161 consilio
1443 1091 1737 1183 capituli,
1784 1091 2012 1159 saltem
2042 1090 2226 1159 valde
2268 1091 2596 1182 probabile

304 1196 600 1283 videtur;
652 1198 811 1286 quia
850 1198 1100 1265 videtur
1149 1197 1261 1265 illa
1305 1199 1504 1265 etiam
1548 1197 1947 1265 consuetudo
1991 1195 2402 1287 qeneraliter
2424 1198 2598 1265 iuva·

308 1301 500 1370 luisse
538 1307 603 1370 et
652 1303 723 1370 in
759 1304 872 1394 jus
918 1324 1274 1373 commune
1317 1304 1669 1371 transiisse.
1715 1301 1787 1371 Si
1834 1307 2051 1371 tamen
2099 1308 2434 1390 constaret
2459 1325 2597 1371 eam

303 1406 539 1476 alicubi
565 1410 863 1478 nondum
895 1432 1030 1479 esse
1056 1410 1348 1501 legitime
1377 1410 1851 1500 praescriptam,
1884 1408 1977 1476 ibi
2003 1415 2366 1477 remaneret
2386 1410 2599 1498 requi·

305 1515 492 1582 rendi
518 1516 976 1607 capitularium
1001 1518 1255 1586 consilii
1283 1518 1650 1586 necessitas,
1678 1516 1842 1585 Item
1861 1515 2040 1602 addit
2061 1514 2347 1584 Ferraris
2376 1540 2391 1583 ε
2429 1542 2464 1581 «
2480 1515 2599 1584 Re-

317 1645 352 1683 «
398 1622 686 1711 quiritur
727 1623 994 1713 capituli
1035 1624 1389 1693 consilium
1431 1623 1504 1690 in
1552 1622 1941 1690 clericorum
1985 1620 2517 1688 ordinationibus.
2550 1646 2585 1684 »

277 1717 488 1816 (Cap.
539 1727 912 1819 Episcopus
936 1730 1076 1797 sine
1124 1729 1399 1796 consilio
1425 1728 1493 1812 6,
1538 1729 1686 1796 dist.
1745 1729 1860 1815 24,
1894 1727 1986 1795 ibi
2019 1726 2417 1817 :Episcopus
2459 1726 2597 1794 sine

309 1832 580 1900 consilio
623 1834 1008 1901 clericorum
1054 1856 1328 1902 suorum
1377 1834 1643 1902 clericos
1688 1854 1821 1901 non
1864 1832 2173 1923 ordinet.)
2217 1832 2288 1900 ld
2336 1832 2599 1923 quidem

310 1936 469 2004 olim
494 1960 726 2008 verum
765 1945 937 2027 erat;
970 1939 1081 2008 sed
1120 1941 1292 2008 hanc
1326 1942 1498 2030 juris
1534 1940 1905 2009 communis
1949 1938 2440 2030 dispositionem
2477 1939 2595 2005 im-

312 2044 587 2112 mutavit
621 2044 1002 2114 Tridentina
1029 2047 1352 2134 synodus3
1408 2046 1499 2113 ita
1538 2052 1610 2114 ut
1628 2048 1769 2136 jam
1793 2045 2069 2114 minime
2110 2047 2180 2113 in
2225 2043 2592 2114 ordinandis

314 2149 562 2218 clericis
602 2153 971 2241 requiratur
998 2154 1263 2244 capituli
1285 2152 1658 2220 consilium.

405 2255 588 2325 Licet
615 2265 833 2326 autem
873 2261 1087 2349 quoad
1121 2260 1479 2349 praedictos,
1505 2263 1567 2325 et
1593 2257 1911 2348 quosdam
1954 2258 2168 2327 forsan
2192 2256 2354 2325 alios
2392 2278 2592 2339 casus,

317 2365 582 2453 capituli
632 2365 984 2433 consilium
1028 2367 1182 2454 jura
1251 2384 1545 2455 expresse
1590 2364 1954 2454 requirant,
2014 2369 2305 2431 remanet
2353 2382 2598 2453 semper

318 2475 593 2553 certum,
662 2477 723 2538 et
759 2494 796 2539 a
847 2470 1236 2540 doctoribus·
1276 2471 1714 2539 communiter
1759 2471 2127 2540 admissum
2173 2469 2594 2561 principium,

318 2595 498 2663 posse
541 2577 1082 2643 consuetudinem
1133 2578 1527 2645 contrariam
1570 2580 1639 2646 in
1696 2579 1984 2647 savorem
2023 2575 2323 2667 Episcopi
2361 2596 2590 2666 praeva-

318 2680 470 2748 lere.
495 2677 679 2747 Unde
699 2680 766 2747 in
789 2681 911 2748 hac
940 2702 1010 2750 re
1036 2681 1221 2749 valde
1249 2684 1635 2752 attendenda
1661 2693 1756 2753 est
1779 2684 2203 2761 consuetudo,
2225 2686 2428 2770 utpote
2446 2700 2585 2770 quae

312 2788 422 2876 jus
457 2787 723 2875 capituli
749 2788 830 2856 de
868 2809 999 2878 quo
1045 2786 1304 2877 agimus
1329 2789 1399 2855 in
1424 2790 1651 2857 multis
1680 2791 2063 2880 restringere
2092 2793 2315 2880 potest.
2337 2786 2440 2854 An
2466 2808 2589 2855 au-

319 2900 453 2962 tem
477 2894 771 2983 legitima
810 2896 1130 2963 censenda
1173 2895 1336 2965 foret
1374 2897 1767 2964 consuetudo
1811 2918 2151 2986 nunquam
2202 2894 2467 2963 omnino
2496 2913 2601 2961 re-

320 3001 624 3090 quirendi
644 3001 995 3070 consilium
1026 3002 1318 3092 capituli,
1351 3002 1632 3070 breviter
1674 3002 2172 3095 expendendum
2205 3001 2400 3069 venit.

411 3104 787 3175 Pnorosmo
834 3106 920 3173 3⁸.
968 3145 1057 3159 -
1094 3110 1248 3179 Non
1292 3106 1555 3176 videtur
1624 3108 1861 3176 valida
1906 3105 2342 3188 consuetudo,
2403 3108 2602 3175 etiam

319 3211 882 3303 quadraqenaria,
914 3234 1260 3303 nunquam
1288 3215 1445 3282 etin
1473 3215 1688 3283 nullis
1717 3214 1908 3283 rebus
1933 3216 2216 3306 capituli
2251 3214 2602 3283 consilium

321 3318 821 3407 expostulandi.
856 3358 948 3370 —
984 3318 1056 3387 Id
1084 3320 1352 3409 quidem
1384 3342 1675 3411 expresse
1718 3326 2064 3391 tractatum
2106 3324 2282 3414 apud
2323 3327 2603 3390 auctores

321 3445 457 3492 non
497 3424 747 3513 reperio
773 3428 809 3511 ';
857 3425 999 3494 ideo
1042 3426 1202 3494 forte
1248 3427 1421 3516 quod
1471 3428 1855 3517 hujusmodi
1901 3451 2126 3498 casum
2171 3428 2603 3498 chimericum

318 3527 844 3598 existimaverint.
900 3530 1065 3601 Mihi
1106 3537 1322 3599 tamen
1350 3533 1605 3600 videtur
1648 3535 1974 3623 ejusmodi
2005 3535 2403 3603 consuetudo
2427 3553 2602 3624 posse

320 3643 417 3706 sat
443 3636 672 3705 validis
700 3639 1104 3726 argumentis
1142 3638 1426 3706 Invalida
1473 3639 1927 3708 demonstrari.
1958 3639 2108 3713 Tali
2129 3641 2307 3709 enim
2338 3659 2601 3708 consue-

320 3746 545 3812 tudine
576 3745 978 3813 fraudaretur
996 3744 1278 3812 Ecclesia
1309 3767 1501 3836 scopo
1526 3747 1771 3837 abipsa
1802 3747 2245 3838 principaliter
2271 3749 2518 3815 intento
2534 3745 2597 3810 in

322 3850 752 3937 capitulorum
786 3850 1203 3918 institutione.
1250 3849 1592 3939 Siquidem
1634 3852 1777 3920 ideo
1825 3853 1961 3920 vult
1987 3853 2253 3921 existere
2297 3849 2596 3939 capitula,

321 3954 540 4020 utsint
568 3958 950 4025 Consilium.
984 3957 1304 4047 Episcopi
1326 3968 1392 4024 et
1427 3959 1712 4027 ecclesioe
1738 3971 2033 4043 senatuS,
2067 3969 2144 4026 ut
2158 3955 2601 4049 provideatur

322 4060 597 4126 consilio
643 4064 1150 4154 Episcoporum.
1209 4063 1406 4132 Porro
1477 4066 1530 4133 si
1595 4067 2050 4156 capitularium
2122 4065 2474 4133 consilium
2533 4061 2600 4126 in

322 4163 519 4230 nullis
539 4164 801 4232 adhibet
823 4166 1207 4260 EpiscopuS,
1236 4169 1468 4238 inutile
1488 4171 1778 4240 redditur
1804 4173 1884 4240 ad
1914 4171 2347 4262 principalem
2375 4167 2602 4255 hujus-

319 4271 497 4337 modi
538 4271 733 4338 finem
776 4278 1162 4366 capitulum.
1196 4277 1368 4366 Ergo
1396 4300 1528 4345 non
1569 4284 1773 4367 potest
1800 4277 1980 4347 Sedis
2021 4276 2409 4366 Apostolicae
2436 4268 2600 4358 legi·

315 4375 473 4443 time
525 4381 832 4466 praesumi
877 4403 1225 4449 consensus
1270 4384 1339 4449 in
1390 4385 1764 4473 praedictam
1816 4385 2397 4463 consuetudinem3
2444 4395 2596 4463 ergo
