2930 4982
393 345 522 402 444
871 356 876 361 ·
1370 349 1715 396 τιιΑετΑτυε

389 471 682 543 subditos
706 492 858 538 suos
884 491 923 536 a
949 467 1340 537 muneribus
1367 490 1671 537 amovere
1696 466 1889 536 ethis
1910 466 2012 535 vel
2040 465 2174 534 illis
2193 466 2264 533 in
2292 465 2416 533 hac
2438 466 2543 534 vel
2572 467 2676 537 illa

390 578 584 646 domo
611 576 861 641 muniis
887 572 1209 641 addicere.
1244 571 1386 640 Hoc
1409 573 1590 641 enim
1617 572 1812 661 exigit
1836 572 2050 639 unitas
2074 569 2440 658 regiminis,
2471 572 2678 660 cujus·

388 706 517 775 que
531 684 796 752 familiae
819 680 931 749 reli
939 680 1136 768 giosae
1153 700 1393 746 nervus
1405 685 1473 746 et
1486 678 2014 747 fundamentum.
2034 674 2121 744 Ut
2136 697 2292 765 ergo
2309 675 2683 766 hujusmodi

388 790 634 860 familia
672 810 905 858 curam
951 786 1289 854 seminarii
1313 786 1604 876 accipere
1652 785 1874 876 possit,
1913 785 2364 874 derogandum
2413 806 2491 852 ex
2515 789 2681 875 parte

386 903 483 966 est
507 895 911 964 Tridentium
938 892 1068 982 legi
1093 918 1109 978 ;
1149 892 1484 959 statuendo
1514 891 1763 960 scilicet
1788 892 1855 959 in
1887 896 2102 981 pacto,
2126 889 2422 973 rectoriS,
2449 889 2681 958 officia-

387 1003 555 1071 lium
578 1007 646 1069 et
671 1002 1135 1087 magistrorum
1172 996 1692 1066 nominationem
1720 1004 1782 1064 et
1808 997 2239 1064 remotionem
2276 1015 2677 1064 remansuras

391 1127 587 1197 penes
636 1104 900 1173 ramiliae
947 1105 1265 1193 religiosae
1314 1101 1772 1193 Praepositum.
1829 1100 2034 1170 Porro
2061 1103 2141 1170 de
2172 1103 2324 1190 jure
2353 1102 2678 1169 communi

388 1209 732 1279 auctoritas
756 1210 1061 1300 Episcopi
1095 1210 1499 1278 insufficiens
1525 1215 1620 1278 est
1640 1209 1723 1278 ad
1753 1209 2201 1297 derogandum
2214 1206 2361 1309 ,legi
2390 1205 2677 1274 Ecclesiae

394 1317 784 1396 universali3
812 1324 1005 1405 atque
1034 1316 1143 1383 ille
1169 1317 1343 1384 solus
1374 1317 1491 1405 qui
1516 1316 2049 1385 auctoritatemin
2079 1316 2451 1383 universam
2477 1313 2678 1382 Eccle-
2739 1341 2761 1364 x

388 1422 554 1490 siam
581 1429 836 1492 exercet
852 1422 1398 1512 dispensationem
1424 1424 1597 1490 hanc
1625 1423 1979 1491 concedere
2002 1427 2228 1512 potest.
2257 1420 2404 1488 Juri
2424 1421 2675 1510 quidem

389 1549 511 1597 suo
540 1532 917 1598 renuntiare
951 1535 1165 1619 posset
1190 1528 1552 1620 Episcopus
1582 1550 1701 1619 pro
1722 1535 1852 1596 toto
1870 1529 2017 1596 vitae
2045 1550 2179 1596 suae
2209 1536 2530 1617 tempore;
2557 1547 2675 1594 non

388 1640 607 1703 autem
638 1636 699 1701 id
727 1640 932 1725 potest
968 1657 1088 1725 pro
1108 1636 1244 1703 suis
1271 1634 1778 1703 successoribus.
1809 1632 1952 1701 lmo
1980 1635 2116 1723 ipse
2146 1656 2282 1702 non
2319 1640 2519 1722 posset
2544 1632 2672 1722 pri·

390 1760 541 1808 vare
587 1741 954 1832 capitulum
1003 1743 1157 1829 jure
1183 1741 1309 1830 ipsi
1349 1762 1388 1807 a
1417 1741 1703 1809 concilio
1741 1739 2125 1808 Tridentino
2177 1740 2480 1808 attributo
2504 1746 2576 1806 ut
2597 1760 2666 1806 ex

387 1844 592 1935 ipsius
619 1846 931 1913 membris
977 1851 1397 1914 assumantur
1425 1845 1717 1936 deputati
1758 1867 2044 1936 quorum
2075 1845 2425 1914 consilium
2470 1847 2672 1934 requi-

390 1972 534 2019 rere
584 1957 876 2019 teneatur
919 1952 1284 2042 Episcopus
1312 1952 1382 2018 in
1424 1952 1986 2020 administratione
2030 1953 2390 2020 seminarii.
2423 1951 2502 2019 Et
2533 1952 2675 2021 hinc

390 2061 486 2126 est
513 2058 690 2146 quod
720 2058 1081 2149 Episcopus
1103 2064 1166 2126 et
1195 2058 1353 2126 ordo
1382 2058 1728 2148 religiosus
1762 2059 1871 2127 cui
1902 2059 2451 2127 committendum
2474 2065 2566 2125 est
2585 2080 2668 2127 se·

389 2162 769 2242 minan-ium,
804 2172 1146 2254 postquam
1178 2166 1347 2256 pacti
1373 2165 1452 2232 ad
1474 2165 1599 2232 hoc
1628 2166 1778 2232 initi
1804 2166 2111 2233 articulos
2140 2164 2667 2244 determinarunt,

390 2271 757 2360 pactionem
785 2270 970 2338 illam
995 2271 1269 2339 Romam
1294 2272 1553 2339 mittere
1574 2271 1803 2354 solent,
1834 2277 1910 2338 ut
1932 2293 1968 2338 a
1985 2269 2216 2339 Sancta
2230 2269 2395 2338 Sede
2425 2271 2520 2337 vel
2537 2271 2667 2359 ejus

388 2380 660 2448 nomine
687 2382 1131 2449 confirmetur.
1161 2380 1322 2461 Quae
1351 2382 1762 2449 confirmatio
1784 2403 1898 2449 seu
1920 2381 2244 2449 concessio
2275 2380 2540 2447 omnino
2566 2401 2669 2447 ne·

386 2483 663 2550 cessaria
686 2489 800 2568 est,
830 2490 893 2551 et
913 2506 950 2550 a
979 2483 1172 2554 Sacra
1197 2484 1711 2574 Congregatione
1728 2485 2007 2560 ,concilii
2030 2484 2362 2577 impetrari
2396 2484 2568 2564 solet,
2600 2490 2667 2552 ut

385 2590 647 2652 notatur
670 2589 848 2674 apud
864 2587 1154 2656 Feri-aris
1174 2591 1298 2657 hoc
1328 2591 1526 2658 modo
1559 2614 1576 2657 ε

483 2715 519 2754 α
545 2689 618 2758 ld
642 2693 816 2779 quod
844 2691 1107 2775 dicitur,
1154 2695 1491 2761 seminarii
1523 2701 1840 2762 rectorem
1891 2717 2026 2763 esse
2053 2692 2552 2763 constituendum
2571 2692 2653 2759 ab

395 2821 429 2861 α
456 2795 777 2889 Episcopo
793 2820 947 2867 cum
958 2798 1231 2867 consilio
1245 2799 1703 2890 deputatorum
1714 2800 2208 2884 ,limitationem
2223 2798 2442 2889 accipit
2457 2796 2662 2886 quoad

393 2903 812 2973 «seminaria
835 2929 981 2995 quae
1009 2905 1315 2997 leqitima
1338 2907 1741 2974 auctoritate
1768 2907 1999 2975 tradita
2033 2913 2188 2974 sunt
2214 2928 2386 2974 curae
2423 2911 2483 2972 et
2502 2903 2661 2992 regi-

395 3035 428 3072 «
457 3010 626 3077 mini
647 3011 925 3100 alicujus
944 3011 1192 3079 ordinis
1211 3012 1549 3101 regularis.
1564 3063 1579 3079 .
1591 3063 1606 3079 .
1641 3011 1944 3102 leqitima
1967 3013 2243 3101 inquam
2261 3010 2653 3088 auctoritate,

396 3141 431 3178 «
458 3115 698 3183 scilicet
715 3115 927 3183 Sacrae
952 3116 1487 3206 Congregationis
1512 3117 1778 3186 concilii
1798 3118 2191 3208 interpretis.
2223 3117 2392 3185 Nam
2421 3117 2499 3185 ab
2528 3115 2653 3205 Epi-

395 3244 428 3281 «
461 3241 655 3309 scopo
674 3223 938 3310 propria
957 3226 1333 3291 auctoritate
1359 3223 1534 3291 haud
1559 3231 1764 3313 potest
1784 3225 2209 3292 seminarium
2226 3225 2397 3292 tradi
2427 3243 2590 3292 curae
2607 3226 2655 3288 et

393 3351 426 3387 (ι
455 3324 762 3409 regimini
811 3328 1087 3416 alicujus
1115 3329 1363 3396 ordinis
1412 3330 1750 3417 regulariS.
1785 3329 1956 3398 Hinc
1997 3330 2359 3421 Episcopus
2412 3327 2654 3398 civitatis

395 3455 427 3490 α
460 3425 916 3517 Conceptionis
947 3432 1018 3497 in
1049 3433 1354 3500 America
1384 3435 1819 3521 meridionali,
1843 3438 1949 3504 die
1975 3436 2056 3504 12
2075 3439 2256 3526 junii
2291 3438 2489 3523 1722,
2512 3438 2651 3504 hanc

396 3532 826 3602 «facultatem
881 3537 1254 3627 impetravit
1309 3560 1347 3605 a
1394 3561 1547 3606 mox
1586 3540 1756 3609 dicta
1803 3541 1999 3611 Sacra
2049 3542 2583 3633 Congregatione.
2620 3563 2646 3603 ν

391 3640 727 3730 (FerrariS,
750 3655 816 3711 v⁰
847 3643 1334 3733 Seminarium,
1369 3668 1553 3714 novae
1572 3648 1805 3732 addit.,
1834 3672 1904 3717 n.
1933 3649 2028 3739 2.)

476 3748 557 3817 11.
589 3749 979 3819 Confirmata
1013 3758 1230 3820 autem
1259 3753 1386 3821 hoc
1425 3754 1619 3823 modo
1663 3757 2119 3842 transactione,
2150 3761 2293 3849 jam
2334 3762 2508 3849 patet
2529 3774 2657 3823 auc-

383 3856 707 3925 toritatem
756 3858 1291 3958 commissionum
1328 3862 1790 3951 praedictarum
1835 3886 1953 3954 pro
1981 3866 2542 3934 administratione
2566 3882 2658 3930 se-

388 3959 652 4028 minarii
692 3964 841 4052 plus
891 3967 1191 4034 minusve
1235 3988 1572 4034 remanere
1627 3969 1987 4036 restrictam
2032 3971 2218 4059 juxta
2269 3970 2665 4038 confirmatas

386 4066 557 4153 pacti
583 4067 926 4138 clausulas.
957 4071 1145 4152 Quod
1177 4072 1446 4140 advertit
1470 4072 1859 4143 Benedictus
1879 4074 2034 4144 XlV
2060 4076 2164 4144 his
2194 4077 2414 4150 verbis
2441 4100 2458 4143 ε

484 4192 519 4233 «
544 4168 793 4238 Verum
837 4179 1012 4262 quod
1040 4179 1319 4247 diximus
1346 4178 1681 4247 seminarii
1730 4187 2049 4249 rectorem
2075 4203 2210 4249 esse
2253 4182 2339 4249 ab
2366 4181 2670 4271 Episcopo

397 4300 431 4339 «
459 4275 983 4346 constituendum
1016 4305 1168 4350 cum
1198 4287 1656 4374 deputatorum
1681 4288 1982 4371 consilio,
2029 4288 2493 4355 limitationem
2517 4281 2669 4375 pati·
2701 4270 2717 4282 ⁹

393 4407 430 4449 α
458 4389 566 4452 tur
584 4384 797 4474 quoad
815 4387 1185 4469 seminaria,
1215 4413 1364 4479 quae
1390 4392 1685 4477 legitima
1712 4395 2089 4463 auctoritate
2110 4394 2342 4462 tradita
2361 4395 2496 4462 sint
2516 4407 2671 4460 curae
