2930 4982
1151 361 1227 406 nn
1274 360 1596 408 cunum.
2398 353 2520 409 543

235 752 457 792 ELECTIO
496 751 696 791 VICARII
736 751 1080 790 CAPITULARIS
1118 751 1229 791 NON
1267 751 1493 789 SPECTAT
1528 723 1601 789 Ab
1639 750 1936 789 CANONICOS
1979 752 2065 790 UTI
2110 753 2389 804 SINGULOS‚
2430 753 2528 791 SED

308 852 377 889 AD
415 851 747 904 CAPITULUM3
777 851 922 889 UNDE
949 850 1020 888 AD
1065 850 1220 888 NIHIL
1248 850 1575 888 INSERVIUNT
1604 827 1904 888 SUFFR'AGIA
1935 849 2527 890 EXTRACAPITULARITER

308 947 465 999 DATA,
507 947 852 992 QUANTUMVIS
889 946 1229 987 AUTHENTICA
1266 948 1332 985 ET
1369 947 1472 986 PER
1505 947 1759 986 LITTERAS
1805 945 2073 984 PATENTES
2113 946 2348 983 FIRMATA

324 1112 788 1180 Tridentinum
839 1114 1239 1199 concilium,
1299 1113 1453 1181 licet
1506 1113 1784 1180 formam
1848 1113 2184 1202 praecisam
2247 1112 2532 1202 eligendi

237 1220 461 1287 vicarii
491 1220 861 1309 capitularis
885 1242 1017 1288 non
1044 1219 1402 1306 tradiderit,
1434 1219 1712 1288 decrevit
1739 1225 1957 1286 tamen
1984 1219 2361 1285 electionem
2396 1242 2533 1288 esse

240 1325 601 1393 faciendam
652 1349 694 1393 a
732 1326 1055 1416 capitula
1100 1325 1301 1393 Porro
1348 1331 1422 1392 ut
1471 1326 1718 1415 aliquid
1767 1323 1896 1393 dici
1950 1325 2151 1415 possit
2182 1348 2218 1392 a
2251 1326 2536 1417 capitulo

243 1438 521 1522 gestum,
576 1432 766 1500 debet
809 1454 942 1500 non
998 1437 1249 1499 tantum
1298 1453 1334 1499 a
1373 1435 1607 1522 majori
1648 1438 1828 1523 parte
1884 1432 2374 1524 capitularium,
2424 1432 2536 1501 sed

242 1540 511 1630 insuper
540 1539 622 1607 ab
662 1539 892 1607 iisdem
940 1538 1357 1628 collegialiter
1402 1539 1700 1606 adunatis
1739 1539 1986 1629 peragi.
2022 1538 2196 1628 Ergo
2227 1538 2540 1627 suffragia

244 1646 706 1715 canonicorum
735 1670 902 1736 quae,
939 1648 1149 1714 soluto
1187 1646 1497 1737 capitulo,
1545 1646 1742 1714 alicui
1781 1645 2195 1732 adderentur,
2244 1646 2397 1714 licet
2425 1669 2540 1737 per

245 1752 484 1821 litteras
508 1757 793 1842 patentes
817 1759 879 1819 et
902 1752 1292 1843 subscriptas
1321 1753 1635 1832 exhibita,
1663 1752 1938 1820 omnino
1964 1752 2149 1819 nulla
2174 1758 2348 1821 sunt.

341 1883 375 1922 ς(
408 1856 597 1942 Vota,
643 1857 860 1949 inquit
887 1857 1283 1948 Pignatellus
1326 1857 1397 1947 (t.
1442 1857 1496 1942 Ι,
1533 1880 1710 1925 cons.
1761 1856 1874 1942 23,
1908 1879 1977 1925 n.
2014 1856 2078 1948 7)
2112 1858 2348 1926 debent
2398 1859 2541 1928 dari

254 1992 287 2031 «
323 1966 741 2055 collegialiter
761 1971 821 2032 et
850 1965 919 2031 in
945 1965 1260 2057 capitu103
1291 1964 1379 2031 ita
1399 1971 1473 2031 ut
1495 1986 1627 2031 non
1652 1964 1928 2032 sufficiat
1952 1986 2299 2031 consensus
2327 1975 2542 2055 postea

253 2070 511 2137 «datus
563 2072 660 2137 uti
712 2093 750 2137 a
799 2071 1157 2160 singulis...
1214 2070 1348 2139 Nec
1395 2071 1587 2138 refert
1642 2072 1817 2159 quod
1877 2093 2132 2139 sacrum
2187 2071 2542 2143 concilium

262 2200 294 2236 «
331 2174 794 2245 Tridentinum
838 2200 973 2245 non
1011 2179 1116 2247 det
1153 2179 1433 2247 formam
1487 2180 1828 2269 praecisam
1884 2178 2170 2267 eligendi
2217 2179 2541 2248 vicarium

261 2300 294 2338 «
332 2280 773 2367 capitularem.
829 2281 1000 2351 Nam
1082 2283 1231 2351 satis
1306 2289 1398 2351 est
1472 2283 1649 2373 quod
1706 2283 1880 2351 dicat
1954 2281 2339 2350 electionem
2407 2305 2543 2352 esse

259 2383 696 2454 «faciendam
754 2410 791 2456 a
832 2389 1139 2480 capitulo.
1190 2388 1335 2457 Non
1393 2389 1574 2458 enim
1621 2390 1862 2457 dicitur
1916 2389 2083 2457 facta
2135 2412 2173 2456 a
2229 2389 2537 2480 capitu10,

268 2515 300 2551 «
336 2491 497 2559 dum
554 2516 689 2562 non
733 2500 827 2564 est
873 2497 1037 2565 sacta
1078 2519 1114 2565 a
1166 2498 1398 2587 majori
1442 2503 1622 2589 parte
1665 2496 2082 2585 collegialiter
2125 2504 2536 2588 congregata,

259 2621 291 2660 «
329 2599 584 2668 etiamsi
642 2609 858 2692 postea
903 2605 1199 2672 canonici
1247 2605 1345 2672 uti
1391 2605 1636 2695 singuli
1706 2605 2106 2691 accesserint*
2140 2607 2211 2672 in
2264 2629 2543 2675 numero

261 2729 292 2766 «
328 2705 760 2805 sufficienti...
796 2709 876 2776 Et
907 2710 1178 2802 proinde
1209 2732 1343 2778 non
1385 2711 1629 2778 sufficit
1657 2710 2046 2801 subscriptio
2078 2711 2242 2778 facta
2274 2735 2309 2777 a
2339 2734 2543 2780 cano-

261 2837 294 2874 «
329 2813 494 2880 nicis
521 2815 618 2881 uti
642 2817 941 2905 singulis.
975 2843 1009 2882 ›>
1048 2817 1233 2884 Hanc
1257 2817 1619 2885 doctrinam
1650 2839 1794 2906 quae
1813 2821 1907 2885 est
1935 2818 2310 2884 communis
2340 2840 2542 2886 cano-

252 2916 597 3006 nistarum,
632 2921 842 2986 tenuit
882 2926 1248 2988 constanter
1274 2921 1482 2988 Rota:
1530 2947 1563 2986 «
1597 2919 1729 2988 Nec
1763 2920 1842 2988 ad
1897 2922 2069 3011 ipsos
2114 2923 2209 2989 uti
2255 2921 2544 3012 singulos

256 3047 292 3087 «
332 3029 573 3112 spectat
620 3024 855 3115 eligere
920 3026 1270 3110 vicarium,
1332 3026 1479 3094 sede
1531 3033 1821 3110 vacante,
1878 3028 1988 3094 sed
2045 3029 2125 3095 ad
2182 3030 2544 3119 capitulum

261 3153 296 3192 «
333 3128 742 3213 cathedraliS,
799 3130 1019 3220 vigore
1071 3131 1508 3222 dispositionis
1564 3133 1823 3201 concilii
1876 3132 2269 3201 Tridentini.
2325 3161 2359 3200 >³
2402 3135 2546 3226 (De-

254 3233 411 3300 cisio
462 3232 618 3313 347,
682 3257 749 3302 n.
795 3237 863 3324 8,
896 3237 1093 3326 partis
1146 3237 1254 3318 10,
1306 3237 1577 3328 recent.)
1619 3237 1799 3304 Idem
1854 3238 2220 3306 declaratur
2255 3239 2325 3306 in
2378 3241 2548 3307 deci-

266 3337 443 3413 sione
506 3339 584 3408 13
646 3342 953 3410 februarii
1019 3343 1216 3429 1617,
1266 3367 1488 3412 coram
1527 3344 1835 3430 Buratt03
1888 3349 1950 3412 et
2011 3344 2098 3412 ita
2149 3346 2394 3435 pluries
2466 3346 2549 3414 ab

257 3443 481 3512 eodem
534 3447 846 3514 tribunali
893 3449 1184 3517 decisum
1232 3455 1499 3519 testatur
1540 3448 1935 3538 Pignatellus
1979 3450 2145 3540 (loco
2188 3449 2425 3540 citato).
2480 3449 2548 3519 Id

261 3551 455 3617 etiam
505 3553 793 3621 decisum
852 3555 1046 3624 fuisse
1083 3579 1118 3624 a
1162 3557 1357 3625 Sacra
1400 3556 1913 3646 Congregatione
1962 3557 2439 3651 Episcoporum
2488 3562 2549 3624 et

256 3653 708 3747 Regularium,
776 3661 857 3728 18
914 3657 1284 3730 novembris
1331 3663 1530 3750 1625,
1588 3668 1854 3730 testatur
1911 3663 2086 3731 idem
2146 3663 2546 3752 Pignatellus

261 3762 504 3854 (ibid.).
680 3778 681 3781 ’
1721 3778 1724 3783 “

344 3870 458 3938 Est
485 3893 641 3959 ergo
658 3894 949 3961 praesens
976 3875 1174 3942 thesis
1203 3876 1500 3943 habenda
1528 3897 1647 3966 pro
1675 3875 1902 3965 regula
1924 3876 2197 3942 omnino
2224 3882 2418 3944 certa.
2455 3875 2548 3944 Ex

257 3975 369 4044 illa
396 3983 613 4046 autem
644 3978 830 4047 facile
873 3979 1142 4049 solvitur
1179 3981 1531 4049 difficultas
1575 4003 1720 4070 quae
1756 4002 2099 4049 occurrere
2138 3987 2341 4070 posset
2376 3983 2549 4051 circa

262 4104 414 4151 eum
444 4083 559 4171 qui
602 4084 884 4152 obtinuit
920 4086 1355 4175 capitulariter
1402 4087 1810 4154 medietatem
1842 4091 2167 4153 votorum.
2216 4086 2281 4155 Si
2313 4109 2549 4178 nempe

257 4189 878 4279 extracapitulariter
917 4192 1121 4282 aliqui
1175 4193 1481 4259 electores
1527 4192 1652 4282 ipsi
1711 4213 1909 4259 suum
1967 4192 2357 4282 suffragium
2395 4193 2549 4261 affe·

264 4302 433 4380 rant,
466 4301 756 4364 remanet
795 4297 1234 4366 nihilominus
1280 4297 1506 4365 electio
1554 4297 1757 4376 nulla,
1789 4319 1862 4364 eo
1904 4298 2076 4386 quod
2104 4320 2235 4365 non
2264 4319 2547 4386 compu-

259 4402 456 4470 tanda
510 4402 638 4469 sint
688 4402 800 4470 illa
851 4403 1158 4494 suffragia
1223 4402 1837 4493 extracapitulariter
1882 4402 2119 4470 addita.
2162 4399 2244 4470 Et
2287 4401 2462 4468 idem
2511 4421 2548 4465 a
