2930 4982
400 386 522 443 338
1401 364 1755 415 mantuus.

403 541 440 582 ιε
467 507 751 583 absentia
767 521 899 572 non
918 502 1228 586 sequatur
1242 509 1434 581 grave
1451 488 1771 570 damnum
1787 478 2053 570 capituli
2071 474 2426 565 3quod=non
2450 494 2661 541 emaus

402 647 440 689 α’
458 619 704 689 dicitur
725 595 1497 702 ingratnsnExcusandus
1518 591 1773 659 videtur
1794 586 1869 654 in
1891 587 2044 676 foro
2074 579 2478 651 conscientia»
2488 600 2666 648 cano-

400 755 435 795 «
462 727 651 796 nicus
694 741 831 790 non
875 710 1310 784 interveniens
1356 723 1473 794 pro
1504 700 1618 773 illa
1640 698 1781 765 vice
1804 692 2107 784 capitulo,
2134 688 2670 781 pmvidemprae-

398 857 434 900 «
463 832 737 903 sentiam
777 843 965 893 suam
1003 818 1100 886 nil
1117 809 1569 906 profuturam,
1606 827 1681 874 eo
1698 802 1850 894 quia
1876 798 2248 892 proceditur
2272 819 2363 864 ex·
2380 793 2666 883 abrupto,

400 967 436 1009 α
463 941 604 1009 sine
649 933 869 1013 modu,
900 929 1044 1015 lege
1090 928 1154 990 et
1196 919 1471 1003 ratione,
1516 914 1603 981 ob
1653 907 2090 997 arrogantiam
2122 909 2225 971 «et.
2253 899 2672 991 ignorantiam

401 1071 437 1114 «
468 1047 840 1134 aliquorum
870 1035 1183 1124 majorem
1202 1029 1450 1117 partem
1467 1016 1735 1109 capituli
1747 1012 2278 1083 constituentium
2295 1035 2314 1096 3
2333 1005 2674 1076 dummodo

401 1179 438 1223 α
464 1148 1022 1221 evidentissimum
1048 1139 1131 1205 sit
1157 1153 1341 1204 suam
1368 1126 1780 1220 praesentiam
1805 1121 1901 1190 nil
1926 1116 2289 1209 adjumenti
2314 1114 2673 1199 allaturam,

402 1285 438 1328 α
464 1259 568 1328 sed
603 1255 812 1324 solum
839 1247 963 1316 sibi
994 1243 1219 1312 odium
1255 1233 1801 1319 excitaturamret
1831 1228 2170 1296 admoneat
2192 1223 2679 1313 Episcopumut

402 1391 437 1434 α
462 1366 569 1434 his
587 1360 775 1429 malis
794 1350 1146 1446 provideat,
1165 1350 1362 1438 prout
1386 1340 1680 1409 monitus
1706 1340 1984 1404 tenetur.
2015 1329 2424 1400 Considerate
2439 1326 2595 1408 dixi,
2618 1324 2678 1391 in

406 1499 441 1539 «
466 1472 604 1540 foro
644 1458 1060 1536 conscientiae
1098 1478 1114 1522 z
1157 1450 1408 1521 namin
1437 1448 1574 1515 l'oro
1602 1444 1754 1531 fori,
1784 1438 2084 1510 canonici
2115 1434 2496 1515 residentes,
2530 1430 2680 1499 insi-

405 1603 439 1644 «
465 1577 685 1647 nuatis
726 1560 1212 1661 impedimentis
1249 1578 1381 1625 non
1425 1551 1687 1635 detenti,
1739 1553 1892 1617 sunt
1925 1541 2187 1614 obnoxii
2226 1560 2605 1630 comparere
2630 1543 2685 1605 et

341 1681 352 1702 ³
408 1711 441 1750 «
464 1680 775 1770 suffragia
818 1674 1104 1743 reddere.
1150 1664 1415 1745 Limite,
1458 1659 1583 1726 nisi
1614 1655 1829 1725 absint
1857 1653 2128 1731 scientes
2154 1647 2509 1739 capitulum
2558 1664 2686 1711 non

409 1813 441 1858 (ι
469 1791 666 1858 fuisse
699 1781 987 1872 legitime
1034 1776 1504 1861 congregatum
1534 1772 1596 1832 et
1619 1765 2084 1850 consequenter
2106 1757 2247 1846 ejus
2268 1757 2406 1822 acta
2424 1750 2687 1819 forcin-

409 1891 680 1960 «valida
724 1891 786 1954 et
822 1880 1030 1962 nulla,
1075 1896 1212 1965 quo
1232 1876 1469 1940 eventu
1495 1867 1568 1934 in
1596 1872 1875 1953 utroque
1907 1853 2044 1928 soro
2072 1861 2486 1927 excusantur.
2533 1878 2569 1917 n
2605 1851 2686 1920 Ita

397 1998 813 2090 Ceccoperius
831 1990 1002 2058 libro
1022 1982 1138 2067 lv,
1167 1981 1267 2048 tit.
1301 1979 1368 2045 4.
1390 1976 1519 2058 Qui
1539 1981 1758 2042 tamen
1779 1976 2004 2038 auctor
2023 1966 2216 2035 nobis
2233 1962 2495 2031 videtur
2514 1957 2687 2027 valde

397 2108 606 2196 rigide
658 2096 1119 2188 obligationem
1169 2084 1452 2176 capitulo
1501 2075 1920 2148 interessendi
1967 2071 2352 2163 exposuisse.
2417 2065 2686 2135 Videtur

398 2216 577 2285 enim
618 2206 927 2297 obligatio
976 2200 1088 2269 illa
1128 2188 1474 2264 assimilari
1508 2208 1690 2279 posse
1731 2180 2114 2271 obligationi
2140 2174 2358 2267 quoad
2387 2172 2677 2241 chorum.

398 2322 600 2392 Porro
639 2317 933 2385 vidimus
969 2309 1271 2375 sanctum
1307 2294 1700 2386 Lignorium
1730 2312 1868 2359 non
1895 2287 2136 2355 habere
2161 2289 2478 2371 tanquam
2510 2296 2682 2345 reum

401 2430 607 2518 culpae
651 2423 865 2513 gravis
913 2411 1299 2483 canonicum
1340 2403 1535 2471 illum
1566 2398 1699 2488 qui
1741 2396 1985 2483 absque
2022 2394 2198 2482 justa
2239 2408 2432 2455 causa
2464 2390 2562 2452 ter
2588 2386 2688 2450 aut

398 2541 622 2624 quater
675 2531 873 2598 choro
920 2521 1120 2589 abest.
1173 2512 1362 2582 Unde
1406 2510 1603 2601 etiam
1646 2505 1764 2594 qui
1806 2502 1994 2569 sciret
2025 2519 2212 2566 suam
2256 2491 2613 2562 absentiam
2655 2510 2689 2555 a

399 2634 681 2728 capitulo
710 2629 975 2699 nullum
1005 2622 1487 2690 nocumentum
1519 2613 1888 2691 allaturam,
1920 2613 1983 2674 et
2012 2604 2279 2673 haberet
2305 2598 2561 2668 aliunde
2582 2616 2687 2662 ra-

401 2738 777 2813 tionabilem
826 2732 1113 2822 aliquam
1164 2742 1426 2792 oausam
1478 2715 1848 2805 abessendi,
1904 2733 1986 2778 ne
2039 2708 2375 2778 venialiter.
2419 2702 2688 2792 quidem

401 2850 714 2942 peccaret,
750 2840 878 2908 nisi·
895 2838 968 2905 id
991 2835 1051 2903 ei
1081 2832 1452 2920 frequenter
1474 2823 1822 2892 accideret.
1851 2817 2041 2898 Quod
2063 2822 2285 2883 tamen
2305 2811 2690 2898 restringen-

388 2951 562 3025 'dum
596 2951 851 3019 videtur
896 2943 982 3012 ad‘
999 2937 1291 3030 ‘capitula
1313 2929 1675 3016 ordinaria-3
1706 2948 1860 2994 nam
1883 2924 1965 2993 ad
1986 2917 2493 3003 extraordinaria
2516 2920 2692 2984 acce·

402 3059 595 3129 dendi
616 3058 823 3146 maj0r
851 3051 1087 3118 merito
1112 3048 1410 3115 censetur
1434 3033 1768 3123 obligatio.

447 3192 454 3203 ‘
487 3164 824 3253 obligatio
863 3146 1209 3226 assistendi
1273 3148 1467 3216 infert
1508 3140 1971 3231 obligationem
2024 3130 2455 3226 permanendi
2502 3127 2693 3195 donec

406 3273 796 3341 absolutum:
827 3264 910 3332 sit
954 3256 1341 3351 capitulum.
1397 3247 1615 3327 «noui
1657 3241 1940 3334 capitulo
1993 3240 2289 3311 nondum
2353 3234 2698 3305 terminato

416 3402 450 3443 e<
476 3377 730 3464 absque
747 3371 973 3438 ³debita
1013 3364 1284 3434 *licentia
1321 3355 1656 3438 recedunt,
1709 3350 1932 3417 eadem
1957 3368 2149 3438 poena
2176 3344 2546 3436 puniuntur
2573 3356 2697 3427 qua

416 3500 591 3574 «per
638 3482 947 3547 statutum
980 3471 1378 3540 afficiuntur·
1407 3459 1629 3548 nequi
1667 3477 1797 3524 non
1846 3454 2177 3523 accedunt·
2199 3450 2279 3519 ad
2307 3446 2693 3539 capitulum.

419 3588 641 3669 «Quia
681 3588 824 3652 non'
855 3580 1108 3650 venisse
1153 3572 1404 3641 dicitur*
1435 3567 1562 3656 qui
1582 3606 1591 3625 22
1607 3563 1788 3631 venit
1827 3566 1889 3628 et
1934 3557 2352 3627 illicentiatus
2407 3551 2696 3623 discedit.

418 3725 451 3763 «
478 3691 841 3782 Tumquia
870 3689 985 3755 iste
1014 3683 1306 3756 remanet
1340 3674 1712 3744 contumax.
1747 3668 1831 3736 Et
1859 3665 2068 3755 magis
2090 3660 2444 3732 attenditur
2474 3662 2700 3728 contu-

418 3834 452 3873 «
479 3804 685 3872 macia
742 3801 835 3867 sic
876 3789 1233 3863 recedentis
1279 3802 1494 3876 quam
1534 3784 1701 3861 non..
1732 3775 2183 3867 comparentis.
2236 3770 2385 3839 Non
2452 3766 2706 3837 dicitur

420 3940 455 3977 ε(
483 3916 699 3978 autem
742 3902 1081 3972 recessisses
1109 3896 1229 3984 qui
1261 3887 1844 3981 justa>impellente
1884 3903 2078 3961 causa
2118 3902 2194 3948 ex
2221 3875 2501 3968 capitulo
2526 3891 2707 3962 egre·

422 4014 657 4080 «ditur
697 4006 1039 4086 confestim
1084 4014 1490 4076 reversurus,
1544 3991 1742 4081 petita
1785 3988 1972 4079 prius
2012 3986 2204 4054 venia
2231 4009 2248 4053 ε
2274 4004 2405 4074 qua
2434 3981 2707 4070 injuste,

409 4136 457 4187 ἰ(
483 4115 781 4208 prout-in
815 4111 955 4181 aliis
990 4105 1266 4187 casibUS‚
1317 4101 1652 4188 denegata,
1690 4095 2114 4185 :videturipso
2131 4094 2282 4182 jure
2306 4108 2639 4159 concessa.
2668 4108 2702 4148 »

415 4219 878 4319 (Ceccoperi‘us,
922 4218 971 4284 l.
1019 4212 1288 4300 mant.
1323 4205 1419 4298 4.)
1481 4205 1560 4271 In
1587 4201 1690 4272 his
1716 4205 1937 4269 tamen
1966 4197 2351 4268 attendenda
2373 4191 2711 4286 praecipue

412 4325 812 4404 consuetudo
841 4328 903 4389 et
931 4310 1445 4387 statiitaflocalia.
1514 4340 1519 4344 ·
1812 4354 1815 4357 -
1982 4340 1987 4349 ·
2206 4362 2209 4367 ⁴
2442 4334 2445 4337 2
2484 4380 2487 4385 .

427 4468 436 4478 ³
501 4432 788 4524 obligari
836 4423 1179 4497 canonicos
1221 4420 1302 4489 ad
1326 4412 2092 4505 assistendum-capitulo,
2120 4411 2209 4480 ita
2237 4415 2314 4479 ut
2335 4406 2595 4500 possint
2629 4402 2712 4472 ad
