2930 4982
265 371 389 427 364
1239 370 1582 419 macutus

352 497 438 567 Ut
462 501 676 564 autem
701 493 867 562 illud
891 492 1194 582 generale
1224 496 1543 559 assertum
1575 489 1804 580 probet
1833 487 2016 570 Rota,
2048 485 2282 575 allegat
2313 486 2378 553 10
2405 507 2546 578 cap.

265 609 361 674 De
379 623 698 695 persona,
728 600 842 686 38,
875 621 1079 667 causa
1109 598 1220 676 11,
1250 621 1315 688 q.
1356 598 1421 679 1,
1450 598 1521 664 in
1546 617 1681 685 quo
1702 594 2004 663 statuitur
2016 592 2287 663 clericos
2313 613 2452 661 non
2472 593 2558 662 ab

262 709 389 777 alio
416 728 619 797 quam
656 704 738 775 ab
772 704 1091 795 Episcopo
1127 725 1262 772 esse
1289 701 1700 793 judicandos.
1734 700 1805 767 2⁰
1832 721 1977 790 cap.
2010 697 2089 767 Si
2107 697 2255 787 quis
2271 698 2562 788 presby-

265 827 388 899 ter,
418 815 499 894 4,
532 833 736 880 causa
765 810 844 892 2,
874 821 1109 900 quoest.
1146 809 1222 898 5,
1255 810 1611 879 decernens
1656 826 1916 875 causam
1946 803 2305 896 presbyteri
2347 826 2384 871 a
2422 803 2561 872 solo

262 922 583 1012 Episcopo
599 940 733 986 esse
762 915 1215 984 absolvendam
1238 942 1254 1001 ;
1287 921 1350 984 et
1372 914 1468 983 ibi
1493 915 1711 1004 agitur
1733 913 1813 981 de
1841 911 2051 980 causis
2068 909 2556 979 criminalibus.

268 1027 336 1096 30
374 1031 570 1117 caput
609 1024 933 1115 primum,
974 1026 1068 1090 De
1096 1021 1326 1113 officio
1371 1019 1737 1089 ordinarii.
1783 1018 1853 1085 40
1902 1039 2046 1108 cap.
2091 1015 2565 1107 Irrefraqabili

267 1133 561 1225 eiusdem
595 1129 790 1198 tituli.
835 1129 904 1197 5⁶
939 1149 1081 1219 cap.
1125 1128 1520 1219 Episcopus,
1557 1131 1651 1195 De
1677 1126 1906 1217 officio
1942 1122 2337 1209 Ordinarii,
2380 1124 2451 1191 in
2487 1123 2556 1191 6.

268 1240 348 1309 Et
397 1237 735 1308 confutatis
773 1256 920 1325 quae
970 1242 1195 1303 contra
1242 1236 1521 1303 istorum
1570 1238 1861 1301 textuum
1895 1231 2068 1322 juris
2112 1229 2562 1320 allegationem

267 1342 465 1435 objici
500 1346 790 1433 possent,
825 1340 916 1407 sic
948 1340 1161 1430 pergit
1185 1366 1205 1407 t

367 1476 404 1516 «
446 1448 642 1518 Nulla
679 1469 868 1538 porro
902 1448 1086 1514 adest
1113 1447 1362 1514 sanctio
1404 1444 1717 1512 canonica
1755 1441 2138 1532 generaliter
2166 1440 2569 1523 demandans

281 1581 314 1619 «
344 1559 422 1622 ut
467 1552 766 1643 Episcopi
807 1552 878 1618 in
908 1552 1119 1620 causis
1163 1548 1616 1618 criminalibus
1644 1547 2055 1616 subditorum
2091 1546 2440 1637 procedant
2487 1545 2570 1613 de

279 1678 657 1727 «consensu
705 1657 998 1745 capituli.
1032 1680 1068 1720 »
1110 1655 1297 1735 Quod
1342 1660 1413 1722 ut
1443 1654 1689 1744 probet,
1735 1653 2057 1744 percurrit
2103 1674 2337 1720 omnes
2362 1657 2573 1721 textus

272 1763 388 1854 qui
431 1764 620 1831 citari
667 1763 874 1830 solent
921 1763 991 1828 in
1033 1754 1463 1840 contrariumss
1513 1759 1855 1829 ostendens
1901 1758 2047 1827 illos
2089 1781 2221 1828 non
2266 1759 2563 1851 probare.

281 1895 317 1935 «
347 1868 589 1938 Omnes
643 1867 885 1958 quippe
935 1868 1065 1941 illae
1117 1866 1469 1955 (canonicae
1525 1866 1910 1955 sanctiones)
1966 1887 2115 1956 quae
2164 1866 2247 1934 ad
2297 1866 2365 1934 id
2416 1888 2573 1957 pro*-

271 1987 318 2043 ἀ
346 1974 646 2043 bandum
696 1974 962 2063 allegari
1010 1974 1242 2059 solent,
1303 1980 1367 2042 et
1412 1994 1558 2064 quae
1611 1977 2059 2062 congeruntur
2108 1994 2147 2041 a
2177 1970 2395 2041 Sarvia
2442 1976 2572 2056 (De

285 2104 320 2145 «
354 2078 724 2169 adjunctis,
749 2099 807 2146 c.
840 2077 926 2169 1),
956 2077 1320 2167 loquuntur
1348 2079 1426 2146 de
1449 2077 1724 2146 consilio
1754 2081 1816 2145 et
1831 2077 2227 2167 praesentia,
2258 2082 2320 2144 et
2334 2097 2464 2143 non
2480 2076 2569 2144 de

286 2210 321 2249 «
351 2206 698 2254 consensu.
741 2209 776 2250 >³
828 2184 999 2252 lllud
1044 2184 1274 2275 probat
1323 2185 1386 2251 10
1429 2185 1639 2273 quoad
1682 2204 2004 2251 canonem
2050 2182 2134 2250 Si
2189 2180 2355 2273 quid
2385 2202 2569 2270 vera,

278 2289 718 2360 distinctionis
750 2290 858 2359 86.
906 2291 975 2357 20
1020 2289 1247 2371 Quoad
1279 2295 1476 2380 caput
1498 2288 1872 2380 Episcopus
1902 2286 2152 2355 nullius
2175 2309 2252 2355 ex
2295 2287 2575 2356 concilio

277 2392 824 2483 Carthaginiensi,
864 2417 1059 2486 supra
1087 2417 1124 2461 a
1153 2396 1342 2464 nobis
1373 2396 1587 2480 citato,
1615 2394 1694 2462 de
1717 2416 1849 2483 quo
1873 2393 1967 2462 sic
1990 2392 2333 2461 admonet:
2368 2419 2401 2458 α
2425 2393 2577 2462 Non

283 2522 320 2561 «
350 2499 472 2566 ruit
497 2501 760 2568 concilii
801 2500 1118 2588 generalis
1148 2502 1258 2569 sed
1293 2501 1710 2591 provincialis
1743 2498 2310 2588 CarthaginiensiS,
2347 2505 2410 2568 et
2435 2521 2578 2567 non

285 2626 320 2667 «
348 2610 594 2672 constat
634 2626 934 2691 unquam
973 2606 1333 2673 admissum
1377 2608 1577 2674 fuisse
1613 2609 1684 2674 in
1725 2606 2031 2674 universa
2058 2606 2351 2675 Ecclesia.
2388 2604 2571 2683 Quo·

288 2733 322 2774 «
350 2730 632 2798 cumque
659 2709 851 2776 modo
879 2730 982 2776 res
1011 2731 1077 2777 se
1105 2710 1367 2795 habeat,
1404 2711 1790 2780 determinat
1831 2713 2047 2780 solum
2074 2718 2143 2780 ut
2170 2711 2385 2778 nullus
2408 2709 2570 2801 Epi-

289 2839 326 2881 ι(
357 2838 592 2908 scopus
632 2815 854 2883 audiat
897 2837 1122 2884 causas
1161 2816 1551 2886 clericorum
1597 2818 1843 2907 absque
1867 2816 2238 2909 proesentia
2276 2814 2460 2899 cleri,
2508 2819 2581 2882 et

288 2947 326 2987 «
353 2923 620 2990 nullum
662 2921 883 3013 adjicit
924 2923 1203 2991 verbum
1248 2924 1328 2991 de
1376 2945 1719 2992 consensu.
1767 2948 1801 2987 »
1843 2923 1909 2992 30
1955 2924 2180 3006 Quoad
2227 2921 2581 2990 decretales

282 3028 551 3096 insertas
570 3030 691 3096 sub
710 3029 898 3096 titulo
909 3033 1003 3097 Dc
1018 3030 1123 3097 his
1141 3054 1289 3120 quae
1306 3030 1489 3120 fiunt
1513 3030 1751 3098 aProel
1753 3031 1885 3099 atis
1901 3031 2039 3098 sine
2058 3050 2378 3098 consensu
2401 3026 2581 3119 capi·

285 3133 421 3201 tuli
437 3157 463 3216 ,·
489 3157 649 3225 quas
688 3135 965 3203 ostendit
993 3137 1094 3204 vel
1122 3137 1450 3225 requirere
1475 3142 1731 3204 tantum
1759 3138 2133 3221 consilium,
2161 3135 2266 3204 vel
2290 3134 2477 3223 loqui
2498 3134 2578 3201 de

283 3239 426 3307 aliis
454 3243 665 3309 causis
688 3263 889 3330 quam
931 3242 1012 3310 de
1053 3242 1528 3310 criminalibus,
1581 3242 1659 3309 Et
1699 3244 1769 3309 in
1808 3243 1940 3311 fine
1979 3241 2295 3310 examinis
2333 3241 2579 3308 horum

283 3347 598 3430 textuum,
632 3347 821 3413 affert
848 3341 1008 3415 Rota
1042 3347 1374 3438 insignem
1416 3349 1607 3416 istam
1636 3348 1916 3436 glossam
1947 3348 2041 3439 (in
2072 3370 2130 3417 c.
2164 3350 2317 3419 Non
2342 3357 2462 3426 est,
2504 3346 2574 3429 3,

283 3451 382 3516 Dc
408 3450 794 3518 consuetud.
828 3450 899 3517 in
918 3451 982 3541 6)
1015 3452 1611 3541 :Proesupponitur
1634 3451 1815 3542 quod
1831 3453 1984 3520 licet
2006 3453 2380 3544 Episcopus
2399 3449 2581 3517 solus

285 3553 529 3621 habeat
540 3554 1077 3644 jurisdictionem
1104 3555 1177 3622 in
1214 3555 1543 3640 subditos,
1574 3556 1776 3624 illam
1807 3569 2031 3625 tamen
2042 3555 2578 3647 jurisdictionem

286 3659 474 3729 debet
503 3683 793 3729 exercere
839 3661 976 3751 ipse
995 3660 1366 3752 Episcopus
1405 3685 1554 3729 cum
1584 3662 1862 3731 consilio
1892 3663 2364 3732 canonicorum
2393 3683 2417 3727 .·
2444 3682 2580 3728 non

286 3766 431 3838 dico
448 3792 597 3837 cum
616 3790 956 3872 consensu,
985 3768 1145 3858 quia
1159 3768 1528 3862 Episcopus
1556 3792 1692 3839 non
1713 3779 1971 3839 tenetur
1985 3770 2167 3860 sequi
2182 3791 2413 3839 corum
2437 3789 2583 3836 con·

286 3874 541 3958 silium,
565 3876 707 3943 >nisi
732 3874 921 3943 velit.

323 3979 330 3984 ’
386 4000 423 4039 «
457 3976 553 4043 Ex
597 3979 838 4067 quibus
876 3983 1170 4047 remanet
1211 3980 1361 4048 satis
1403 3980 1575 4048 clare
1611 3980 2018 4049 verificatum
2052 3979 2231 4070 quod
2266 3976 2588 4069 praecitati

298 4100 334 4144 «
364 4080 570 4147 textus
599 4084 716 4170 qui
741 4086 950 4154 solent
978 4085 1243 4177 allegari
1267 4086 1348 4154 ad
1372 4085 1786 4177 probandum
1821 4086 1999 4177 quod*
2019 4086 2091 4154 in
2122 4083 2331 4155 causis
2349 4081 2588 4151 crimi-

298 4206 334 4249 «
364 4182 620 4252 nalibus
660 4188 744 4255 sit
777 4194 1174 4262 necessarius
1201 4215 1551 4262 consensus
1591 4193 1883 4285 capituli,
1908 4215 2133 4262 revera
2173 4193 2276 4261 vel
2312 4190 2597 4280 exigunt

295 4314 338 4357 «ι
361 4291 573 4466 Γῗιξῇειῐη
600 4298 1034 4383 praesentiam,
1066 4301 1166 4369 vel
1196 4305 1489 4393 expresse
1515 4307 1580 4370 et
1592 4300 1963 4371 litteraliter
1990 4304 2343 4393 exposcunt
2369 4297 2598 4368 consi-

302 4422 335 4459 «
397 4420 564 4470 mm.
600 4423 647 4466 »-
