2930 4982
456 379 582 437 500
1397 383 1741 431 nunnius

449 507 853 599 illegitimam
880 505 1075 574 hodie
1103 504 1177 571 in
1209 503 1440 572 Galliis
1463 525 1597 572 esse
1619 503 1870 594 praxim
1903 502 2123 593 plures
2157 501 2539 592 capitulares
2570 502 2717 570 vica·

448 618 578 685 rios
597 612 976 704 deputandi.
2506 612 2515 619 '

530 719 895 790 Fatendum
921 722 1139 784 tamen
1160 721 1253 784 est
1273 714 1725 806 gravissimam
1763 713 1923 782 huic
1957 711 2356 782 conclusioni
2385 712 2718 782 auctorita-

439 831 634 896 tatem
662 824 932 915 opponi,
957 823 1183 890 decem
1222 843 1457 912 nempe
1484 820 1919 888 conciliorum
1941 818 2480 904 provincialium,
2518 841 2717 887 recens

442 935 515 1003 in
529 931 740 1001 Gallia
794 929 1291 1009 celebratorum,
1317 928 1715 995 contrariam
1737 924 2263 993 declarationem.
2291 923 2456 991 Item
2494 926 2715 1015 opponi

440 1044 672 1131 potest,
699 1035 928 1105 Sedem
962 1034 1397 1125 Apostolicam
1425 1054 1583 1100 cum
1602 1032 1790 1100 dictis
1816 1031 2077 1099 vicariis
2102 1030 2566 1121 capitularibus
2589 1030 2717 1100 Gal-

439 1146 544 1215 liae
567 1165 754 1234 agere
773 1141 1183 1209 consuevisse
1212 1140 1482 1231 perinde
1506 1161 1580 1207 ac
1605 1139 1661 1206 si
1683 1138 1969 1227 legitime
1989 1138 2276 1229 deputati
2296 1138 2555 1205 fuerint.
2578 1138 2710 1218 Quae

434 1253 706 1335 utraque
733 1244 1073 1313 difficultas
1103 1245 1524 1333 sequentibus
1555 1243 2104 1334 propositionibus
2134 1243 2429 1310 diluitur.

521 1350 898 1420 Pnorosmo
945 1349 1036 1416 4⁸.
1083 1386 1175 1401 -—
1203 1349 1610 1439 Leqitimam
1643 1371 1773 1416 esse
1799 1348 2057 1416 dictam
2088 1349 2540 1438 capitulorum
2568 1345 2710 1415 Gal·-

439 1456 557 1525 liae
588 1456 821 1548 plures
865 1455 1157 1524 vicarios
1189 1456 1603 1546 capitulares
1633 1454 2004 1545 deputandi
2040 1455 2352 1544 praxim,
2389 1477 2520 1521 non
2550 1452 2709 1520 vide-

437 1574 548 1631 tur
557 1563 1005 1653 peremptorie
1032 1562 1273 1652 colliqi
1302 1584 1382 1629 ex
1411 1585 1483 1629 eo
1509 1560 1692 1652 quod
1713 1560 1930 1628 decem
1959 1560 2241 1627 concilia
2257 1560 2702 1652 provincialia,

430 1691 648 1737 recens
691 1669 763 1736 in
806 1669 1046 1737 Galliis
1079 1669 1429 1749 celebrata,
1482 1667 1838 1756 leqitiman
1876 1689 2023 1734 eam
2054 1664 2554 1752 declaraverint,
2594 1687 2706 1731 nec

429 1786 718 1842 correcta
740 1774 946 1862 fuerit
987 1772 1312 1861 ejusmodi
1337 1771 1720 1859 ,declaratio
1765 1797 1807 1840 a
1839 1773 2154 1841 Romanis
2183 1771 2589 1840 revisoribus.
2621 1810 2703 1821 -

429 1879 499 1950 Si
528 1886 983 1948 recenseantur
1006 1880 1349 1947 duodecim
1381 1879 1806 1969 provincialia
1834 1879 2135 1962 concilia,
2168 1880 2249 1946 ab
2273 1901 2442 1946 anno
2473 1875 2704 1944 1849111

428 1986 658 2056 Galliis
686 1985 930 2066 habita,
964 1987 1184 2053 decem
1214 1985 1623 2075 reperientur
1657 2008 1803 2075 quae
1833 1986 2177 2074 legitimari
2212 1986 2451 2054 dictam
2479 1983 2700 2075 praxim

435 2091 899 2181 pronuntiant;
951 2092 1204 2160 duobus
1245 2091 1390 2159 aliis
1432 2092 1555 2160 hac
1598 2093 1676 2159 de
1712 2114 1782 2159 re
1820 2091 2184 2173 silentibus.
2229 2091 2469 2160 Omnia
2515 2096 2698 2158 autem

432 2197 660 2265 decem
681 2198 947 2265 illarum
977 2198 1373 2285 synodorum
1405 2205 1543 2264 acta
1568 2206 1629 2265 et
1661 2196 1939 2282 decreta,
1973 2197 2183 2267 Sacrae
2203 2193 2696 2286 Congregationis

436 2303 696 2369 concilii
737 2303 1187 2390 recognitioni,
1221 2308 1416 2393 prout
1457 2303 1536 2370 de
1565 2304 1741 2392 jure,
1770 2303 2060 2392 subjecta
2098 2309 2273 2370 sunt.
2324 2303 2406 2370 Et
2439 2298 2697 2391 quamvis

432 2407 933 2475 eminentissimi
982 2409 1170 2475 dictae
1215 2408 1746 2498 Congregationis
1801 2409 2018 2477 Patres
2072 2409 2317 2498 aliquas
2374 2411 2442 2475 in
2488 2407 2699 2474 caeteris

433 2513 821 2579 mutationes
864 2514 1302 2600 decreverint,
1347 2515 1671 2582 intactum
1715 2523 1934 2585 tamen
1968 2517 2288 2606 reliquere
2324 2522 2553 2583 textum
2587 2534 2700 2601 quo

433 2614 655 2682 decem
697 2616 958 2705 praefata
994 2619 1272 2685 concilia
1312 2619 1699 2688 hodiernam
1742 2622 1923 2691 illam
1965 2622 2191 2690 Galliae
2228 2622 2462 2712 praxim
2496 2619 2699 2707 plures

433 2721 703 2790 vicarios
733 2721 1114 2812 capitulares
1145 2723 1500 2814 deputandi
1531 2726 1895 2815 legitimam
1927 2729 2367 2819 pronuntiant.
2411 2724 2497 2792 Ea
2526 2722 2699 2790 nobis

434 2828 739 2917 objicitur
779 2830 1164 2913 auctoritas;
1210 2835 1272 2898 et
1318 2852 1470 2899 sane
1513 2832 1892 2921 gravissima
1938 2842 2052 2903 est.
2105 2833 2289 2915 Quod
2325 2839 2534 2901 tamen
2561 2851 2697 2921 per-

437 2935 753 3021 emptoria
782 2956 916 3001 non
941 2936 1046 3021 sit,
1076 2936 1237 3003 mihi
1272 2936 1527 3004 videtur
1557 2938 1647 3005 sic
1677 2939 1938 3029 probari
1969 2961 2151 3029 posse
2180 2963 2196 3005 :

525 3034 577 3102 l.
605 3038 1004 3130 Continqere
1020 3054 1240 3132 potest
1264 3055 1342 3110 ut
1360 3044 1636 3133 aliquod
1639 3046 2033 3136 provincial
2037 3046 2094 3113 is
2113 3045 2383 3112 concilii
2397 3044 2690 3113 decretum

441 3139 521 3210 de
557 3164 622 3210 se
658 3144 935 3213 nullum
976 3148 1070 3214 sit
1119 3161 1316 3238 atque
1358 3149 1648 3218 irritum.
1696 3188 1786 3203 --
1819 3151 2095 3219 Nullum
2129 3150 2310 3219 enim
2361 3159 2423 3219 et
2463 3152 2686 3219 irritum

439 3252 613 3313 certo
636 3248 798 3317 foret
816 3252 1147 3321 decretum
1177 3276 1307 3343 quo
1338 3256 1755 3345 provincialis
1784 3258 2067 3345 synodus
2096 3257 2345 3345 aliquid
2374 3264 2581 3325 contra
2602 3258 2689 3345 jus

438 3369 816 3438 commune,
844 3359 1168 3426 autetiam
1195 3359 1501 3427 adversus
1530 3361 1872 3450 specialem
1898 3361 2080 3431 Sedis
2104 3362 2489 3452 Apostolicae
2515 3362 2686 3450 dispo-

438 3453 734 3524 sitionem
762 3462 1084 3526 statueret.
1120 3461 1189 3528 ld
1211 3469 1386 3530 extra
1414 3470 1914 3535 controversiam
1940 3473 2034 3536 est
2052 3468 2226 3558 apud
2248 3490 2475 3536 omnes
2502 3493 2517 3552 ;
2544 3488 2608 3534 ex
2631 3483 2684 3530 ea

438 3562 678 3633 scilicet
714 3564 960 3633 ratione
988 3568 1163 3655 quod
1184 3569 1293 3658 jus
1323 3591 1673 3642 commune
1699 3575 2129 3643 universalem
2173 3574 2520 3643 Ecclesiam
2546 3570 2686 3642 obli-

441 3691 625 3759 gam,
673 3671 754 3739 sit
796 3672 897 3740 lex
935 3675 1286 3764 superioris
1334 3678 1598 3746 relative
1643 3681 1721 3747 ad
1768 3683 2163 3770 provinciale
2208 3682 2597 3766 concilium;
2641 3678 2689 3742 el

437 3776 699 3846 aliunde
740 3785 1012 3868 nequeat
1057 3803 1353 3870 unquam
1402 3783 1666 3852 inferior
1712 3792 1934 3855 contra
1979 3789 2191 3878 legem
2226 3788 2570 3878 superioris
2607 3779 2690 3850 sui

436 3881 643 3949 valide
685 3889 978 3953 statuere.
1011 3884 1157 3953 Jam
1190 3908 1343 3954 vero
1382 3889 1451 3954 in
1489 3890 1710 3957 multis
1751 3893 2034 3961 materiis
2064 3895 2224 3962 adeo
2255 3894 2441 3962 facile
2468 3912 2591 3966 non
2616 3888 2692 3953 est

435 3990 796 4073 perspicere
817 4015 981 4060 num
1009 3993 1251 4084 aliquid
1270 3993 1440 4084 juris
1469 3998 1839 4065 communis
1867 3999 1974 4084 sit,
2000 4022 2086 4068 an
2124 4021 2275 4069 vero
2305 3991 2694 4090 provincialis

436 4090 697 4155 concilii
730 4094 1098 4182 legislativae
1126 4099 1415 4191 potestati
1459 4100 1869 4191 subjectum:
1904 4105 2062 4174 item
2100 4129 2268 4174 num
2296 4107 2515 4194 aliqua
2545 4101 2695 4192 juris

436 4196 806 4309 communis
838 4201 1168 4292 dispositio
1196 4207 1409 4275 adhuc
1435 4207 1672 4297 vigeat,
1704 4231 1788 4276 an
1815 4232 1967 4279 vero
1995 4234 2111 4303 per
2149 4213 2533 4280 contrariam
2558 4227 2696 4276 con·

434 4299 841 4366 suetudinem
890 4305 1191 4408 abrogata
1226 4311 1443 4398 fuerit,
1492 4314 1581 4381 ita
1623 4321 1697 4381 ut
1735 4316 1938 4384 valeat
1978 4320 2394 4409 provincialis
2434 4313 2693 4407 synodus

435 4403 971 4475 consuetudinem
1007 4411 1190 4479 illam
1234 4417 1600 4504 legitimam
1641 4409 2089 4511 pronuntiare.
2133 4425 2420 4494 Aliunde
2457 4429 2682 4498 autem,
