2930 4982
331 347 454 405 266
1296 355 1644 403 rnAcrA‘rus

339 501 373 541 «
414 475 707 544 inhibere
734 498 817 544 ne
856 480 1248 545 convocetur
1271 473 1634 566 capitulum
1663 498 1679 542 ε
1713 475 1870 542 item
1895 478 2103 566 potest
2138 473 2349 564 poenis
2376 480 2438 542 et
2464 496 2617 543 cen-

336 607 370 648 «
417 584 587 650 suris
624 605 850 672 cogere
897 583 1239 652 canonicos
1279 581 1358 650 ad
1402 582 1834 672 praestandam
1877 581 2001 649 sibi
2043 568 2307 671 copiam·
2342 588 2614 651 actuum

333 715 367 755 «
414 689 870 780 capitularium
895 715 912 757 :
945 690 1102 757 item
1126 694 1330 780 potest
1357 690 1688 758 canonicis
1710 689 2019 757 mandare
2041 693 2117 756 ut
2140 687 2439 755 intersint
2461 710 2614 757 oon-

337 821 370 861 «
412 798 584 866 cioni
614 804 903 888 tempore
945 796 1282 865 Adventus
1310 801 1372 865 et
1398 796 1950 886 Quadragesimae,
1996 794 2118 864 sub
2159 816 2352 886 poena
2389 796 2618 886 priva-

335 929 370 969 «
412 903 607 972 tionis
649 902 1186 971 distributionum
1222 903 1398 971 illius
1440 903 1605 990 diei;
1640 900 2055 970 ut'intersint
2095 901 2616 991 processionibus

333 1033 368 1073 «
414 1011 496 1077 ab
528 1009 848 1100 Episcopo
887 1011 966 1079 de
1007 1010 1278 1079 consilio
1321 1009 1615 1100 capituli,
1644 1010 1796 1077 licet
1837 1009 2089 1077 nonde
2119 1008 2414 1098 ejusdem
2451 1028 2603 1075 con-

333 1139 367 1179 «
416 1136 632 1199 sensu,
663 1115 922 1186 indictis
946 1139 1063 1208 pro
1095 1118 1353 1209 publico
1380 1118 1653 1204 honore,
1683 1116 1879 1203 bono,
1912 1116 2016 1184 vel
2040 1115 2408 1183 commodo.
2444 1112 2616 1182 Prae-

333 1245 368 1285 «
412 1226 580 1290 terea
622 1228 827 1312 potest
867 1223 1225 1315 Episcopus
1265 1224 1576 1292 mandare
1606 1245 1690 1292 ne
1727 1224 1951 1314 plures
1981 1222 2182 1290 simul
2212 1222 2349 1290 sine
2389 1242 2506 1289 sua
2533 1221 2615 1289 li-

333 1352 367 1392 «
405 1329 615 1396 centia
663 1331 1121 1400 trimestralem
1163 1354 1201 1399 a
1239 1332 1439 1400 choro
1476 1331 1879 1400 vacationem
1922 1331 2207 1422 capiant,
2252 1350 2338 1397 ne
2375 1328 2620 1397 scilicet

330 1459 365 1498 «
413 1435 627 1503 cultus
669 1435 932 1505 divinus
979 1438 1448 1507 detrimentum
1490 1439 1772 1529 patiatur
1804 1463 1820 1505 :
1859 1439 2018 1505 item
2059 1443 2135 1504 ut
2178 1442 2464 1527 tempore
2494 1435 2617 1503 de-

329 1564 365 1603 «
403 1539 540 1608 bito
563 1542 909 1628 resideant,
943 1545 1308 1634 praebendae
1336 1545 1586 1612 fructus
1614 1544 1786 1612 ultra
1807 1544 2167 1612 triennium
2210 1564 2339 1612 non
2368 1542 2616 1621 locent,

332 1671 365 1711 κ
407 1670 529 1715 nec
562 1642 863 1717 omittant
891 1651 1213 1719 celebrare
1245 1656 1334 1719 tot
1373 1671 1446 1718 ac
1477 1651 1633 1719 tales
1671 1651 1927 1736 missaS,
1958 1657 2119 1740 quot
2160 1655 2223 1718 et
2261 1650 2471 1739 quales
2502 1654 2616 1717 te-

334 1778 365 1816 «
405 1758 667 1821 nentur.
704 1754 865 1822 Item
891 1762 967 1823 ut
994 1757 1249 1825 solvant
1276 1758 1813 1838 cathedraticum,
1846 1758 1917 1826 id
1946 1764 2062 1843 est,
2106 1779 2393 1826 annuam
2420 1758 2617 1847 juxta

331 1883 362 1921 «
409 1880 620 1927 sacros
664 1880 945 1930 canones
989 1867 1398 1954 pensionem,
1448 1885 1597 1952 quae
1639 1863 1723 1931 ob
1768 1864 2082 1931 honorem
2131 1864 2450 1932 cathedrae
2494 1878 2617 1931 seu

330 1985 364 2025 «
411 1962 745 2051 dignitatis
772 1969 1153 2060 episcopalis
1182 1969 1423 2037 datur..
1440 2019 1455 2036 .
1504 1969 1664 2037 Item
1691 1975 1898 2060 potest
1930 1970 2316 2060 compellere
2345 1970 2615 2038 canoni-

333 2092 365 2130 «
412 2090 515 2136 cos
543 2070 622 2137 ad
650 2070 1222 2143 interveniendum
1265 2075 1594 2143 collationi
1640 2097 1996 2144 casuum...
2044 2076 2203 2144 Item
2249 2075 2611 2167 capitulum

329 2198 364 2237 «
410 2181 665 2245 tenetur
693 2180 774 2247 ad
811 2202 917 2249 eas
969 2182 1408 2272 processiones
1446 2182 1772 2263 accedere,
1805 2183 2048 2272 quibus
2087 2184 2438 2251 intervenit
2465 2181 2616 2272 Epi-

331 2304 365 2344 «
407 2303 638 2373 scopus
684 2287 1141 2375 pontificaliter
1177 2311 1333 2357 cum
1364 2289 1600 2356 baculo
1637 2294 1700 2357 et
1733 2290 1952 2357 mitra.
1998 2315 2032 2355 »
2079 2289 2263 2357 Hanc
2304 2289 2613 2356 ultimam

324 2389 789 2459 canonicorum
832 2394 1321 2484 obligationem,
1363 2401 1586 2485 utpote
1627 2396 1975 2486 aliquando
2008 2397 2080 2463 in
2121 2395 2399 2464 dubium
2431 2417 2615 2464 revo-

322 2498 557 2663 catgrgi,
577 2496 726 2664 tfuse
753 2500 985 2690 probat
1011 2501 1404 2570 Andreucci.
1444 2502 1562 2592 (De
1589 2502 1835 2570 tuenda
1860 2526 2114 2593 pace...
2145 2502 2314 2571 Part.
2344 2503 2394 2583 Ι,
2430 2526 2486 2570 c.
2534 2503 2605 2583 2,

323 2617 390 2662 n.
540 2621 573 2664 e
624 2623 755 2689 seq.
1765 2646 1769 2649 >

1404 2772 1653 2868 ss,

319 2932 387 2971 DE
419 2934 550 2973 JURE
579 2935 813 2977 EPISCOPI
841 2938 1071 2979 COGENDI
1106 2936 1411 2983 CAP1TULUM
1440 2944 1511 2983 U'r
1540 2944 1644 2983 SIBI
1672 2945 1940 2986 EXHIBEAT
1976 2946 2162 2987 LIBROS
2189 2946 2607 2987 REsoLn‘rtoNvu

1263 3040 1662 3083 CAPITULARIUM

373 3269 382 3281 .
420 3225 482 3289 1.
539 3245 572 3285 α
614 3217 970 3311 Episcopus
1013 3226 1217 3312 potest
1253 3246 1481 3314 cogere
1519 3226 1883 3317 capitulum
1925 3227 2005 3295 ad
2048 3228 2174 3297 sibi
2210 3227 2611 3296 exhibendos

329 3351 363 3393 «
402 3327 630 3407 libroS,
671 3327 740 3393 in
779 3327 1018 3415 quibus
1061 3330 1454 3398 adnotantur
1481 3333 1903 3401 resolutiones
1939 3335 2353 3425 capitulares,
2385 3333 2465 3401 Et
2496 3354 2609 3401 ra-

329 3458 364 3499 «
402 3433 490 3498 tio
512 3436 628 3511 est,
660 3434 816 3520 quia
838 3432 1140 3526 Episcopi
1166 3459 1324 3504 cura
1352 3459 1488 3505 esse
1517 3437 1704 3505 debet
1729 3460 1812 3506 ne
1831 3440 1992 3507 fiant
2020 3440 2447 3510 resolutiones
2468 3439 2611 3529 juri

329 3561 361 3604 «
408 3538 771 3606 contrariae.
804 3562 838 3603 »
878 3537 947 3607 ld
982 3542 1208 3631 probat
1238 3540 1728 3612 Scarfantonius
1767 3568 1843 3614 ex
1881 3546 2076 3614 variis
2112 3545 2608 3614 auctoritatibus

320 3644 389 3735 (t.
425 3641 507 3724 11,
536 3666 603 3733 p.
638 3642 792 3730 110,
820 3665 891 3712 η.
926 3645 1040 3725 42,
1070 3648 1263 3714 editio
1294 3647 1516 3733 Lucae,
1552 3650 1775 3740 1723).

405 3746 474 3814 2.
509 3747 696 3828 Quod
725 3751 837 3838 jus
879 3751 1153 3840 cogendi
1196 3754 1554 3843 capitulum
1598 3757 1680 3823 ad
1718 3756 2101 3845 hujusmodi
2139 3756 2610 3823 exhibitionem

317 3854 681 3921 extenditur
721 3856 802 3922 ad
845 3857 1158 3926 vicarium
1201 3862 1571 3946 generalem
1619 3861 1964 3953 Episcopi3
2015 3868 2077 3930 et
2113 3861 2611 3953 comprehendit

316 3955 513 4022 etiam
551 3959 971 4029 resolutiones
1002 3968 1359 4052 spectantes
1390 3967 1648 4055 negotia
1676 3969 2091 4057 particularia
2125 3967 2424 4059 capituli,
2457 3968 2610 4037 licet

317 4061 389 4127 in
435 4080 662 4128 eorum
702 4068 1075 4136 tractatione
1120 4070 1516 4140 intervenire
1568 4082 1846 4163 nequeat
1890 4075 2250 4168 Episcopus
2294 4098 2419 4145 nec
2466 4079 2611 4165 ejus

315 4162 596 4232 vicarius
636 4173 973 4253 generalis
1012 4174 1127 4265 (Ita
1157 4176 1342 4245 docet
1366 4175 1557 4247 Card.
1594 4179 1803 4264 Petra,
1834 4182 1905 4248 in
1936 4187 2144 4250 const.
2185 4182 2244 4248 1.
2276 4180 2342 4250 S.
2370 4182 2612 4250 Leonis

318 4269 561 4361 Magni,
611 4280 762 4341 sect.
808 4276 876 4358 2,
911 4301 977 4343 n.
1014 4281 1125 4365 55,
1161 4289 1314 4351 tom.
1346 4284 1395 4352 Ι.
1424 4301 1517 4339 --“·
1540 4286 1620 4354 Et
1647 4287 2156 4373 ScarfantoniUS,
2186 4288 2330 4356 loco
2354 4286 2605 4375 citato.)
