2930 4982
1203 351 1283 395 DE
1329 352 1660 398 cavimus,
2492 348 2571 401 23

306 494 335 532 «
360 469 527 537 inter
551 474 853 537 sanctum
883 468 1270 537 Anselmum
1300 469 1665 538 Lucensem
1694 471 2092 563 Episcopum
2126 478 2187 539 et
2212 494 2362 541 suos
2383 497 2574 544 cano-

303 575 566 661 «nicos,
598 575 676 641 de
706 597 836 663 qua
866 574 1006 644 fuse
1051 577 1184 665 agit
1234 577 1524 644 Andreas
1547 577 1706 646 Rota
1732 577 1825 669 (in
1877 577 2079 646 sancti
2110 577 2413 669 Episcopi
2439 579 2577 647 his·

301 706 331 743 «
360 681 546 767 toria,
575 702 635 747 c.
665 680 801 771 xm)
830 704 846 765 3
880 680 999 748 ubi
1032 688 1298 772 apparet
1329 684 1795 752 canonicorum
1829 683 2076 774 aliquot
2111 687 2181 751 in
2221 690 2576 753 extremam

301 786 647 856 «efferatos
693 789 939 856 rabiem
969 796 1253 883 extrema
1282 790 1499 879 potius
1526 790 1749 858 subire
1780 791 2077 874 voluisse,
2113 813 2312 881 quam
2353 798 2575 860 sancto

298 920 326 955 «
358 893 676 986 Episcopo
703 916 927 984 parere
956 900 1018 961 et
1045 896 1190 963 vitae
1216 897 1560 964 communi
1594 919 1731 964 sese
1761 897 2271 965 accommodare.

380 1028 413 1066 «
440 998 761 1080 Quinimo
799 1003 1034 1070 saeculo
1071 1003 1299 1070 eodem
1331 1010 1592 1070 sanctus
1627 1001 1983 1092 Gregorius
2006 1001 2125 1070 Vll
2168 1004 2286 1093 (1),
2317 1009 2391 1071 ut
2422 1003 2577 1094 Epi-

296 1134 324 1168 «
353 1109 530 1198 scopi
565 1130 640 1174 ea
670 1109 741 1175 in
771 1131 844 1176 re
889 1110 1238 1176 canonicos
1277 1109 1402 1177 sibi
1431 1110 1949 1200 obtemperantes
1996 1110 2333 1193 haberent,
2362 1110 2578 1177 decre·

296 1239 327 1277 «
352 1212 551 1279 talem
568 1215 1094 1282 constitutionem
1115 1216 1316 1282 edidit
1340 1214 1443 1307 (de
1463 1216 1594 1282 vita
1617 1221 1678 1281 et
1695 1216 1947 1282 honest.
1968 1213 2404 1290 Clericorum,
2432 1235 2571 1303 cap.

297 1341 327 1378 «
361 1318 715 1409 Quoniam)
744 1345 769 1387 .·
815 1321 1169 1408 Quoniam,
1214 1322 1449 1410 inquit,
1502 1320 1866 1389 statuimus
1895 1332 1972 1387 ut
1997 1319 2443 1410 facultatibus
2484 1340 2580 1386 ec-

299 1452 327 1486 «
354 1426 698 1494 elesiarum
767 1439 1164 1509 vestrarum,
1208 1428 1649 1519 proventibus
1721 1441 1784 1495 et
1851 1427 2154 1517 expensis
2231 1426 2579 1516 diliqenter

268 1558 322 1596 .«
352 1533 686 1624 inspectis,
743 1546 994 1602 certum
1037 1532 1139 1602 in‘
1163 1535 1253 1602 eis
1303 1534 1586 1605 valeatis
1627 1556 1882 1624 ponere
1929 1554 2281 1603 numerum
2320 1532 2580 1599 clerico-

292 1666 322 1703 «
351 1662 533 1724 rum,
557 1652 622 1707 et
643 1652 934 1709 statuere
969 1653 1049 1709 ut
1079 1642 1251 1709 bona
1285 1664 1516 1710 eorum
1542 1642 1816 1709 veniant
1850 1642 1920 1708 in
1945 1662 2314 1721 commune,
2346 1638 2419 1705 in
2443 1660 2580 1716 una

287 1771 321 1807 «
348 1744 549 1814 domo
577 1759 958 1835 vescantur,
992 1760 1193 1838 atque
1218 1749 1340 1815 sub
1372 1772 1505 1818 uno
1540 1760 1707 1816 tecto
1741 1748 2083 1817 dormiant
2107 1758 2170 1815 et
2190 1747 2526 1838 quiescant
2552 1767 2576 1809 .·

290 1853 595 1920 «sivero
649 1854 1160 1923 contradictores
1209 1855 1581 1943 eoetiterint,
1612 1856 1873 1923 licitum
1927 1856 2111 1923 vobis
2163 1855 2250 1922 sit
2286 1876 2414 1945 per
2435 1873 2575 1919 sus-

290 1982 319 2018 «
334 1959 731 2047 pensionem
776 1960 1009 2050 officii,
1053 1975 1118 2029 et
1163 1960 1483 2049 beneficii,
1526 1985 1604 2029 ac
1662 1961 1964 2051 qraviori
2008 1963 2212 2029 etiam
2260 1982 2488 2050 poena,
2522 1959 2582 2025 si

284 2086 512 2153 «opus
548 2066 785 2156 fuerit,
834 2066 930 2134 ad
964 2066 1137 2135 hanc
1185 2062 1685 2135 observantiam
1728 2091 1833 2137 eos
1880 2068 2293 2159 compellere,
2336 2065 2573 2156 appel-

285 2170 600 2238 «latione
627 2195 761 2239 non
806 2173 1133 2241 obstante.
1175 2199 1210 2238 »
1267 2174 1358 2240 lta
1408 2173 1781 2242 Andreucci
1826 2176 2143 2242 societatis
2175 2174 2351 2255 Jesu,
2388 2173 2575 2239 initio

272 2278 380 2343 sui
416 2284 748 2363 tractatuS,
780 2285 875 2346 De
902 2280 1147 2347 tuenda
1175 2281 1525 2348 concordia
1550 2283 1724 2347 inter
1764 2283 2174 2370 Episcopum
2213 2292 2277 2345 et
2308 2281 2570 2369 capitu-

274 2383 449 2446 lum.

1364 2554 1480 2630 §7

274 2731 511 2776 QUAENAM
539 2732 770 2771 FUERINT
803 2733 1156 2772 CELEBRIORES
1186 2734 1416 2781 ALIQUOT
1445 2736 1754 2788 DISCORDIAE,
1788 2738 1822 2775 Λ
1850 2735 2178 2776 MILLENARIO
2208 2735 2470 2776 ECCLESIAE
2500 2735 2568 2772 AD

1122 2840 1238 2879 ΠΕΟ
1277 2840 1450 2886 USQUE
1488 2841 1736 2880 TEMPORA

368 3040 406 3078 «
430 3012 654 3080 Prima
677 3011 844 3078 inter
872 3011 1267 3101 Episcopum
1298 3015 1359 3078 et
1389 3010 1752 3099 capitulum
1790 3009 2111 3077 discordia
2132 3009 2259 3076 fuit
2285 3033 2359 3076 ex
2388 3032 2571 3078 occa-

275 3120 475 3202 sione,
531 3125 605 3184 ut
648 3116 959 3199 diximus,
1002 3116 1147 3183 vitae
1193 3115 1594 3199 communiS,
1652 3138 1853 3205 quarn
1914 3113 2217 3207 Episcopi
2251 3116 2574 3203 urgebant

274 3227 615 3312 acerrime,
645 3225 942 3292 canonici
985 3246 1138 3291 vero
1173 3224 1444 3291 omnino
1479 3221 1906 3306 recusabant:
1950 3222 2126 3289 unde
2173 3221 2410 3289 Leonis
2452 3220 2564 3308 IX,

279 3332 626 3401 Alexandri
652 3330 762 3418 lll,
779 3331 1077 3419 Gregorii
1103 3328 1246 3410 Vll,
1262 3329 1674 3418 aliorumque
1700 3329 2150 3397 Romanorum
2169 3327 2567 3396 Pontificum

282 3440 762 3507 constitutIones
790 3436 1107 3526 prodiere.
1143 3434 1295 3503 Haec
1328 3436 1594 3503 tandem
1650 3457 2015 3526 compressa
2062 3442 2156 3503 est
2189 3440 2329 3525 post
2357 3457 2571 3502 saecu-

283 3543 417 3611 lum
443 3545 778 3612 decimum
807 3542 1095 3628 tertium,
1127 3541 1619 3631 persistentibus
1636 3542 1970 3609 canonicis
1999 3541 2068 3607 in
2091 3547 2387 3630 suscepto
2423 3540 2571 3609 vitae

280 3652 627 3740 singularis
659 3648 930 3717 consilio
961 3675 977 3734 ;
1004 3649 1160 3716 adeo
1199 3653 1274 3714 ut
1300 3648 1536 3714 frustra
1563 3647 1698 3737 ipse
1720 3653 1980 3714 sanctus
2005 3645 2273 3714 Carolus
2303 3647 2570 3733 nuperis

282 3755 678 3846 temporibus
707 3758 985 3821 veterem
1001 3753 1265 3843 vivendi
1286 3775 1539 3820 morem
1563 3754 1633 3819 in
1658 3754 1790 3820 suis
1807 3751 2139 3819 canonicis
2157 3750 2565 3839 exoptaverit.

372 3888 407 3927 «
451 3862 673 3930 Altera
718 3860 847 3928 fuit
873 3880 949 3926 ex
986 3880 1061 3925 eo
1090 3858 1263 3947 quod
1309 3856 1514 3946 aliqui
1562 3877 1638 3922 ex
1691 3855 2029 3946 Episcopis
2060 3876 2193 3924 non
2230 3861 2568 3926 uterentur

283 3968 550 4037 consilio
574 3968 1070 4052 canonicorum,
1099 3966 1171 4033 in
1200 3964 1571 4045 abbatibus,
1601 3962 1938 4031 abbatissis
1967 3969 2028 4030 et
2074 3964 2218 4032 aliis
2242 3965 2569 4034 ecclesias·

344 4174 411 4237 (1)
448 4174 636 4224 Auctor
663 4177 863 4235 citatus,
894 4174 1161 4225 tribuendo
1183 4174 1318 4225 hanc
1341 4175 1650 4226 decretalem
1679 4178 1855 4226 sancto
1878 4175 2114 4239 Gregorio
2141 4176 2244 4236 Vll,
2274 4179 2573 4229 contradicit

281 4255 549 4304 canonistis
570 4258 656 4317 qui
681 4259 738 4305 ut
762 4255 1001 4305 Gonzalez
1026 4255 1166 4305 Illam
1193 4268 1303 4305 esse
1331 4254 1556 4317 Gregorii
1576 4255 1685 4306 vin
1709 4259 2016 4307 existimant.
2040 4256 2205 4306 Videri
2227 4259 2382 4307 etiam
2405 4261 2572 4318 potest

286 4333 333 4381 in
365 4345 519 4385 cansa
546 4334 789 4398 Brugensi
813 4337 873 4383 24
902 4337 1103 4397 augusti
1136 4338 1276 4396 1850,
1302 4334 1607 4398 probabilius
1634 4348 1769 4398 esse,
1801 4339 1853 4387 in
1876 4336 1972 4386 hac
1996 4335 2231 4387 decretali
2258 4337 2337 4395 agi
2366 4336 2570 4382 tantum

281 4412 341 4462 de
373 4417 623 4466 canonicis
653 4414 982 4477 regularibus.
