2930 4982
1159 326 1238 372 ΒΕ
1283 317 1609 373 cm‘nims.
2402 318 2525 376 559

237 445 765 537 jurisdictionem
796 437 1186 534 delegatam,
1223 441 1487 512 muneri
1515 431 1862 536 episcopali
1899 446 1965 513 in
1999 452 2383 537 perpetuum
2417 471 2533 517 an-

242 570 495 636 nexam,
523 547 800 620 transire
847 552 927 619 ad
957 550 1322 642 capitulum
1369 547 1584 621 :nam‘
1613 550 1946 641 probabile
1975 554 2295 621 est'talem
2335 555 2529 626 fuisse

239 653 610 747 delegantis,
633 649 945 743 mentem,
991 675 1165 725 cum>
1191 657 1518 747 pleraeque
1545 657 1827 725 rationes
1854 649 1930 725 ex
1956 655 2197 747 quibus
2231 645 2531 732 censetur

237 765 541 854 delegans
561 763 1027 838 determinatus
1052 763 1255 831 fuisse
1274 757 1359 831 'ad
1378 755 2274 854 committendam-Episcopis
2298 767 2530 854 hu'jus-

235 874 414 943 modi
438 872 993 964 jurisdictionem,
1018 876 1296 960 urgeant
1320 872 1517 939 ‘etiam
1548 876 1623 938 ut
1649 875 1986 939 censeatur
2005 870 2282 938 voluisse
2313 873 2523 962 illam,

232 981 384 1051 sede
411 987 700 1063 vacante,
745 980 813 1046 in
846 978 1207 1068 capitulum
1232 979 1530 1045 transire.
1581 977 1893 1070 Praeterea
1926 976 2241 1044 sententia
2285 999 2527 1066 negans

232 1110 371 1156 non
420 1092 623 1178 potest
669 1075 956 1153 mentem
1001 1086 1395 1153 contrariam
1433 1085 1794 1181 delegantis
1826 1084 2097 1175 probare
2125 1106 2142 1149 ε
2200 1084 2530 1174 praecipua

230 1193 601 1262 enim‘ratio
634 1192 820 1260 istius
846 1191 1179 1259 sententiae
1223 1189 1320 1281 (ut
1346 1190 1565 1259 videre
1613 1196 1709 1258 est
1745 1189 1919 1279 apud
1945 1187 2359 1276 Fagnanum,
2387 1187 2529 1260 loco

232 1299 453 1387 citato)
485 1305 580 1367 est
602 1287 842 1387 aliquis
866 1320 1052 1366 casus
1087 1293 1534 1388 particularis,
1561 1297 1631 1364 in
1674 1318 1807 1386 quo
1824 1298 1937 1385 jus
1979 1299 2195 1384 aperte
2247 1295 2531 1366 declarat

221 1406 753 1498 jurisdictionem
785 1404 1102 1493 Episcopo
1126 1403 1485 1491 delegatam
1516 1424 1648 1470 non
1674 1403 1974 1484 transire,
2009 1421 2216 1467 vacua
2236 1400 2410 1480 sede,
2446 1406 2529 1473 ad

230 1512 597 1631 capitulum
617 1536 634 1596 ;
663 1509 770 1577 sed
796 1509 972 1598 quod
988 1508 1133 1610 talis
1163 1508 1360 1576 fuerit
1381 1530 1568 1576 mens
1587 1508 1943 1596 delegantis
1969 1506 2041 1574 in
2064 1527 2213 1574 casu
2241 1508 2530 1596 particu-

231 1617 379 1700 lan,
409 1639 541 1684 non
569 1617 801 1706 probat
819 1607 1114 1683 eamdem
1136 1615 1333 1683 fuisse
1354 1614 1426 1681 in
1449 1614 1693 1683 caeteris
1711 1613 2025 1710 omnibus
2049 1612 2306 1681 casibus
2326 1642 2343 1702 3
2374 1617 2529 1704 quia

232 1713 519 1814 exceptio
559 1721 845 1809 regulae,
888 1719 1135 1787 nedum
1183 1726 1414 1810 arguat
1459 1707 1755 1810 regulam
1801 1741 1936 1787 non
1958 1718 2248 1802 existere,
2282 1720 2466 1789 illam
2491 1746 2528 1792 e

234 1833 460 1897 contra
494 1827 860 1895 confirmat.‘
882 1824 1329 1893 'probabilitas
1362 1828 1698 1894 senten'tiae
1725 1824 2115 1893 affirmantis
2147 1825 2290 1893 erui
2320 1831 2524 1915 potest

232 1934 504 2025 insuper
526 1955 603 2001 ex
639 1932 803 2021 stylo
851 1953 963 1999 seu
1015 1931 1198 2021 praxi
1223 1929 1533 1998 Romanae
1562 1929 1798 1999 Curiae.
1838 1930 2114 2024 Quando
2142 1931 2350 2014 enim,
2375 1933 2525 2001 sede

232 2045 526 2121 vacante,
587 2034 998 2127 expediendae
1045 2043 1196 2103 sunt
1244 2034 1755 2125 ‘dispensationes
1799 2034 2341 2120 matrimoniales»,
2392 2036 2527 2107 sive

233 2145 378 2211 aliae
403 2145 624 2233 gratiae
638 2130 1025 2232 Apostolicaa
1048 2148 1160 2208 aut
1177 2140 1432 2227 litterae,
1460 2137 1705 2210 dataria
1732 2147 1802 2209 et*
1818 2140 2199 2210 cancellaria
2223 2147 2286 2209 et
2315 2164 2525 2212 secre-

235 2239 399 2313 taria
429 2247 737 2314 Brevium
777 2258 911 2314 non
946 2235 1316 2315 rescribunt
1333 2249 1875 2315 eli-executionem
1898 2245 2321 2315 committunt
2349 2252 2526 2339 capi-

229 2353 372 2421 tulo
417 2347 521 2421 x'rel
568 2353 808 2421 vicario
842 2343 1218 2443 capitulari,
1242 2353 1389 2421 ‘'s‘ed
1428 2354 1735 2422 viciniori
1765 2352 2119 2444 Episcopo.
2184 2352 2398 2443 Atque
2441 2360 2525 2426 ita

228 2456 485 2529 Sanctae
504 2447 689 2530 Sedis
722 2482 907 2528 mens
926 2461 1252 2551 aperitur,
1297 2470 1428 2529 non
1450 2451 1876 2529 'vultscilicet
1900 2482 1960 2528 a·
1986 2453 2270 2557 capitulo
2298 2463 2526 2533 haberi

226 2573 294 2636 et
351 2556 630 2635 exerceri
689 2568 1209 2656 jurisdictionem
1250 2555 1644 2656 'delegatam‘
1678 2567 1890 2665 quoad
1944 2555 2057 2634 illa
2110 2570 2525 2657 'particularia

226 2673 511 2762 negotia‘.
539 2662 708 2740 Cum
740 2684 911 2762 'ergo‘
929 2673 1098 2741 nihil
1124 2673 1342 2741 ‘simile
1371 2674 1562 2742 faciat
1588 2674 1802 2762 quoad
1821 2673 2347 2771 jurisdictionem
2374 2701 2524 2769 per-

221 2782 426 2866 petuo
444 2776 808 2864 delegatam
831 2784 894 2844 et
918 2779 1181 2845 muneri
1204 2778 1555 2868 episcopali
1586 2794 1931 2862 annexam,
1967 2778 2219 2846 videtur
2247 2801 2525 2850 consen-

222 2881 353 2949 tire
371 2891 444 2949 ut
465 2881 580 2948 ista
602 2882 682 2948 ad
699 2881 1061 2971 capitulum
1078 2889 1374 2950 transeat.
1391 2882 1582 2963 Quod
1600 2884 1798 2951 etiam
1820 2884 2146 2952 adnotavit
2160 2883 2523 2958 Cardinalis

217 2988 311 3056 de
357 2987 568 3069 L'uca3
610 2994 955 3078 postquam
1001 2989 1182 3055 enim
1233 2978 2091 3078 quaestimemmemoravit
2132 2991 2233 3059 bis
2265 2995 2514 3079 ¹verbu,

229 3121 266 3159 α
301 3100 594 3184 atque-ex
614 3093 753 3161 'hoc
783 3094 947 3183 stylo
969 3095 1279 3162 resultare
1301 3095 1572 3165 videtur
1591 3086 1833 3164 decisio
1858 3097 2241 3185 ³quaestionis
2278 3098 2347 3165 in
2391 3122 2522 3189 qua

228 3222 264 3263 ι(
292 3198 968 3267 scribentesvidentur
982 3216 1048 3267 se
1061 3194 1416 3287 involvere3
1431 3222 1514 3267 an
1536 3201 1777 3269 scilicet
1792 3201 1859 3266 in
1871 3205 1898 3290 j
1908 3190 2325 3271 urisdictione
2340 3203 2392 3271 E
2397 3207 2522 3295 pis-

229 3330 269 3372 «
304 3311 468 3395 copo
495 3299 596 3372 vel
615 3300 858 3371 vicario
883 3305 1171 3392 generali
1193 3305 1505 3395 delegata,
1534 3307 1897 3398 capitulum
1930 3328 2045 3375 seu
2072 3310 2217 3398 ejus
2245 3302 2548 3382 vicarius

231 3438 268 3475 ι(
302 3410 622 3490 succedat,
649 3434 684 3474 »
717 3410 1060 3498 subjungit
1087 3407 1474 3480 sententiam
1499 3413 1966 3491 ‘affirmativam
1990 3417 2335 3483 tenendam
2354 3440 2516 3508 esse,

231 3544 268 3580 «
298 3517 372 3584 in
390 3534 477 3584 *ea
503 3514 903 3604 delegatione
928 3518 1223 3604 generali·
1244 3513 1390 3607 quae
1414 3536 1532 3609 per
1574 3520 1928 3588 concilium
1958 3519 2421 3589 Tridentinnm
2456 3532 2520 3592 et

227 3646 277 3690 κ
300 3622 702 3712 Apostolicas
717 3618 1514 3690 constitutiones'locorum
1525 3616 1871 3691 ordinariis
1890 3626 2269 3692 conceditur
2294 3650 2310 3694 ;
2336 3649 2521 3700 secus

230 3757 269 3797 ι(
298 3735 522 3798 autem
558 3730 626 3797 in
647 3728 730 3796 iis
759 3729 1150 3819 specialibus
1177 3728 1692 3817 delegationibus
1733 3728 1906 3817 quaes
1929 3731 2212 3819 capitulo
2245 3733 2351 3800 vel
2377 3737 2519 3826 ejus

232 3863 271 3901 «
300 3835 544 3903 vicario
564 3834 760 3923 dirigi
790 3847 925 3901 non
940 3832 1174 3901 solent.
1203 3858 1237 3898 »
1278 3832 1799 3924 (Armotationes
1821 3830 2106 3902 adeone.
2147 3837 2361 3921 Trici„
2392 3842 2517 3912 dis-

219 3964 465 4012 cursus
489 3942 599 4025 3⁵1,
631 3964 700 4008 n.
725 3939 813 4010 36
841 3946 902 4006 et
929 3938 1069 4029 37.)
1100 3937 1392 4007 Tandem
1427 3940 1843 4030 probabilitas
1866 3943 2197 4011 sententiae
2218 3947 2515 4020 affirma-

221 4051 492 4117 mativae
518 4069 594 4115 ex
611 4038 751 4116 solo*
762 4053 1107 4115 auctorum
1133 4046 1252 4136 ipsi
1276 4046 1755 4115 adbaerenti‘uni
1772 4070 2052 4116 numero
2071 4049 2219 4119 satis
2239 4066 2505 4129 constat.

211 4155 299 4224 ⁴2⁰
329 4151 630 4222 Vicarius
671 4153 1038 4243 capitularis
1068 4152 1261 4219 habet
1283 4152 1557 4243 insuper
1585 4145 1851 4221 titulum
1881 4155 2265 4240 coloratum,
2315 4177 2514 4254 regu..

220 4259 363 4327 lam
387 4254 624 4350 nempe*
647 4256 1014 4346 generalem
1043 4264 1108 4326 et
1128 4259 1211 4327 ab
1231 4258 1540 4327 omnibus
1563 4260 1937 4347 admissam,
1959 4265 2511 4355 quodjurisdictio

220 4364 632 4456 Episcopalis‘
655 4364 734 4433 ad
765 4363 983 4455 ipsum
1017 4364 1402 4454 generaliter
1423 4370 1731 4454 transeat,
1765 4371 2052 4460 exceptis
2074 4388 2219 4460 quae
2247 4371 2321 4439 in
2357 4376 2512 4464 jure
