2930 4982
420 328 546 384 448
1393 329 1753 393 maurus,

1513 558 1612 637 §6

416 723 485 763 AN
525 721 580 761 IN
620 719 784 759 STATU
826 716 1096 758 PRAESBNTJ
1149 712 1517 755 Eccmsunuu
1567 713 1776 754 GALLOE
1822 710 2211 753 anun-muno!
2256 698 2359 751 SIT'
2386 712 2695 756 pumero!

1033 814 1125 854 JUS
1166 813 1539 853 caplwbonuu
1579 811 1736 852 CIRGA
1774 810 2092 851 smmuma·

503 972 552 1043 1.
577 973 822 1062 Legem
842 971 1033 1039 modo
1051 969 1402 1061 expositam
1424 975 1661 1038 sanctae
1673 967 2068 1036 Tridentinae
2083 967 2340 1056 synodi,
2362 967 2433 1035 in
2453 966 2696 1058 praxim

415 1079 803 1168 generaliter
822 1068 1169 1146 deductam
1193 1074 1413 1159 fuisse,
1436 1077 1630 1144 etiam
1653 1076 1722 1142 in
1741 1073 1975 1162 Gallia,
2002 1094 2078 1145 ex
2104 1074 2326 1141 multis
2347 1074 2695 1142 documenss

412 1184 497 1251 tis
521 1180 944 1250 demonstrari
973 1184 1216 1272 posset3
1250 1186 1314 1247 et
1340 1181 1544 1248 videri
1575 1185 1776 1272 potest
1804 1180 1874 1246 in
1912 1177 2345 1270 publicatione
2376 1178 2693 1273 periodica

413 1290 513 1357 La
552 1285 1128 1380 Correspondance
1163 1285 1486 1354 Romaim
1520 1286 1715 1377 (anno
1757 1285 1956 1372 1851,
1995 1283 2253 1376 paginis
2284 1283 2410 1352 241
2451 1289 2517 1352 et
2550 1284 2690 1377 273)

411 1394 558 1462 fusa
586 1394 948 1463 eruditione
996 1394 1353 1461 evolutum.
1395 1393 1471 1461 ln
1498 1392 1709 1461 Gallia
1742 1398 1985 1478 tamen,
2020 1394 2159 1482 jam
2185 1397 2330 1459 ante
2368 1393 2694 1484 perturba·

412 1500 659 1569 tionem
689 1505 846 1569 anni
882 1498 1080 1583 1793,
1123 1521 1255 1567 non
1282 1491 1627 1568 defuerunt
1662 1500 1779 1590 qui
1817 1500 1987 1567 hanc
2008 1499 2221 1587 legem
2251 1498 2691 1588 obligatoriam

414 1627 547 1675 esse
569 1609 1092 1696 denegarent‚,ut
1120 1606 1269 1674 satis
1294 1606 1533 1695 patebit
1551 1628 1625 1672 ex
1644 1605 2066 1694 sequentibus
2090 1606 2498 1674 citationibus
2525 1631 2542 1673 :

512 1739 545 1776 α
577 1713 667 1781 Le
692 1716 1207 1802 gouvernement
1248 1712 1358 1779 des
1391 1712 1774 1780 seminaires
1795 1712 1906 1779 des
1936 1712 2220 1779 dioceses
2255 1712 2504 1803 depend
2527 1711 2691 1779 dela

423 1847 459 1887 ι(
493 1819 821 1911 prudence
847 1819 957 1887 des
984 1820 1287 1906 eveques,
1320 1816 1437 1905 qui
1463 1817 1607 1884 leur
1634 1816 1925 1885 donnent
1943 1817 2052 1886 des
2070 1823 2298 1886 statuts
2328 1817 2495 1886 ainsi
2513 1817 2692 1907 qu'ils

422 1951 454 1990 «
489 1926 551 1993 16
573 1928 808 2015 jugent
835 1926 983 2015 plus
1036 1924 1431 1997 convenable
1462 1946 1584 1990 aux
1611 1924 1784 1992 lieux
1824 1927 1886 1990 et
1919 1947 2045 1991 aux
2088 1946 2461 2013 personnes.
2492 1924 2590 2013 On
2616 1947 2693 1993 ne

424 2031 628 2099 «leur
665 2031 912 2120 impose
941 2055 1055 2122 pas
1082 2030 1486 2120 l’obligation
1516 2031 1594 2098 de
1624 2030 1900 2121 prendre
1926 2030 2110 2097 l’avis
2136 2030 2214 2098 de
2238 2030 2405 2098 deux
2438 2031 2692 2099 chanoi-

421 2159 593 2205 «nes
620 2138 698 2205 de
719 2138 861 2205 leur
881 2137 1264 2206 cathedrale.
1290 2174 1382 2188 —
1407 2137 1468 2203 A
1489 2136 1735 2225 l’egard
1764 2136 1842 2203 de
1868 2136 2292 2227 l’imposition
2324 2159 2439 2204 sur
2477 2138 2564 2205 les
2589 2137 2691 2205 be-

421 2270 455 2310 «
485 2244 720 2312 nefices
752 2245 843 2312 du
873 2245 1148 2328 diocese,
1173 2244 1294 2312 elle
1319 2248 1412 2310 est
1431 2242 1579 2309 faite
1604 2264 1719 2333 par
1737 2242 1831 2309 les
1855 2242 2133 2331 eveques
2153 2264 2307 2310 avec
2328 2243 2424 2313 les
2448 2243 2690 2332 syndics

421 2377 455 2416 α
483 2357 545 2419 et
572 2352 842 2441 deputes
865 2374 990 2420 aux
1013 2353 1301 2420 bureaux
1329 2350 1439 2417 des
1472 2350 1753 2417 decimes
1783 2349 1861 2416 de
1884 2349 2058 2418 leurs
2082 2348 2394 2434 dioceses,
2427 2351 2689 2441 lesquels

418 2482 454 2522 «
481 2478 547 2525 se
572 2457 977 2526 conforment
1000 2481 1124 2526 aux
1152 2457 1367 2527 lettres
1410 2462 1693 2547 patentes
1717 2456 1806 2524 du
1846 2456 1944 2525 roi
1983 2456 2098 2547 qui
2129 2462 2241 2525 ont
2271 2458 2369 2525 ete
2394 2458 2691 2527 obtenues

417 2586 451 2625 ι(
481 2584 650 2651 pour
667 2562 1001 2650 l’erection
1030 2565 1141 2632 des
1168 2564 1567 2632 seminaires.
1597 2589 1630 2628 »
1665 2562 2032 2653 (Me‘moires
2052 2564 2140 2631 du
2163 2565 2396 2654 clergo,
2428 2571 2578 2632 tom.
2606 2565 2686 2649 ΙΙ,

408 2691 476 2758 p.
514 2666 669 2749 590,
707 2671 856 2734 nota
906 2668 1223 2759 editoris.)
1271 2668 1457 2749 Quae.
1491 2674 1664 2754 nota,
1724 2670 1776 2737 si
1822 2691 1974 2737 vera
2026 2670 2131 2757 sit,
2173 2671 2400 2737 indicat
2424 2672 2564 2759 jam
2609 2692 2685 2739 eo

409 2779 699 2865 tempore
765 2774 1229 2864 obligationem
1278 2774 1657 2863 requirendi
1706 2774 2166 2865 deputatorum
2225 2776 2687 2843 canonicorum

412 2882 667 2950 consilii
695 2881 1044 2950 excussisse
1074 2881 1387 2952 Praesules
1422 2880 1675 2966 Galliae,
1708 2882 1871 2949 dum
1891 2882 2092 2949 simul
2115 2881 2510 2972 cogebantur
2533 2884 2688 2972 jugo

409 2990 733 3077 potestatis
776 2989 1010 3074 civilis,
1058 2988 1126 3056 id
1155 2989 1324 3078 quod
1370 2988 1693 3078 praedictis
1740 2988 2059 3079 deputatis
2101 2988 2498 3080 eripiebatur
2521 2988 2687 3056 inva-

411 3093 644 3177 dentis,
678 3095 844 3162 colla
871 3095 1273 3163 submittere.
1321 3095 1712 3162 Advertatur
1741 3096 1857 3162 iste
1886 3095 2121 3163 modus
2146 3095 2459 3184 loquendi
2491 3118 2573 3162 on
2611 3115 2685 3161 ne

411 3196 560 3265 leur
587 3199 835 3289 impose
845 3222 1001 3290 pas.
1035 3198 1195 3279 Quis
1234 3199 1352 3267 iste
1377 3222 1464 3266 on
1481 3203 1518 3266 ?
1545 3199 1688 3292 Non
1713 3199 1999 3268 Ecclesia
2037 3205 2233 3279 certe,
2262 3222 2399 3276 non
2430 3197 2683 3266 Triden-

408 3301 546 3366 tina
575 3306 886 3392 synodus,
915 3328 1060 3396 quae
1094 3307 1378 3396 profecto
1408 3307 1580 3373 hanc
1614 3306 1892 3397 imponit
1923 3306 2391 3397 obligationem
2423 3302 2684 3373 clarissi-

408 3403 536 3470 mis
586 3406 837 3493 verbis5
892 3411 1000 3475 sed
1030 3413 1170 3476 Reoe
1201 3409 1583 3499 hujusmodi
1614 3412 2037 3502 scriptoribus
2065 3435 2183 3503 pro
2225 3408 2512 3480 Ecclesia
2537 3413 2677 3478 erat.

409 3507 668 3578 Similia
701 3510 891 3578 tradit
929 3512 1194 3582 Durand
1236 3515 1315 3581 de
1341 3514 1667 3602 Maillane,
1720 3518 1894 3586 idem
1928 3520 2038 3586 ille
2070 3521 2186 3609 qui
2219 3517 2679 3588 schismaticam

415 3616 972 3686 Constitutionem
1014 3618 1281 3687 civilem
1322 3620 1484 3689 cleri
1527 3624 1803 3715 scripsit,
1838 3625 2042 3715 etqui
2073 3625 2142 3693 in
2172 3624 2553 3693 dictionario
2579 3640 2682 3690 suo

409 3725 723 3794 canonico
752 3727 845 3793 sic
864 3727 1058 3795 habet
1082 3728 1161 3795 ad
1187 3728 1465 3797 verbum
1489 3732 1887 3801 Se'minaire.

503 3855 540 3895 «
571 3830 665 3897 Le
712 3841 1219 3921 gouvernement
1272 3835 1381 3903 des
1422 3838 1796 3906 seminaires
1842 3840 1953 3908 des
2001 3838 2281 3908 dioceses
2322 3837 2575 3930 depend
2612 3855 2684 3903 en

418 3960 453 3999 «
477 3934 727 4007 France
752 3941 918 4008 dela
951 3942 1278 4032 prudence
1301 3943 1411 4030 des
1439 3945 1738 4034 effiques,
1790 3946 1905 4035 qui
1932 3946 2075 4015 leur
2103 3946 2396 4014 donnent
2426 3945 2535 4012 des
2576 3949 2684 4011 sta·

415 4066 452 4106 «
481 4051 613 4111 tuts
642 4045 808 4114 ainsi
856 4048 1051 4136 qu’ils
1095 4047 1443 4117 l'estiment
1494 4052 1641 4141 plus
1669 4052 2061 4121 convenable
2108 4075 2236 4120 aux
2277 4054 2453 4121 lieux
2491 4035 2683 4119 et‘aux

415 4175 449 4214 «
478 4169 850 4239 personnes‚
884 4176 1032 4223 sans
1056 4155 1251 4246 qu'ils
1276 4158 1482 4225 soient
1519 4159 1765 4250 obliges
1789 4161 1868 4228 de
1899 4160 2178 4251 prendre
2217 4160 2403 4228 l'avis
2431 4161 2511 4228 de
2532 4159 2681 4226 deux

417 4280 450 4319 «
478 4254 825 4324 chanoines
840 4259 917 4325 de
935 4260 1081 4328 leur
1098 4264 1458 4331 cathedrale
1477 4265 1840 4356 (Memoires
1859 4268 1949 4334 du
1970 4266 2209 4355 clerge‚
2234 4273 2280 4334 t.
2311 4266 2393 4348 ll,
2419 4290 2484 4357 p.
2508 4262 2673 4353 589).

420 4390 453 4427 «
475 4363 530 4431 ll
553 4363 758 4430 arrive
797 4372 1090 4449 souvent,
1126 4368 1220 4435 dit
1253 4370 1530 4438 l'auteur
1557 4374 1644 4440 du
1678 4374 1942 4442 Recueil
1964 4373 2560 4465 dejurisprudence
2582 4392 2678 4437 ca·
