2930 4982
404 352 529 413 618
1438 366 1650 412 mnsx.

399 486 602 538 CAPUT
636 484 711 536 Vl.
747 484 820 536 Ad
847 496 998 547 quem
1031 483 1095 533 de
1123 486 1236 545 iure
1271 487 1534 535 communi
1565 486 1819 549 pertineat
1842 483 2045 534 collatio
2072 483 2457 534 canonicatuum
2485 490 2537 536 et

462 563 841 630 praebendarum
874 562 1098 613 ecclesias
1126 562 1402 624 collegiata
1412 595 2528 615 ....................................
2600 570 2691 618 243

406 674 587 729 psas
618 672 823 727 *tenu
832 674 899 726 Α,
934 667 1013 717 Ad
1043 668 1168 730 quid
1190 671 1426 719 teneatur
1446 667 1747 731 capitulum,
1772 680 1862 719 seu
1883 668 1946 718 de
1970 670 2328 717 canonicorum
2353 665 2532 730 obliga·

461 748 677 800 tionibus
687 778 2531 800 ...........................................................
2603 749 2691 796 244

399 837 600 887 CAPUT
635 837 671 886 1.
711 835 1051 899 Obligationes
1079 848 1195 899 erga
1222 836 1547 900 Episcopum,
1574 849 1665 886 seu
1694 836 1758 886 de
1780 836 1978 898 juribus
2010 834 2242 900 Episcopi
2264 848 2380 898 erga
2406 836 2536 898 capi-

458 918 629 969 tulum
653 949 2533 968 ............................................................
2607 915 2695 964 244

462 996 493 1060 ἓ
530 1003 571 1048 1.
607 998 852 1060 Quaenam
876 995 1153 1046 honorifica
1176 1000 1408 1046 teneatur
1437 996 1718 1060 capitulum
1743 996 1979 1046 exhibere
2006 996 2251 1058 Episcopo
2264 1028 2533 1046 .........
2604 996 2691 1043 244

531 1081 583 1124 1ο
618 1074 902 1125 Honoriilca
938 1075 1180 1139 Episcopo
1209 1076 1489 1127 exhibenda
1516 1076 1685 1139 quoad
1708 1076 1904 1125 locum.
1924 1114 1935 1124 .
2047 1109 2534 1125 ................
2605 1075 2693 1122 244

526 1159 581 1206 2⁰
614 1153 898 1204 nonorifica
934 1153 1174 1217 Episcopo
1202 1154 1371 1205 debita
1403 1155 1572 1218 quoad
1602 1156 1942 1206 assistentiam
1951 1187 2535 1205 ...................
2606 1156 2693 1203 245

528 1237 584 1284 3ο
616 1234 787 1283 Debita
811 1234 1052 1298 Episcopo
1084 1234 1252 1296 quoad
1276 1238 1660 1285 associationem
1672 1267 2534 1286 ............................
2607 1235 2694 1282 252

466 1314 497 1378 ς
529 1317 577 1364 2.
611 1314 687 1362 An
717 1317 768 1368 et
787 1319 1041 1376 quatenus
1064 1315 1296 1364 canonici
1322 1315 1542 1366 debeant
1570 1328 1598 1365 e
1629 1317 1855 1365 sacristia
1873 1313 2175 1364 cathedralis
2195 1312 2439 1376 Episcopo
2462 1324 2547 1374 pa·

528 1397 762 1443 ramenta
791 1397 1030 1457 praestare
1042 1426 2543 1446 ................................................
2609 1392 2695 1440 259

467 1474 498 1536 §
534 1479 578 1523 3.
615 1473 691 1523 An
725 1477 775 1523 et
806 1474 1059 1536 quomodo
1088 1474 1154 1523 ad
1175 1473 1478 1537 Episcopum
1506 1481 1556 1525 et
1584 1478 1692 1536 ejus
1715 1475 1960 1524 vicarium
1988 1473 2271 1537 generalem
2295 1474 2547 1535 pertineat

525 1555 611 1613 jus
640 1552 946 1603 convocandi
969 1553 1249 1615 capitulum
1272 1556 1326 1603 et
1353 1556 1404 1603 in
1425 1567 1486 1604 eo
1509 1555 1877 1604 interveniendi
1896 1585 2540 1605 .....................
2607 1552 2692 1601 260

468 1633 499 1694 ς
534 1638 582 1680 4.
617 1634 693 1682 An
723 1637 775 1681 et
807 1645 920 1693 quae
948 1631 1229 1696 Episcopus
1258 1633 1481 1696 capitulo
1500 1634 1767 1697 praecipere
1795 1635 1949 1696 possit
1959 1665 2541 1683 ...................
2608 1633 2685 1680 264

468 1708 498 1770 ἓ
531 1712 579 1759 5.
615 1710 683 1758 De
702 1712 817 1769 jure
842 1709 1069 1772 Episcopi
1093 1711 1303 1773 cogendi
1336 1711 1617 1774 capitulum
1643 1714 1702 1760 ut
1724 1711 1822 1760 sibi
1847 1710 2082 1760 exhibeat
2104 1709 2257 1760 libros
2284 1710 2547 1760 resolutio-

530 1800 657 1838 num
679 1788 1035 1850 capitularium
1043 1823 2544 1842 ................................................
2611 1792 2695 1841 266

466 1868 497 1928 ς
529 1871 576 1916 6.
617 1865 842 1915 Potestas
865 1866 1131 1928 iudiciaria
1157 1869 1387 1932 Episcopi
1411 1871 1463 1918 in
1490 1869 1768 1932 capitulum
1774 1904 2544 1921 .........................
2613 1871 2691 1918 267

466 1946 497 2009 ἓ
532 1951 577 1997 7.
614 1945 872 2006 Quasnam
897 1959 1074 2008 poenas
1097 1946 1373 2010 Episcopus
1402 1951 1611 1998 canoni(
1614 1950 1654 1997 is
1681 1949 1902 2012 infligere
1928 1950 2087 2011 possit
2090 1981 2545 1998 ...............
2610 1947 2696 1997 268

469 2026 500 2089 §
534 2030 583 2077 8.
619 2026 881 2088 Quomodo
900 2029 1059 2089 possit
1083 2026 1359 2091 Episcopus
1374 2030 1556 2091 punire
1575 2030 1873 2078 canonicum
1894 2030 1981 2090 qui
2002 2029 2165 2078 officio
2183 2041 2271 2077 suo
2290 2040 2393 2075 non
2413 2030 2552 2077 recte

531 2104 762 2166 fungitur
773 2138 2545 2157 ........................................................
2614 2105 2698 2153 270

471 2183 501 2246 ἓ
534 2186 581 2234 9.
617 2182 847 2233 Potestas
873 2182 1148 2245 legislativa
1170 2183 1399 2247 Episcopi
1433 2183 1601 2246 quoad
1634 2183 1914 2247 capitulum
1939 2183 2233 2246 (remissive)
2246 2219 2543 2234 ..........
2611 2185 2691 2232 271

470 2264 500 2326 g·
537 2265 612 2314 10.
648 2264 725 2312 An
756 2267 808 2313 et
838 2267 1092 2325 quatenus
1116 2267 1276 2326 possit
1301 2262 1581 2326 Episcopus
1613 2264 1740 2313 duos
1767 2264 2032 2312 canonicos
2058 2264 2111 2311 in
2140 2276 2232 2313 suo
2255 2263 2457 2313 servitio
2480 2276 2552 2313 re·

531 2345 695 2392 tinere
706 2375 2544 2394 ...........................................................
2612 2344 2695 2391 271

471 2419 501 2484 ἓ
546 2424 615 2471 ii.
652 2422 719 2470 De
743 2423 859 2482 jure
890 2421 1119 2486 Episcopi
1156 2422 1364 2472 relative
1401 2421 1467 2471 ad
1503 2421 1848 2484 eleemosynas
1888 2422 2156 2471 missarum
2195 2422 2251 2469 in
2288 2422 2549 2472 cathedra-

533 2500 665 2550 libus
670 2534 2545 2554 ............................................................
2617 2504 2703 2552 273

469 2578 500 2640 ἓ
536 2581 610 2629 12.
647 2581 714 2628 De
738 2584 854 2640 jure
880 2581 1107 2646 Episcopi
1134 2584 1373 2633 visitandi
1396 2581 1760 2643 cathedralem,
1792 2580 2078 2645 collegiatas
2102 2585 2155 2633 et
2175 2582 2393 2646 capitula
2402 2617 2543 2634 .....
2615 2583 2701 2633 275

405 2666 610 2718 CAPUT
644 2666 706 2716 ΙΙ.
743 2666 1082 2730 obligationes
1104 2671 1273 2731 quoad
1298 2672 1526 2721 divinum
1552 2672 1772 2720 officium
1797 2673 1848 2720 et
1870 2673 2136 2720 servitium
2160 2671 2295 2722 chori
2304 2705 2535 2720 ........
2608 2673 2701 2721 278

473 2744 504 2809 ς
544 2751 584 2795 1.
622 2746 754 2809 Quid
779 2749 845 2796 sit
876 2746 1105 2797 divinum
1134 2749 1373 2808 officium,
1412 2748 1550 2798 unde
1589 2752 1778 2808 ortum,
1820 2752 1873 2798 et
1895 2763 1996 2811 quo
2022 2750 2262 2800 breviario
2291 2747 2543 2797 utendum

532 2826 617 2885 sit,
640 2827 735 2876 sub
758 2840 904 2889 poena
925 2841 1028 2878 non
1048 2827 1402 2878 satisfaciendi.
1425 2827 1701 2879 Remissive
1714 2863 2544 2881 ...........................
2616 2831 2703 2878 279

471 2905 501 2968 ἓ
534 2906 580 2954 2.
617 2904 862 2968 obligatio
892 2906 1058 2968 quoad
1089 2909 1430 2969 integritatem
1463 2908 1610 2957 officii
1646 2912 1752 2956 ium
1789 2906 1885 2956 sub
1920 2907 2093 2972 culpa,
2134 2911 2248 2957 tum
2283 2906 2375 2956 sub
2405 2898 2554 2969 poena

533 2988 871 3036 restitutionis
881 3021 2550 3039 ......................................................
2616 2987 2705 3034 280

473 3063 503 3125 ἓ
534 3066 582 3116 3.
617 3064 866 3127 Obligatio
902 3067 1071 3128 quoad
1099 3067 1329 3117 debitum
1356 3068 1602 3116 horarum
1628 3065 1858 3115 ordinem
1869 3100 2542 3117 ......................
2614 3065 2700 3112 283

473 3144 503 3207 ἓ
539 3148 584 3194 4.
621 3144 869 3208 Obligatio
895 3146 1064 3208 quoad
1087 3146 1276 3209 locum,
1307 3159 1396 3198 seu
1425 3145 1663 3208 obligatio
1686 3146 1951 3195 assistendi
1977 3145 2128 3195 choro
2132 3178 2542 3196 ..............
2610 3144 2700 3194 284

472 3221 503 3284 ἓ
538 3225 584 3273 5.
618 3223 863 3286 ohligatlo
895 3225 1061 3287 quoad
1087 3228 1291 3289 tempus
1322 3227 1604 3279 recitationi
1628 3224 1776 3273 officii
1805 3226 2115 3287 assignatum
2126 3257 2548 3276 ..............
2613 3223 2702 3271 286

474 3301 506 3363 ξ
539 3306 585 3351 6.
621 3301 865 3364 Obligatio
890 3305 1058 3367 quoad
1086 3310 1296 3355 cantum
1308 3336 2546 3356 ........................................
2616 3303 2703 3350 289

537 3378 573 3427 l.
609 3378 688 3428 An
717 3382 1030 3433 satisfaciant
1054 3386 1142 3446 qui
1167 3385 1318 3434 choro
1345 3387 1592 3434 assistunt
1611 3383 1701 3434 sed
1720 3396 1825 3433 non
1847 3385 2077 3432 canunt?
2084 3415 2548 3433 ..............
2616 3382 2703 3430 289

536 3457 597 3506 11.
634 3457 876 3518 Quisnam
900 3464 965 3508 sit
994 3467 1175 3512 cantus
1204 3463 1527 3512 ecclesiastici
1549 3463 1686 3523 flnis,
1704 3467 1757 3512 et
1775 3475 2011 3526 quasnam
2033 3460 2151 3511 inde
2174 3464 2549 3513 consectanei&
2616 3464 2695 3512 291

537 3535 624 3586 111.
660 3536 738 3586 An
777 3540 1018 3590 canonici
1034 3541 1086 3590 et
1115 3539 1200 3589 alii
1239 3539 1527 3590 beneficiati
1574 3540 1945 3592 cathedralium
1983 3543 2259 3592 teneantur
2294 3541 2558 3591 addiscere

600 3620 809 3667 cantum
831 3629 985 3679 quem
1009 3631 1247 3670 vocamus
1269 3618 1636 3682 Gregorianum
1655 3622 1681 3668 i>
1682 3654 2551 3673 ............................
2620 3621 2705 3669 293

537 3697 624 3748 lv.
660 3700 739 3748 An
760 3703 812 3748 et
832 3699 994 3761 qualis
1012 3698 1179 3749 licitus
1200 3701 1267 3749 sit
1285 3702 1493 3750 musicae
1516 3703 1567 3750 et
1587 3701 2046 3750 instrumentorum
2077 3712 2201 3750 usus
2216 3701 2242 3748 Ρ
2250 3733 2551 3751 ..........
2623 3699 2706 3748 294

540 3779 616 3830 V:
636 3778 709 3828 Ad
729 3791 1003 3841 quemnam
1027 3781 1277 3842 pertineat
1299 3779 1479 3829 electio
1501 3781 1728 3841 magistri
1747 3780 1949 3843 capellae
1971 3784 2023 3831 et
2046 3781 2360 3830 musicorum
2376 3781 2402 3828 Ρ
2411 3814 2554 3829 .....
2622 3779 2707 3828 295

539 3856 621 3909 Vl.
656 3858 785 3909 Dum
803 3871 1048 3921 organum
1067 3859 1184 3909 ficte
1207 3860 1359 3918 canit,
1377 3860 1606 3909 canonici
1629 3858 1816 3909 debent
1836 3862 2051 3909 recitare
2062 3893 2554 3909 ................
2623 3858 2707 3905 296

477 3937 509 4000 ἓ
545 3943 588 3989 7.
626 3939 876 4001 Obligatio
899 3939 1237 3991 satisfaciendi
1256 3952 1347 4003 per
1365 3942 1610 4004 seipsum,
1628 3952 1733 3990 non
1753 3953 1847 4003 per
1866 3939 2202 3990 substitutum
2212 3972 2551 3990 ...........
2619 3938 2703 3987 296

480 4017 510 4080 ἓ
544 4021 590 4069 8.
626 4021 870 4083 Obligatio
894 4023 1061 4085 quoad
1086 4023 1420 4073 intentionem
1439 4025 1493 4071 et
1512 4023 1849 4073 attentionem
1869 4052 2552 4072 ......................
2622 4018 2708 4067 299

479 4094 510 4159 §
542 4098 590 4146 9.
625 4098 867 4160 Obligatio
892 4100 1060 4163 quoad
1085 4100 1296 4151 modum
1318 4099 1681 4163 pronuntiandi
1690 4133 2329 4151 .....................
2345 4133 2362 4169 .-
2382 4130 2555 4146 ......
2625 4094 2709 4144 300

476 4174 511 4238 ἓ
551 4178 623 4226 10.
657 4174 903 4237 obligatio
926 4194 1030 4231 non
1048 4181 1282 4231 mutandi
1300 4182 1563 4245 proprium
1588 4179 1684 4237 diei
1706 4180 1922 4229 officium
1934 4210 2554 4231 ....................
2626 4176 2710 4225 302

480 4256 511 4318 ἓ
550 4258 624 4306 11.
657 4255 752 4304 Cui
776 4257 828 4303 et
851 4263 1041 4317 quanta
1065 4261 1246 4311 debeat
1267 4260 1376 4311 fleri
1398 4261 1657 4310 restitutio
1684 4296 1697 4310 .
1715 4295 1729 4309 .
1747 4295 1760 4310 .
1778 4297 1790 4310 .
1807 4296 1821 4308 .
1841 4296 1854 4310 .
1872 4294 1884 4308 .
1904 4290 2556 4309 .....................
2625 4253 2708 4303 302

480 4332 513 4396 ἓ
552 4337 627 4384 12.
662 4334 738 4384 An
768 4335 819 4382 et
848 4338 1099 4395 quatenus
1121 4339 1268 4389 liceat
1287 4339 1432 4389 offleii
1453 4339 1799 4388 recitationem
1819 4338 2187 4400 interrumpere
2190 4368 2555 4385 ............
2625 4333 2710 4382 303

479 4412 511 4474 ἓ
548 4417 622 4465 13.
657 4415 833 4467 Causae
861 4417 1430 4469 excusantesaservitio
1453 4417 1594 4469 chori
1614 4452 1977 4469 ............
2626 4409 2710 4462 304
