2930 4982
1167 351 1247 396 DE
1293 350 1500 396 cnm]
1508 351 1595 398 us
1604 382 1618 397 .
2414 345 2449 401 3
2460 347 2494 400 5
2503 347 2538 401 ἰ’

269 497 302 538 ι(
344 469 466 539 alio
484 468 651 554 loco,
673 491 1020 560 nunquam
1034 475 1252 538 tamen
1275 474 1499 537 contra
1510 472 1536 559 j
1548 472 1854 554 ustitiam,
1871 481 1933 539 et
1957 472 2049 540 sic
2066 479 2252 541 actus
2267 480 2543 543 estsem-

266 602 300 640 «
348 598 461 666 per
483 575 764 655 validus;
798 577 935 643 imo
965 597 1220 666 semper
1248 578 1672 666 praesumitur
1699 583 1875 646 actus
1893 584 2105 667 gestus
2136 601 2290 648 cum
2319 601 2537 666 causa,

266 708 300 748 «
345 684 428 751 ita
455 686 531 751 ut
558 683 834 751 ulterius
881 704 1016 749 non
1054 682 1134 749 sit
1182 682 1686 771 inquirendum.
1720 709 1754 749 »
1786 683 2017 775 (Petra,
2068 684 2252 773 ibid„
2295 708 2368 755 n.
2397 687 2540 780 65.)

349 789 454 858 13.
487 789 595 857 An
636 790 1005 878 requiratur
1046 789 1242 856 etiam
1289 790 1778 881 beneplacitum
1802 790 2249 881 Apostolicum
2286 798 2352 861 et
2387 814 2544 862 con·

258 916 481 965 sensus
510 895 779 986 capituli
820 896 901 963 ad
927 895 1382 964 alienationem
1412 919 1638 964 rerum
1669 897 1907 965 valoris
1939 896 2249 966 minimi?
2278 937 2367 951 —
2393 898 2544 968 Cer·

257 1009 395 1069 tum
434 1007 690 1070 estnon
728 1001 996 1090 requiri.
1027 1000 1138 1069 Sic
1164 1000 1361 1069 habet
1399 1024 1612 1070 canon
1655 1001 1993 1087 Terrulas,
2031 1001 2139 1088 12,
2175 1024 2241 1090 q.
2276 1001 2362 1069 2:
2397 1004 2546 1069 Ter-

253 1109 446 1176 rulas
479 1119 603 1176 aut
634 1107 934 1197 vineolas
962 1108 1237 1197 exiquas
1269 1121 1335 1177 et
1360 1108 1646 1176 ecclesioe
1687 1108 1907 1176 minus
1940 1108 2141 1176 utiles
2182 1120 2307 1176 aut
2356 1107 2552 1199 lonqe

246 1214 513 1305 positas
536 1226 600 1281 et
610 1236 889 1304 parvm,
914 1214 1280 1304 Episcopus
1305 1214 1447 1282 sine
1472 1213 1747 1282 consilio
1767 1216 2071 1305 fratrum
2090 1213 2176 1304 (si
2198 1213 2552 1282 necessitas

248 1319 499 1410 fuerit)
529 1319 943 1388 distrahendi
965 1321 1209 1388 habeat
1244 1332 1669 1411 potestatem.
1714 1320 1916 1389 Casus
1948 1321 2026 1388 de
2060 1320 2301 1409 quibus
2329 1319 2551 1409 agitur

249 1429 313 1495 in
347 1427 480 1494 hoc
510 1448 751 1495 canone
776 1433 838 1494 et
866 1427 1026 1494 alios
1058 1427 1375 1517 quosdam
1405 1427 1653 1518 excepit
1680 1427 1923 1494 Paulus
1949 1425 2006 1492 11
2038 1448 2075 1492 a
2111 1425 2548 1516 prohibitione

249 1533 587 1601 decretalis
614 1555 745 1601 suae
769 1532 1178 1600 Ambitiosoe.
1215 1531 1403 1600 Unde
1432 1532 1526 1600 sic
1561 1532 1910 1600 cardinalis
1937 1530 2163 1598 Petra:
2213 1554 2247 1594 ι(
2279 1527 2353 1597 ln
2382 1529 2550 1597 alie-

257 1664 288 1706 «
328 1639 598 1708 natione
640 1661 863 1707 rerum
905 1639 1149 1707 modici
1190 1638 1451 1725 valoriS‚
1499 1660 1613 1706 seu
1667 1637 2037 1721 inutilium,
2067 1636 2350 1726 procedit
2373 1634 2548 1703 limi-

257 1770 288 1809 «
332 1746 516 1823 tatio,
560 1749 637 1813 ut
660 1747 859 1835 possit
885 1745 1023 1812 fieri
1051 1743 1346 1812 alienatio
1369 1745 1509 1812 sine
1539 1744 1942 1834 beneplacito
1971 1742 2426 1833 Apostolico...
2464 1740 2546 1810 Et

256 1878 289 1916 «
354 1850 699 1919 declaravit
727 1850 923 1919 Sacra
951 1850 1377 1940 Congregatio
1405 1850 1687 1917 concilii.

352 1982 388 2022 «
433 1957 659 2026 Plures
703 1963 925 2026 tamen
987 1957 1389 2024 conditiones
1457 1977 1843 2022 concurrere
1896 1953 2134 2021 debent
2187 1959 2260 2019 ut
2313 1952 2547 2021 habeat

254 2090 287 2127 «
333 2062 562 2131 locum
591 2065 925 2155 dispositio
972 2064 1115 2130 haec
1150 2062 1415 2129 canonis
1463 2060 1801 2127 TerrulaS.
1834 2060 1915 2126 Et
1942 2060 2160 2149 primo
2197 2056 2377 2124 valor
2408 2076 2547 2124 mo·

255 2195 288 2234 «
339 2170 551 2237 dicus.
602 2171 903 2239 Secundo
938 2176 1012 2237 ut
1058 2191 1160 2237 res
1200 2190 1336 2237 non
1381 2168 1463 2236 sit
1500 2168 1683 2235 utilis
1713 2166 2083 2233 ecclesiae...
2122 2165 2341 2232 Tertio
2389 2184 2546 2231 auc·

259 2301 295 2340 «
347 2275 569 2342 toritas
592 2297 665 2343 ac
691 2278 1014 2345 decretum
1040 2275 1394 2361 Ordinarii,
1429 2296 1622 2342 causa
1650 2273 1935 2362 cognita,
1962 2271 2443 2361 interpositum.

358 2404 393 2445 «
438 2379 611 2449 Hinc
648 2387 940 2471 respectu
978 2382 1297 2449 dictarum
1337 2380 1794 2450 conditionum
1833 2378 2054 2469 plures
2101 2373 2549 2445 controversiae

261 2512 297 2552 α
344 2486 743 2573 excitantur3
792 2493 855 2555 et
884 2487 1094 2578 primo
1132 2488 1345 2579 quoad
1396 2487 1685 2555 valorem
1734 2483 2069 2553 modicum
2119 2480 2547 2551 diversimode

264 2616 297 2655 «
343 2593 771 2661 adoctorihus
814 2595 1020 2684 accipi
1051 2595 1287 2663 solet...
1322 2591 1521 2663 Sacra
1571 2592 1999 2681 Congregatio
2043 2589 2541 2680 Episcoporum,

262 2723 298 2762 «
344 2720 515 2766 anno
564 2701 762 2784 1611,
800 2700 887 2767 22
933 2701 1175 2780 martii,
1233 2703 1484 2769 censuit
1537 2700 1786 2768 dictum
1848 2717 2169 2765 canonem
2228 2694 2548 2763 Terrulas

264 2829 303 2867 α
354 2804 632 2890 inteiiigi
666 2805 896 2888 debere
922 2806 1000 2871 de
1039 2808 1254 2873 valore
1291 2808 1526 2893 viginti
1565 2808 1856 2895 quinque
1879 2806 2284 2872 scutatorum
2319 2799 2544 2866 auri...

268 2929 306 2969 c<
350 2904 749 2992 Adduntque
792 2908 1077 2973 doctores
1109 2910 1198 2974 ita
1239 2910 1479 2975 servari
1522 2911 1594 2975 in
1624 2910 1798 2998 praxi
1832 2907 2153 2975 Romanae
2199 2903 2437 2971 Curiae.
2472 2902 2553 2969 Et

264 3035 302 3074 «
354 3009 724 3077 secundum
759 3030 1057 3093 cursum,
1102 3011 1273 3077 dicta
1323 3019 1505 3079 scuta
1529 3014 1764 3100 viginti
1792 3014 2082 3100 quinque
2112 3010 2279 3093 auri,
2320 3009 2553 3077 consti·

270 3143 303 3179 (ι
355 3121 557 3183 tuunt
580 3121 760 3183 scuta
788 3115 873 3185 37
905 3121 1185 3183 monetae
1210 3138 1497 3186 romanae
1524 3117 1640 3206 (1).
1669 3115 1856 3185 Unde
1874 3119 2059 3205 juxta
2103 3117 2274 3184 hanc
2298 3115 2547 3206 praxim

269 3247 306 3285 «
348 3222 605 3289 videtur
641 3227 776 3289 tute
808 3222 1378 3313 procedendum...
1414 3221 1596 3290 Ultra
1630 3221 1865 3289 dictam
1900 3223 2150 3312 praxim
2185 3222 2400 3290 Curiae
2430 3220 2551 3290 Ro-

267 3353 305 3393 «
353 3349 565 3395 manae
610 3351 744 3397 non
774 3334 1047 3419 possunt
1080 3351 1293 3418 neque
1324 3328 1564 3397 debent
1593 3327 1899 3419 Episcopi
1942 3328 2039 3395 uti
2067 3328 2350 3413 arbitri0,
2400 3348 2553 3394 cum

269 3459 309 3497 «
361 3435 529 3500 nihil
554 3435 760 3502 valeat
787 3435 958 3502 circa
985 3435 1052 3502 id
1080 3458 1309 3504 eorum
1345 3435 1712 3520 arbitrium,
1757 3440 1998 3503 attento
2026 3437 2197 3525 quod
2221 3453 2556 3525 versamur

275 3565 312 3604 c<
354 3541 425 3607 in
456 3541 559 3607 his
608 3562 756 3629 quae
800 3546 968 3608 certa
995 3542 1138 3631 lege
1182 3543 1450 3611 definita
1492 3543 1929 3632 reperiuntur,
1979 3566 2054 3611 ac
2096 3544 2416 3612 declarata
2444 3558 2559 3629 per

277 3670 313 3711 «
355 3644 620 3714 Sacram
644 3646 1254 3736 Congregationem,
1280 3654 1343 3715 et
1360 3647 1574 3715 Curiae
1600 3648 1907 3717 Romanae
1931 3650 2183 3739 praxim
2207 3649 2482 3733 recepta.
2518 3664 2553 3703 »

276 3752 506 3841 (Petra,
542 3753 910 3821 Comment.
959 3756 1032 3821 in
1065 3754 1468 3824 Decretalem
1516 3755 1898 3830 Ambitiosa»
1942 3756 2127 3823 Pauli
2168 3752 2250 3839 ll,
2296 3754 2446 3817 sect.
2488 3748 2559 3837 2,

271 3879 343 3927 n.
377 3859 462 3927 59
493 3866 554 3926 et
578 3852 744 3950 seq.)
775 3860 974 3928 Addit
1015 3861 1187 3929 idem
1229 3867 1455 3930 auctor
1501 3882 1636 3929 non
1669 3862 1881 3931 valere
1927 3845 2467 3932 consuetudinem
2494 3856 2564 3924 in

276 3967 701 4047 contrarium,
748 3989 878 4055 qua
918 3989 1155 4059 nempe
1186 3970 1326 4037 sine
1375 3970 1779 4062 beneplacito
1806 3968 2181 4061 Apostolico
2209 3965 2564 4058 Episcopus

279 4071 558 4141 alienare
610 4073 837 4141 soleret
881 4075 1051 4143 bona
1075 4077 1364 4145 'valorem
1412 4077 1494 4145 37
1528 4083 1927 4145 scutatorum
1962 4078 2242 4143 monetae
2278 4091 2567 4147 romanae

281 4177 671 4260 excedentia,
704 4184 767 4247 et
791 4179 877 4248 ita
897 4181 1194 4252 decisum
1222 4204 1259 4251 a
1287 4183 1802 4271 Congregatione
1826 4179 2110 4250 concilii.

342 4404 406 4468 (1)
426 4403 644 4457 Monetae
663 4404 836 4459 Galliae
857 4409 1053 4461 circiter
1078 4413 1165 4464 188
1191 4406 1405 4463 francos
