<?xml version="1.0" encoding="UTF-8"?>
<!DOCTYPE html PUBLIC "-//W3C//DTD XHTML 1.0 Transitional//EN"
    "http://www.w3.org/TR/xhtml1/DTD/xhtml1-transitional.dtd">
<html xmlns="http://www.w3.org/1999/xhtml" xml:lang="en" lang="en">
 <head>
  <title>
</title>
<meta http-equiv="Content-Type" content="text/html;charset=utf-8" />
  <meta name='ocr-system' content='tesseract 3.04.00' />
  <meta name='ocr-capabilities' content='ocr_page ocr_carea ocr_par ocr_line ocrx_word'/>
</head>
<body>
  <div class='ocr_page' id='page_1' title='image "./tractatusdecapi00bouigoog_0276.png"; bbox 0 0 2930 4982; ppageno 0'>
   <div class='ocr_carea' id='block_1_1' title="bbox 397 318 1705 373">
    <p class='ocr_par' dir='ltr' id='par_1_1' title="bbox 397 318 1705 373">
     <span class='ocr_line' id='line_1_1' title="bbox 397 318 1705 373; baseline -0.004 -3"><span class='ocrx_word' id='word_1_1' title='bbox 397 318 431 370; x_wconf 74' lang='lat'><strong>2</strong></span> <span class='ocrx_word' id='word_1_2' title='bbox 445 321 475 373; x_wconf 77' lang='grc'><strong>5</strong></span> <span class='ocrx_word' id='word_1_3' title='bbox 488 322 520 373; x_wconf 87' lang='grc'><strong>6</strong></span> <span class='ocrx_word' id='word_1_4' title='bbox 1360 319 1705 367; x_wconf 75' lang='lat' dir='ltr'>TRACTATUS</span> 
     </span>
    </p>
   </div>
   <div class='ocr_carea' id='block_1_2' title="bbox 386 435 2729 4464">
    <p class='ocr_par' dir='ltr' id='par_1_2' title="bbox 389 435 2680 729">
     <span class='ocr_line' id='line_1_2' title="bbox 487 435 2678 530; baseline -0.005 -13"><span class='ocrx_word' id='word_1_5' title='bbox 487 449 593 517; x_wconf 75' lang='lat'>12⁰</span> <span class='ocrx_word' id='word_1_6' title='bbox 621 447 935 517; x_wconf 89' lang='lat' dir='ltr'>Canonici</span> <span class='ocrx_word' id='word_1_7' title='bbox 984 445 1370 512; x_wconf 84' lang='lat' dir='ltr'>associantes</span> <span class='ocrx_word' id='word_1_8' title='bbox 1406 439 1805 530; x_wconf 88' lang='lat' dir='ltr'>Episcopum</span> <span class='ocrx_word' id='word_1_9' title='bbox 1844 439 2046 508; x_wconf 88' lang='lat' dir='ltr'>deben</span> <span class='ocrx_word' id='word_1_10' title='bbox 2121 437 2419 506; x_wconf 83' lang='lat' dir='ltr'>accedere</span> <span class='ocrx_word' id='word_1_11' title='bbox 2468 435 2678 506; x_wconf 90' lang='lat' dir='ltr'>induti</span> 
     </span>
     <span class='ocr_line' id='line_1_3' title="bbox 389 543 2680 642; baseline -0.004 -20"><span class='ocrx_word' id='word_1_12' title='bbox 389 553 759 642; x_wconf 85' lang='lat' dir='ltr'>insignibus</span> <span class='ocrx_word' id='word_1_13' title='bbox 793 550 1307 631; x_wconf 88' lang='lat' dir='ltr'>canonicalibus,</span> <span class='ocrx_word' id='word_1_14' title='bbox 1341 553 1404 615; x_wconf 90' lang='lat' dir='ltr'>et</span> <span class='ocrx_word' id='word_1_15' title='bbox 1432 547 1752 614; x_wconf 87' lang='lat' dir='ltr'>contraria</span> <span class='ocrx_word' id='word_1_16' title='bbox 1790 543 2190 615; x_wconf 82' lang='lat' dir='ltr'>consuetudo</span> <span class='ocrx_word' id='word_1_17' title='bbox 2227 549 2325 611; x_wconf 86' lang='lat' dir='ltr'>est</span> <span class='ocrx_word' id='word_1_18' title='bbox 2355 545 2680 613; x_wconf 88' lang='lat' dir='ltr'>evellenda</span> 
     </span>
     <span class='ocr_line' id='line_1_4' title="bbox 420 652 2363 729; baseline -0.001 -1"><span class='ocrx_word' id='word_1_19' title='bbox 420 671 491 728; x_wconf 89' lang='lat' dir='ltr'>n⁰</span> <span class='ocrx_word' id='word_1_20' title='bbox 520 660 691 729; x_wconf 85' lang='grc'><strong>1826</strong></span> <span class='ocrx_word' id='word_1_21' title='bbox 727 712 743 728; x_wconf 95' lang='grc'><strong>.</strong></span> <span class='ocrx_word' id='word_1_22' title='bbox 2358 652 2363 659; x_wconf 71' lang='grc'><strong>’</strong></span> 
     </span>
    </p>

    <p class='ocr_par' dir='ltr' id='par_1_3' title="bbox 395 660 2681 964">
     <span class='ocr_line' id='line_1_5' title="bbox 395 660 2681 851; baseline -0.003 -18"><span class='ocrx_word' id='word_1_23' title='bbox 395 661 417 751; x_wconf 76' lang='lat'><strong>(</strong></span> <span class='ocrx_word' id='word_1_24' title='bbox 489 766 597 835; x_wconf 76' lang='grc' dir='ltr'>13ο</span> <span class='ocrx_word' id='word_1_25' title='bbox 657 660 760 833; x_wconf 75' lang='grc' dir='ltr'><strong>Α)(1</strong></span> <span class='ocrx_word' id='word_1_26' title='bbox 807 761 1260 832; x_wconf 84' lang='lat' dir='ltr'>associandum</span> <span class='ocrx_word' id='word_1_27' title='bbox 1309 758 1613 851; x_wconf 91' lang='lat' dir='ltr'>compelli</span> <span class='ocrx_word' id='word_1_28' title='bbox 1670 763 1944 848; x_wconf 85' lang='lat' dir='ltr'>possunt</span> <span class='ocrx_word' id='word_1_29' title='bbox 1994 756 2188 825; x_wconf 85' lang='lat' dir='ltr'>etiam</span> <span class='ocrx_word' id='word_1_30' title='bbox 2226 756 2349 825; x_wconf 89' lang='lat' dir='ltr'>sub</span> <span class='ocrx_word' id='word_1_31' title='bbox 2397 757 2681 826; x_wconf 87' lang='lat' dir='ltr'>censuris</span> 
     </span>
     <span class='ocr_line' id='line_1_6' title="bbox 396 868 1033 964; baseline -0.008 -24"><span class='ocrx_word' id='word_1_32' title='bbox 396 872 490 964; x_wconf 78' lang='lat' dir='ltr'>(n0</span> <span class='ocrx_word' id='word_1_33' title='bbox 524 872 695 939; x_wconf 90' lang='grc'><strong>1944</strong></span> <span class='ocrx_word' id='word_1_34' title='bbox 723 876 784 937; x_wconf 88' lang='lat' dir='ltr'>et</span> <span class='ocrx_word' id='word_1_35' title='bbox 805 868 1033 959; x_wconf 87' lang='grc'><strong>2423).</strong></span> 
     </span>
    </p>

    <p class='ocr_par' dir='ltr' id='par_1_4' title="bbox 395 968 2683 1281">
     <span class='ocr_line' id='line_1_7' title="bbox 490 968 2682 1052; baseline -0.003 -9"><span class='ocrx_word' id='word_1_36' title='bbox 490 978 598 1043; x_wconf 79' lang='grc'><strong>14·’</strong></span> <span class='ocrx_word' id='word_1_37' title='bbox 669 975 816 1043; x_wconf 91' lang='lat' dir='ltr'>Non</span> <span class='ocrx_word' id='word_1_38' title='bbox 876 981 1178 1042; x_wconf 89' lang='lat' dir='ltr'>tenentur</span> <span class='ocrx_word' id='word_1_39' title='bbox 1246 995 1398 1040; x_wconf 91' lang='lat' dir='ltr'>eum</span> <span class='ocrx_word' id='word_1_40' title='bbox 1465 969 1813 1052; x_wconf 88' lang='lat' dir='ltr'>associare,</span> <span class='ocrx_word' id='word_1_41' title='bbox 1873 969 2033 1037; x_wconf 91' lang='lat' dir='ltr'>dum</span> <span class='ocrx_word' id='word_1_42' title='bbox 2093 971 2364 1036; x_wconf 90' lang='lat' dir='ltr'>mozetta</span> <span class='ocrx_word' id='word_1_43' title='bbox 2417 968 2682 1037; x_wconf 87' lang='lat' dir='ltr'>indutus</span> 
     </span>
     <span class='ocr_line' id='line_1_8' title="bbox 395 1073 2683 1173; baseline -0.004 -21"><span class='ocrx_word' id='word_1_44' title='bbox 395 1103 589 1173; x_wconf 89' lang='lat' dir='ltr'>supra</span> <span class='ocrx_word' id='word_1_45' title='bbox 654 1084 1022 1151; x_wconf 90' lang='lat' dir='ltr'>rochettum</span> <span class='ocrx_word' id='word_1_46' title='bbox 1105 1081 1352 1149; x_wconf 87' lang='lat' dir='ltr'>accedit</span> <span class='ocrx_word' id='word_1_47' title='bbox 1424 1080 1505 1146; x_wconf 90' lang='lat' dir='ltr'>ad</span> <span class='ocrx_word' id='word_1_48' title='bbox 1574 1077 1914 1145; x_wconf 89' lang='lat' dir='ltr'>ecclesiam</span> <span class='ocrx_word' id='word_1_49' title='bbox 1981 1081 2056 1143; x_wconf 91' lang='lat' dir='ltr'>ut</span> <span class='ocrx_word' id='word_1_50' title='bbox 2128 1073 2369 1143; x_wconf 86' lang='lat' dir='ltr'>divinis</span> <span class='ocrx_word' id='word_1_51' title='bbox 2442 1076 2683 1145; x_wconf 81' lang='lat' dir='ltr'>assistat</span> 
     </span>
     <span class='ocr_line' id='line_1_9' title="bbox 397 1186 1146 1281; baseline -0.007 -24"><span class='ocrx_word' id='word_1_52' title='bbox 397 1188 492 1281; x_wconf 77' lang='lat' dir='ltr'>(n0</span> <span class='ocrx_word' id='word_1_53' title='bbox 519 1186 1146 1276; x_wconf 85' lang='grc'><strong>486-1228-1392.)</strong></span> 
     </span>
    </p>

    <p class='ocr_par' dir='ltr' id='par_1_5' title="bbox 391 1285 2701 1491">
     <span class='ocr_line' id='line_1_10' title="bbox 487 1285 2701 1363; baseline -0.002 0"><span class='ocrx_word' id='word_1_54' title='bbox 487 1296 595 1363; x_wconf 73' lang='grc' dir='ltr'>15ο</span> <span class='ocrx_word' id='word_1_55' title='bbox 631 1295 706 1363; x_wconf 91' lang='lat' dir='ltr'>In</span> <span class='ocrx_word' id='word_1_56' title='bbox 755 1294 1175 1362; x_wconf 83' lang='lat' dir='ltr'>associatione</span> <span class='ocrx_word' id='word_1_57' title='bbox 1211 1313 1345 1359; x_wconf 94' lang='lat' dir='ltr'>non</span> <span class='ocrx_word' id='word_1_58' title='bbox 1398 1290 1637 1357; x_wconf 91' lang='lat' dir='ltr'>debent</span> <span class='ocrx_word' id='word_1_59' title='bbox 1665 1288 1919 1356; x_wconf 91' lang='lat' dir='ltr'>diaconi</span> <span class='ocrx_word' id='word_1_60' title='bbox 1948 1287 2106 1354; x_wconf 89' lang='lat' dir='ltr'>hinc</span> <span class='ocrx_word' id='word_1_61' title='bbox 2136 1285 2290 1355; x_wconf 85' lang='lat' dir='ltr'>inde</span> <span class='ocrx_word' id='word_1_62' title='bbox 2320 1287 2624 1358; x_wconf 87' lang='lat' dir='ltr'>incedere</span> <span class='ocrx_word' id='word_1_63' title='bbox 2649 1310 2701 1358; x_wconf 56' lang='lat' dir='ltr'>aa</span> 
     </span>
     <span class='ocr_line' id='line_1_11' title="bbox 391 1390 2282 1491; baseline -0.005 -23"><span class='ocrx_word' id='word_1_64' title='bbox 391 1402 589 1470; x_wconf 88' lang='lat' dir='ltr'>latere</span> <span class='ocrx_word' id='word_1_65' title='bbox 619 1398 948 1491; x_wconf 84' lang='lat' dir='ltr'>Episcopi,</span> <span class='ocrx_word' id='word_1_66' title='bbox 981 1398 1108 1465; x_wconf 91' lang='lat' dir='ltr'>nisi</span> <span class='ocrx_word' id='word_1_67' title='bbox 1142 1397 1197 1464; x_wconf 91' lang='lat' dir='ltr'>is</span> <span class='ocrx_word' id='word_1_68' title='bbox 1225 1397 1309 1464; x_wconf 86' lang='lat' dir='ltr'>sit</span> <span class='ocrx_word' id='word_1_69' title='bbox 1336 1401 1598 1487; x_wconf 88' lang='lat' dir='ltr'>paratus</span> <span class='ocrx_word' id='word_1_70' title='bbox 1619 1415 1772 1462; x_wconf 91' lang='lat' dir='ltr'>cum</span> <span class='ocrx_word' id='word_1_71' title='bbox 1795 1391 1988 1460; x_wconf 90' lang='lat' dir='ltr'>mitra</span> <span class='ocrx_word' id='word_1_72' title='bbox 2019 1392 2115 1483; x_wconf 80' lang='lat' dir='ltr'>(n0</span> <span class='ocrx_word' id='word_1_73' title='bbox 2153 1390 2282 1480; x_wconf 83' lang='lat'>11).</span> 
     </span>
    </p>

    <p class='ocr_par' dir='ltr' id='par_1_6' title="bbox 389 1497 2729 2127">
     <span class='ocr_line' id='line_1_12' title="bbox 484 1497 2683 1594; baseline -0.004 -19"><span class='ocrx_word' id='word_1_74' title='bbox 484 1504 597 1575; x_wconf 79' lang='lat'>&#39;160</span> <span class='ocrx_word' id='word_1_75' title='bbox 646 1506 983 1574; x_wconf 88' lang='lat' dir='ltr'>Tenentur</span> <span class='ocrx_word' id='word_1_76' title='bbox 1031 1507 1393 1594; x_wconf 85' lang='lat' dir='ltr'>exspectare</span> <span class='ocrx_word' id='word_1_77' title='bbox 1439 1501 1838 1592; x_wconf 85' lang='lat' dir='ltr'>Episcopum</span> <span class='ocrx_word' id='word_1_78' title='bbox 1882 1497 1959 1566; x_wconf 93' lang='lat' dir='ltr'>ad</span> <span class='ocrx_word' id='word_1_79' title='bbox 2006 1498 2344 1569; x_wconf 89' lang='lat' dir='ltr'>ecclesiam</span> <span class='ocrx_word' id='word_1_80' title='bbox 2391 1498 2683 1567; x_wconf 84' lang='lat' dir='ltr'>accedere</span> 
     </span>
     <span class='ocr_line' id='line_1_13' title="bbox 392 1604 2729 1698; baseline -0.004 -16"><span class='ocrx_word' id='word_1_81' title='bbox 392 1615 743 1698; x_wconf 81' lang='lat' dir='ltr'>volentem,</span> <span class='ocrx_word' id='word_1_82' title='bbox 787 1616 861 1679; x_wconf 93' lang='lat' dir='ltr'>ut</span> <span class='ocrx_word' id='word_1_83' title='bbox 889 1612 1069 1679; x_wconf 89' lang='lat' dir='ltr'>horis</span> <span class='ocrx_word' id='word_1_84' title='bbox 1117 1607 1446 1677; x_wconf 90' lang='lat' dir='ltr'>canonicis</span> <span class='ocrx_word' id='word_1_85' title='bbox 1494 1606 1766 1689; x_wconf 86' lang='lat' dir='ltr'>intersit,</span> <span class='ocrx_word' id='word_1_86' title='bbox 1799 1627 1920 1673; x_wconf 88' lang='lat' dir='ltr'>nec</span> <span class='ocrx_word' id='word_1_87' title='bbox 1948 1606 2101 1673; x_wconf 88' lang='lat' dir='ltr'>licet</span> <span class='ocrx_word' id='word_1_88' title='bbox 2126 1604 2345 1691; x_wconf 82' lang='lat' dir='ltr'>divina</span> <span class='ocrx_word' id='word_1_89' title='bbox 2379 1605 2685 1673; x_wconf 89' lang='lat' dir='ltr'>inchoare</span> <span class='ocrx_word' id='word_1_90' title='bbox 2724 1634 2729 1645; x_wconf 95' lang='lat'>·</span> 
     </span>
     <span class='ocr_line' id='line_1_14' title="bbox 393 1711 2686 1806; baseline -0.003 -20"><span class='ocrx_word' id='word_1_91' title='bbox 393 1718 603 1787; x_wconf 80' lang='lat' dir='ltr'>officia</span> <span class='ocrx_word' id='word_1_92' title='bbox 630 1724 775 1785; x_wconf 89' lang='lat' dir='ltr'>ante</span> <span class='ocrx_word' id='word_1_93' title='bbox 801 1719 856 1806; x_wconf 90' lang='lat' dir='ltr'>ej</span> <span class='ocrx_word' id='word_1_94' title='bbox 868 1739 942 1784; x_wconf 90' lang='lat' dir='ltr'>us</span> <span class='ocrx_word' id='word_1_95' title='bbox 968 1716 1318 1783; x_wconf 83' lang='lat' dir='ltr'>adventum</span> <span class='ocrx_word' id='word_1_96' title='bbox 1343 1738 1360 1797; x_wconf 84' lang='lat'><em>3</em></span> <span class='ocrx_word' id='word_1_97' title='bbox 1394 1713 1505 1781; x_wconf 91' lang='lat' dir='ltr'>sed</span> <span class='ocrx_word' id='word_1_98' title='bbox 1535 1712 1894 1804; x_wconf 89' lang='lat' dir='ltr'>Episcopus</span> <span class='ocrx_word' id='word_1_99' title='bbox 1920 1711 2034 1780; x_wconf 92' lang='lat' dir='ltr'>diu</span> <span class='ocrx_word' id='word_1_100' title='bbox 2070 1711 2315 1779; x_wconf 87' lang='lat' dir='ltr'>morari</span> <span class='ocrx_word' id='word_1_101' title='bbox 2341 1733 2468 1778; x_wconf 91' lang='lat' dir='ltr'>non</span> <span class='ocrx_word' id='word_1_102' title='bbox 2495 1711 2686 1780; x_wconf 91' lang='lat' dir='ltr'>debet</span> 
     </span>
     <span class='ocr_line' id='line_1_15' title="bbox 389 1816 2683 1908; baseline -0.002 -16"><span class='ocrx_word' id='word_1_103' title='bbox 389 1816 559 1893; x_wconf 83' lang='lat' dir='ltr'>ultra</span> <span class='ocrx_word' id='word_1_104' title='bbox 603 1829 906 1892; x_wconf 89' lang='lat' dir='ltr'>statutam</span> <span class='ocrx_word' id='word_1_105' title='bbox 945 1823 1175 1890; x_wconf 90' lang='lat' dir='ltr'>horam</span> <span class='ocrx_word' id='word_1_106' title='bbox 1203 1823 1300 1908; x_wconf 88' lang='lat' dir='ltr'>(n⁰</span> <span class='ocrx_word' id='word_1_107' title='bbox 1332 1816 1676 1908; x_wconf 89' lang='grc'><strong>128-541).</strong></span> <span class='ocrx_word' id='word_1_108' title='bbox 1724 1817 1814 1886; x_wconf 87' lang='lat' dir='ltr'>At</span> <span class='ocrx_word' id='word_1_109' title='bbox 1842 1817 1895 1885; x_wconf 91' lang='lat' dir='ltr'>si</span> <span class='ocrx_word' id='word_1_110' title='bbox 1925 1818 2247 1897; x_wconf 77' lang='lat' dir='ltr'>inchoatis</span> <span class='ocrx_word' id='word_1_111' title='bbox 2276 1818 2453 1885; x_wconf 90' lang='lat' dir='ltr'>horis</span> <span class='ocrx_word' id='word_1_112' title='bbox 2486 1818 2683 1888; x_wconf 85' lang='lat' dir='ltr'>adve-</span> 
     </span>
     <span class='ocr_line' id='line_1_16' title="bbox 392 1926 2683 2018; baseline -0.003 -18"><span class='ocrx_word' id='word_1_113' title='bbox 392 1934 549 2014; x_wconf 89' lang='lat' dir='ltr'>niat,</span> <span class='ocrx_word' id='word_1_114' title='bbox 599 1936 693 1998; x_wconf 86' lang='lat' dir='ltr'>sat</span> <span class='ocrx_word' id='word_1_115' title='bbox 720 1935 913 1998; x_wconf 89' lang='lat' dir='ltr'>estut</span> <span class='ocrx_word' id='word_1_116' title='bbox 961 1934 1239 2018; x_wconf 87' lang='lat' dir='ltr'>quatuor</span> <span class='ocrx_word' id='word_1_117' title='bbox 1282 1927 1385 1994; x_wconf 82' lang='lat' dir='ltr'>vel</span> <span class='ocrx_word' id='word_1_118' title='bbox 1423 1926 1718 2016; x_wconf 90' lang='lat' dir='ltr'>quinque</span> <span class='ocrx_word' id='word_1_119' title='bbox 1764 1946 1917 1993; x_wconf 90' lang='lat' dir='ltr'>eum</span> <span class='ocrx_word' id='word_1_120' title='bbox 1956 1926 2036 1993; x_wconf 90' lang='lat' dir='ltr'>ad</span> <span class='ocrx_word' id='word_1_121' title='bbox 2071 1927 2340 2015; x_wconf 87' lang='lat' dir='ltr'>januam</span> <span class='ocrx_word' id='word_1_122' title='bbox 2371 1927 2683 2016; x_wconf 83' lang='lat' dir='ltr'>excipiant</span> 
     </span>
     <span class='ocr_line' id='line_1_17' title="bbox 419 2038 700 2127; baseline -0.004 -22"><span class='ocrx_word' id='word_1_123' title='bbox 419 2048 488 2105; x_wconf 85' lang='lat' dir='ltr'>n⁰</span> <span class='ocrx_word' id='word_1_124' title='bbox 519 2038 700 2127; x_wconf 87' lang='grc'><strong>541).</strong></span> 
     </span>
    </p>

    <p class='ocr_par' dir='ltr' id='par_1_7' title="bbox 390 2036 2684 2635">
     <span class='ocr_line' id='line_1_18' title="bbox 393 2036 2682 2228; baseline -0.003 -19"><span class='ocrx_word' id='word_1_125' title='bbox 393 2036 414 2129; x_wconf 77' lang='lat'>(</span> <span class='ocrx_word' id='word_1_126' title='bbox 482 2142 660 2209; x_wconf 88' lang='lat' dir='ltr'>Alias</span> <span class='ocrx_word' id='word_1_127' title='bbox 690 2141 1066 2223; x_wconf 82' lang='lat' dir='ltr'>decisioneS,</span> <span class='ocrx_word' id='word_1_128' title='bbox 1102 2140 1314 2228; x_wconf 91' lang='lat' dir='ltr'>quoad</span> <span class='ocrx_word' id='word_1_129' title='bbox 1353 2138 1867 2221; x_wconf 89' lang='lat' dir='ltr'>associationem,</span> <span class='ocrx_word' id='word_1_130' title='bbox 1914 2136 2062 2204; x_wconf 87' lang='lat' dir='ltr'>vide</span> <span class='ocrx_word' id='word_1_131' title='bbox 2107 2136 2278 2226; x_wconf 89' lang='lat' dir='ltr'>apud</span> <span class='ocrx_word' id='word_1_132' title='bbox 2330 2134 2682 2204; x_wconf 84' lang='lat' dir='ltr'>Gardellini</span> 
     </span>
     <span class='ocr_line' id='line_1_19' title="bbox 391 2242 2684 2316; baseline -0.002 0"><span class='ocrx_word' id='word_1_133' title='bbox 391 2248 517 2316; x_wconf 90' lang='lat' dir='ltr'>sub</span> <span class='ocrx_word' id='word_1_134' title='bbox 547 2247 840 2315; x_wconf 89' lang='lat' dir='ltr'>numeris</span> <span class='ocrx_word' id='word_1_135' title='bbox 867 2271 884 2315; x_wconf 70' lang='grc' dir='ltr'>ι</span> <span class='ocrx_word' id='word_1_136' title='bbox 923 2244 1737 2314; x_wconf 82' lang='grc'><strong>9-14-24-32-59-60-81-1</strong></span> <span class='ocrx_word' id='word_1_137' title='bbox 1754 2243 1901 2312; x_wconf 91' lang='grc'><strong>38-1</strong></span> <span class='ocrx_word' id='word_1_138' title='bbox 1918 2242 2684 2311; x_wconf 81' lang='grc'><strong>86·389-415-447-452-</strong></span> 
     </span>
     <span class='ocr_line' id='line_1_20' title="bbox 390 2348 2682 2421; baseline -0.002 0"><span class='ocrx_word' id='word_1_139' title='bbox 390 2348 2682 2421; x_wconf 74' lang='grc' dir='ltr'><strong>551-568-599·6ΟΟ-645-798-849-861-881-1157-1380-1418-1450-</strong></span> 
     </span>
     <span class='ocr_line' id='line_1_21' title="bbox 396 2452 2683 2527; baseline 0 -5"><span class='ocrx_word' id='word_1_140' title='bbox 396 2455 1252 2526; x_wconf 82' lang='grc'><strong>1451-1514-1522-1527</strong></span> <span class='ocrx_word' id='word_1_141' title='bbox 1268 2455 2223 2527; x_wconf 86' lang='grc'><strong>-1607-1995-2102-2264-</strong></span> <span class='ocrx_word' id='word_1_142' title='bbox 2241 2453 2418 2523; x_wconf 89' lang='grc'><strong>2499</strong></span> <span class='ocrx_word' id='word_1_143' title='bbox 2434 2452 2683 2522; x_wconf 80' lang='grc'><strong>-2553·</strong></span> 
     </span>
     <span class='ocr_line' id='line_1_22' title="bbox 391 2560 2516 2635; baseline 0 -7"><span class='ocrx_word' id='word_1_144' title='bbox 391 2560 2516 2635; x_wconf 80' lang='grc'><strong>2564-2587-2655-2968·3086-3117-3173-3178-3954-4168.</strong></span> 
     </span>
    </p>

    <p class='ocr_par' dir='ltr' id='par_1_8' title="bbox 386 2666 2685 3822">
     <span class='ocr_line' id='line_1_23' title="bbox 478 2666 2685 2762; baseline -0.001 -28"><span class='ocrx_word' id='word_1_145' title='bbox 478 2666 789 2748; x_wconf 85' lang='lat' dir='ltr'>Quamvis</span> <span class='ocrx_word' id='word_1_146' title='bbox 836 2673 1055 2735; x_wconf 90' lang='lat' dir='ltr'>autem</span> <span class='ocrx_word' id='word_1_147' title='bbox 1114 2668 1480 2760; x_wconf 90' lang='lat' dir='ltr'>plurimum</span> <span class='ocrx_word' id='word_1_148' title='bbox 1525 2674 1761 2762; x_wconf 72' lang='lat' dir='ltr'>Juvent</span> <span class='ocrx_word' id='word_1_149' title='bbox 1803 2669 2182 2761; x_wconf 87' lang='lat' dir='ltr'>hujusmodi</span> <span class='ocrx_word' id='word_1_150' title='bbox 2218 2668 2287 2738; x_wconf 87' lang='lat' dir='ltr'>S.</span> <span class='ocrx_word' id='word_1_151' title='bbox 2318 2666 2685 2756; x_wconf 73' lang='lat' dir='ltr'>congrega-</span> 
     </span>
     <span class='ocr_line' id='line_1_24' title="bbox 388 2774 2680 2868; baseline -0.001 -25"><span class='ocrx_word' id='word_1_152' title='bbox 388 2774 584 2843; x_wconf 85' lang='lat' dir='ltr'>tionis</span> <span class='ocrx_word' id='word_1_153' title='bbox 623 2775 870 2842; x_wconf 90' lang='lat' dir='ltr'>rituum</span> <span class='ocrx_word' id='word_1_154' title='bbox 914 2775 1276 2845; x_wconf 90' lang='lat' dir='ltr'>decisiones</span> <span class='ocrx_word' id='word_1_155' title='bbox 1321 2779 1401 2846; x_wconf 90' lang='lat' dir='ltr'>ad</span> <span class='ocrx_word' id='word_1_156' title='bbox 1432 2780 1544 2868; x_wconf 86' lang='lat' dir='ltr'>jus</span> <span class='ocrx_word' id='word_1_157' title='bbox 1578 2778 2177 2861; x_wconf 87' lang='lat' dir='ltr'>determinandum,</span> <span class='ocrx_word' id='word_1_158' title='bbox 2218 2774 2680 2844; x_wconf 89' lang='lat' dir='ltr'>advertendum</span> 
     </span>
     <span class='ocr_line' id='line_1_25' title="bbox 389 2880 2680 2975; baseline -0 -26"><span class='ocrx_word' id='word_1_159' title='bbox 389 2887 606 2950; x_wconf 88' lang='lat' dir='ltr'>tamen</span> <span class='ocrx_word' id='word_1_160' title='bbox 637 2886 755 2968; x_wconf 89' lang='lat' dir='ltr'>est,</span> <span class='ocrx_word' id='word_1_161' title='bbox 779 2904 948 2972; x_wconf 85' lang='lat' dir='ltr'>saepe</span> <span class='ocrx_word' id='word_1_162' title='bbox 979 2903 1052 2950; x_wconf 85' lang='lat' dir='ltr'>ex</span> <span class='ocrx_word' id='word_1_163' title='bbox 1074 2883 1288 2952; x_wconf 89' lang='lat' dir='ltr'>deciso</span> <span class='ocrx_word' id='word_1_164' title='bbox 1313 2905 1465 2953; x_wconf 90' lang='lat' dir='ltr'>casu</span> <span class='ocrx_word' id='word_1_165' title='bbox 1488 2884 1700 2974; x_wconf 90' lang='lat' dir='ltr'>quoad</span> <span class='ocrx_word' id='word_1_166' title='bbox 1726 2885 2016 2975; x_wconf 86' lang='lat' dir='ltr'>aliquam</span> <span class='ocrx_word' id='word_1_167' title='bbox 2033 2884 2375 2953; x_wconf 88' lang='lat' dir='ltr'>ecclesiam</span> <span class='ocrx_word' id='word_1_168' title='bbox 2396 2880 2680 2973; x_wconf 90' lang='lat' dir='ltr'>particu-</span> 
     </span>
     <span class='ocr_line' id='line_1_26' title="bbox 388 2986 2678 3078; baseline -0.001 -23"><span class='ocrx_word' id='word_1_169' title='bbox 388 2988 617 3071; x_wconf 86' lang='lat' dir='ltr'>larem,</span> <span class='ocrx_word' id='word_1_170' title='bbox 647 3010 780 3055; x_wconf 90' lang='lat' dir='ltr'>non</span> <span class='ocrx_word' id='word_1_171' title='bbox 812 3009 993 3078; x_wconf 92' lang='lat' dir='ltr'>posse</span> <span class='ocrx_word' id='word_1_172' title='bbox 1016 2987 1319 3056; x_wconf 88' lang='lat' dir='ltr'>concludi</span> <span class='ocrx_word' id='word_1_173' title='bbox 1344 2990 1423 3057; x_wconf 90' lang='lat' dir='ltr'>ad</span> <span class='ocrx_word' id='word_1_174' title='bbox 1458 3012 1684 3058; x_wconf 90' lang='lat' dir='ltr'>omnes</span> <span class='ocrx_word' id='word_1_175' title='bbox 1715 3012 1899 3058; x_wconf 89' lang='lat' dir='ltr'>casus</span> <span class='ocrx_word' id='word_1_176' title='bbox 1936 2991 2211 3072; x_wconf 87' lang='lat' dir='ltr'>similes;</span> <span class='ocrx_word' id='word_1_177' title='bbox 2248 2993 2406 3078; x_wconf 90' lang='lat' dir='ltr'>quia</span> <span class='ocrx_word' id='word_1_178' title='bbox 2437 2986 2678 3054; x_wconf 86' lang='lat' dir='ltr'>scilicet</span> 
     </span>
     <span class='ocr_line' id='line_1_27' title="bbox 389 3092 2678 3165; baseline -0.001 -4"><span class='ocrx_word' id='word_1_179' title='bbox 389 3093 889 3162; x_wconf 85' lang='lat' dir='ltr'>eminentissimi</span> <span class='ocrx_word' id='word_1_180' title='bbox 908 3094 1124 3162; x_wconf 89' lang='lat' dir='ltr'>Patres</span> <span class='ocrx_word' id='word_1_181' title='bbox 1139 3096 1383 3163; x_wconf 83' lang='lat' dir='ltr'>intuitu</span> <span class='ocrx_word' id='word_1_182' title='bbox 1404 3098 1953 3165; x_wconf 86' lang='lat' dir='ltr'>consuetudinum</span> <span class='ocrx_word' id='word_1_183' title='bbox 1967 3103 2028 3164; x_wconf 92' lang='lat' dir='ltr'>et</span> <span class='ocrx_word' id='word_1_184' title='bbox 2041 3092 2678 3164; x_wconf 87' lang='lat' dir='ltr'>circumstantiarum</span> 
     </span>
     <span class='ocr_line' id='line_1_28' title="bbox 388 3199 2680 3294; baseline -0.001 -26"><span class='ocrx_word' id='word_1_185' title='bbox 388 3201 880 3289; x_wconf 87' lang='lat' dir='ltr'>particularium</span> <span class='ocrx_word' id='word_1_186' title='bbox 919 3203 1196 3292; x_wconf 89' lang='lat' dir='ltr'>alicujus</span> <span class='ocrx_word' id='word_1_187' title='bbox 1220 3202 1343 3270; x_wconf 91' lang='lat' dir='ltr'>loci</span> <span class='ocrx_word' id='word_1_188' title='bbox 1366 3204 1758 3293; x_wconf 91' lang='lat' dir='ltr'>quandoque</span> <span class='ocrx_word' id='word_1_189' title='bbox 1787 3209 2129 3294; x_wconf 83' lang='lat' dir='ltr'>moventur</span> <span class='ocrx_word' id='word_1_190' title='bbox 2154 3203 2234 3271; x_wconf 90' lang='lat' dir='ltr'>ad</span> <span class='ocrx_word' id='word_1_191' title='bbox 2257 3199 2680 3270; x_wconf 86' lang='lat' dir='ltr'>decidendam</span> 
     </span>
     <span class='ocr_line' id='line_1_29' title="bbox 387 3304 2675 3399; baseline -0.001 -28"><span class='ocrx_word' id='word_1_192' title='bbox 387 3325 525 3372; x_wconf 90' lang='lat' dir='ltr'>rem</span> <span class='ocrx_word' id='word_1_193' title='bbox 557 3328 694 3373; x_wconf 90' lang='lat' dir='ltr'>uno</span> <span class='ocrx_word' id='word_1_194' title='bbox 716 3308 933 3390; x_wconf 88' lang='lat' dir='ltr'>modo,</span> <span class='ocrx_word' id='word_1_195' title='bbox 959 3329 1159 3396; x_wconf 91' lang='lat' dir='ltr'>quam</span> <span class='ocrx_word' id='word_1_196' title='bbox 1192 3307 1318 3375; x_wconf 90' lang='lat' dir='ltr'>alio</span> <span class='ocrx_word' id='word_1_197' title='bbox 1343 3308 1558 3393; x_wconf 91' lang='lat' dir='ltr'>modo,</span> <span class='ocrx_word' id='word_1_198' title='bbox 1589 3314 1825 3377; x_wconf 89' lang='lat' dir='ltr'>attento</span> <span class='ocrx_word' id='word_1_199' title='bbox 1848 3315 2103 3377; x_wconf 88' lang='lat' dir='ltr'>tantum</span> <span class='ocrx_word' id='word_1_200' title='bbox 2134 3311 2287 3399; x_wconf 90' lang='lat' dir='ltr'>jure</span> <span class='ocrx_word' id='word_1_201' title='bbox 2311 3304 2675 3387; x_wconf 86' lang='lat' dir='ltr'>communi,</span> 
     </span>
     <span class='ocr_line' id='line_1_30' title="bbox 389 3410 2681 3505; baseline -0 -28"><span class='ocrx_word' id='word_1_202' title='bbox 389 3410 852 3478; x_wconf 87' lang='lat' dir='ltr'>definivissent.</span> <span class='ocrx_word' id='word_1_203' title='bbox 909 3411 1037 3479; x_wconf 94' lang='lat' dir='ltr'>Ubi</span> <span class='ocrx_word' id='word_1_204' title='bbox 1079 3433 1230 3480; x_wconf 86' lang='lat' dir='ltr'>vero</span> <span class='ocrx_word' id='word_1_205' title='bbox 1277 3414 1556 3482; x_wconf 92' lang='lat' dir='ltr'>dubium</span> <span class='ocrx_word' id='word_1_206' title='bbox 1596 3414 1995 3505; x_wconf 86' lang='lat' dir='ltr'>propositum</span> <span class='ocrx_word' id='word_1_207' title='bbox 2049 3420 2342 3482; x_wconf 77' lang='lat' dir='ltr'>versatur</span> <span class='ocrx_word' id='word_1_208' title='bbox 2382 3416 2681 3479; x_wconf 87' lang='lat' dir='ltr'>tantum-</span> 
     </span>
     <span class='ocr_line' id='line_1_31' title="bbox 388 3515 2679 3608; baseline -0.002 -21"><span class='ocrx_word' id='word_1_209' title='bbox 388 3518 580 3587; x_wconf 92' lang='lat' dir='ltr'>modo</span> <span class='ocrx_word' id='word_1_210' title='bbox 609 3518 780 3586; x_wconf 89' lang='lat' dir='ltr'>circa</span> <span class='ocrx_word' id='word_1_211' title='bbox 820 3540 1084 3586; x_wconf 91' lang='lat' dir='ltr'>sensum</span> <span class='ocrx_word' id='word_1_212' title='bbox 1113 3519 1390 3608; x_wconf 90' lang='lat' dir='ltr'>alicujus</span> <span class='ocrx_word' id='word_1_213' title='bbox 1418 3521 1656 3590; x_wconf 88' lang='lat' dir='ltr'>decreti</span> <span class='ocrx_word' id='word_1_214' title='bbox 1693 3519 2119 3590; x_wconf 88' lang='lat' dir='ltr'>Summorum</span> <span class='ocrx_word' id='word_1_215' title='bbox 2148 3519 2543 3589; x_wconf 87' lang='lat' dir='ltr'>Pontificum</span> <span class='ocrx_word' id='word_1_216' title='bbox 2571 3515 2679 3584; x_wconf 86' lang='lat' dir='ltr'>vel</span> 
     </span>
     <span class='ocr_line' id='line_1_32' title="bbox 389 3622 2671 3715; baseline -0.002 -21"><span class='ocrx_word' id='word_1_217' title='bbox 389 3623 649 3694; x_wconf 90' lang='lat' dir='ltr'>concilii</span> <span class='ocrx_word' id='word_1_218' title='bbox 704 3622 1097 3714; x_wconf 88' lang='lat' dir='ltr'>Tridentini,</span> <span class='ocrx_word' id='word_1_219' title='bbox 1146 3627 1250 3695; x_wconf 86' lang='lat' dir='ltr'>vel</span> <span class='ocrx_word' id='word_1_220' title='bbox 1298 3627 1719 3714; x_wconf 83' lang='lat' dir='ltr'>PontificaIiS,</span> <span class='ocrx_word' id='word_1_221' title='bbox 1777 3634 1932 3715; x_wconf 90' lang='lat' dir='ltr'>etc.‚</span> <span class='ocrx_word' id='word_1_222' title='bbox 1981 3628 2219 3697; x_wconf 87' lang='lat' dir='ltr'>decisio</span> <span class='ocrx_word' id='word_1_223' title='bbox 2265 3625 2421 3695; x_wconf 86' lang='lat' dir='ltr'>facit</span> <span class='ocrx_word' id='word_1_224' title='bbox 2467 3626 2671 3713; x_wconf 87' lang='lat' dir='ltr'>legem</span> 
     </span>
     <span class='ocr_line' id='line_1_33' title="bbox 386 3732 880 3822; baseline 0 -23"><span class='ocrx_word' id='word_1_225' title='bbox 386 3732 599 3822; x_wconf 89' lang='lat' dir='ltr'>quoad</span> <span class='ocrx_word' id='word_1_226' title='bbox 632 3753 880 3800; x_wconf 82' lang='lat' dir='ltr'>ornnes.</span> 
     </span>
    </p>

    <p class='ocr_par' dir='ltr' id='par_1_9' title="bbox 386 3839 2681 4229">
     <span class='ocr_line' id='line_1_34' title="bbox 477 3839 2677 3933; baseline 0.001 -27"><span class='ocrx_word' id='word_1_227' title='bbox 477 3839 648 3906; x_wconf 89' lang='lat' dir='ltr'>Hinc</span> <span class='ocrx_word' id='word_1_228' title='bbox 670 3840 740 3906; x_wconf 89' lang='lat' dir='ltr'>in</span> <span class='ocrx_word' id='word_1_229' title='bbox 767 3841 1066 3930; x_wconf 82' lang='lat' dir='ltr'>praesenti</span> <span class='ocrx_word' id='word_1_230' title='bbox 1092 3840 1363 3909; x_wconf 88' lang='lat' dir='ltr'>materia</span> <span class='ocrx_word' id='word_1_231' title='bbox 1395 3841 1676 3912; x_wconf 87' lang='lat' dir='ltr'>adeundi</span> <span class='ocrx_word' id='word_1_232' title='bbox 1704 3843 1896 3911; x_wconf 88' lang='lat' dir='ltr'>etiam</span> <span class='ocrx_word' id='word_1_233' title='bbox 1920 3846 2072 3910; x_wconf 90' lang='lat' dir='ltr'>sunt</span> <span class='ocrx_word' id='word_1_234' title='bbox 2091 3845 2465 3932; x_wconf 83' lang='lat' dir='ltr'>canonistae,</span> <span class='ocrx_word' id='word_1_235' title='bbox 2488 3850 2677 3933; x_wconf 84' lang='lat' dir='ltr'>atque</span> 
     </span>
     <span class='ocr_line' id='line_1_35' title="bbox 388 3942 2673 4039; baseline 0.002 -30"><span class='ocrx_word' id='word_1_236' title='bbox 388 3942 481 4009; x_wconf 88' lang='lat' dir='ltr'>eis</span> <span class='ocrx_word' id='word_1_237' title='bbox 524 3943 809 4011; x_wconf 89' lang='lat' dir='ltr'>multum</span> <span class='ocrx_word' id='word_1_238' title='bbox 856 3945 1304 4031; x_wconf 81' lang='lat' dir='ltr'>deferendum,</span> <span class='ocrx_word' id='word_1_239' title='bbox 1339 3947 1456 4013; x_wconf 91' lang='lat' dir='ltr'>ubi</span> <span class='ocrx_word' id='word_1_240' title='bbox 1502 3949 1856 4038; x_wconf 83' lang='lat' dir='ltr'>praesertim</span> <span class='ocrx_word' id='word_1_241' title='bbox 1889 3947 2321 4039; x_wconf 80' lang='lat' dir='ltr'>pariformiter</span> <span class='ocrx_word' id='word_1_242' title='bbox 2366 3952 2673 4018; x_wconf 87' lang='lat' dir='ltr'>sentiunt.</span> 
     </span>
     <span class='ocr_line' id='line_1_36' title="bbox 386 4046 2681 4138; baseline 0.003 -24"><span class='ocrx_word' id='word_1_243' title='bbox 386 4046 676 4114; x_wconf 89' lang='lat' dir='ltr'>Unicum</span> <span class='ocrx_word' id='word_1_244' title='bbox 708 4049 1050 4120; x_wconf 87' lang='lat' dir='ltr'>citabimus</span> <span class='ocrx_word' id='word_1_245' title='bbox 1078 4050 1478 4138; x_wconf 85' lang='lat' dir='ltr'>Andreucci‚</span> <span class='ocrx_word' id='word_1_246' title='bbox 1515 4076 1598 4122; x_wconf 90' lang='lat' dir='ltr'>ne</span> <span class='ocrx_word' id='word_1_247' title='bbox 1631 4052 1831 4122; x_wconf 90' lang='lat' dir='ltr'>nimis</span> <span class='ocrx_word' id='word_1_248' title='bbox 1857 4053 1936 4120; x_wconf 93' lang='lat' dir='ltr'>de</span> <span class='ocrx_word' id='word_1_249' title='bbox 1959 4074 2029 4121; x_wconf 93' lang='lat' dir='ltr'>re</span> <span class='ocrx_word' id='word_1_250' title='bbox 2058 4054 2334 4123; x_wconf 89' lang='lat' dir='ltr'>minoris</span> <span class='ocrx_word' id='word_1_251' title='bbox 2364 4054 2681 4124; x_wconf 89' lang='lat' dir='ltr'>momenti</span> 
     </span>
     <span class='ocr_line' id='line_1_37' title="bbox 387 4159 1295 4229; baseline 0.009 -8"><span class='ocrx_word' id='word_1_252' title='bbox 387 4159 708 4221; x_wconf 81' lang='lat' dir='ltr'>excrescat</span> <span class='ocrx_word' id='word_1_253' title='bbox 735 4163 950 4225; x_wconf 87' lang='lat' dir='ltr'>nostra</span> <span class='ocrx_word' id='word_1_254' title='bbox 980 4160 1295 4229; x_wconf 88' lang='lat' dir='ltr'>tractatio.</span> 
     </span>
    </p>

    <p class='ocr_par' dir='ltr' id='par_1_10' title="bbox 397 4257 2686 4464">
     <span class='ocr_line' id='line_1_38' title="bbox 486 4257 2684 4357; baseline 0.003 -33"><span class='ocrx_word' id='word_1_255' title='bbox 486 4285 519 4324; x_wconf 89' lang='lat'>«</span> <span class='ocrx_word' id='word_1_256' title='bbox 546 4257 816 4339; x_wconf 86' lang='lat' dir='ltr'>Quando</span> <span class='ocrx_word' id='word_1_257' title='bbox 850 4260 1205 4353; x_wconf 90' lang='lat' dir='ltr'>Episcopus</span> <span class='ocrx_word' id='word_1_258' title='bbox 1242 4266 1421 4333; x_wconf 86' lang='lat' dir='ltr'>venit</span> <span class='ocrx_word' id='word_1_259' title='bbox 1443 4263 1529 4331; x_wconf 78' lang='lat' dir='ltr'>&#39;ad</span> <span class='ocrx_word' id='word_1_260' title='bbox 1552 4266 1883 4334; x_wconf 88' lang='lat' dir='ltr'>ecclesiam</span> <span class='ocrx_word' id='word_1_261' title='bbox 1920 4265 2001 4333; x_wconf 90' lang='lat' dir='ltr'>ad</span> <span class='ocrx_word' id='word_1_262' title='bbox 2027 4267 2490 4336; x_wconf 87' lang='lat' dir='ltr'>celebrandum</span> <span class='ocrx_word' id='word_1_263' title='bbox 2517 4286 2684 4357; x_wconf 86' lang='lat' dir='ltr'>pon·</span> 
     </span>
     <span class='ocr_line' id='line_1_39' title="bbox 397 4364 2686 4464; baseline 0.002 -32"><span class='ocrx_word' id='word_1_264' title='bbox 397 4394 433 4433; x_wconf 83' lang='lat'>«</span> <span class='ocrx_word' id='word_1_265' title='bbox 460 4364 801 4449; x_wconf 88' lang='lat' dir='ltr'>tificaliter,</span> <span class='ocrx_word' id='word_1_266' title='bbox 837 4372 1138 4433; x_wconf 89' lang='lat' dir='ltr'>tenentur</span> <span class='ocrx_word' id='word_1_267' title='bbox 1171 4368 1539 4458; x_wconf 86' lang='lat' dir='ltr'>dignitates,</span> <span class='ocrx_word' id='word_1_268' title='bbox 1583 4372 1874 4441; x_wconf 91' lang='lat' dir='ltr'>canonici</span> <span class='ocrx_word' id='word_1_269' title='bbox 1904 4379 1966 4440; x_wconf 86' lang='lat' dir='ltr'>et</span> <span class='ocrx_word' id='word_1_270' title='bbox 2001 4373 2405 4464; x_wconf 89' lang='lat' dir='ltr'>portionarii,</span> <span class='ocrx_word' id='word_1_271' title='bbox 2442 4394 2571 4441; x_wconf 90' lang='lat' dir='ltr'>non</span> <span class='ocrx_word' id='word_1_272' title='bbox 2596 4391 2686 4437; x_wconf 85' lang='lat' dir='ltr'>ex</span> 
     </span>
    </p>
   </div>
  </div>
 </body>
</html>
