2930 4982
1086 339 1164 383 m!
1208 337 1536 386 mmwus.
2337 340 2458 395 ΞΞἹ

217 456 370 524 dents
403 462 673 547 peuvent
697 458 831 525 etre
855 456 1144 547 trompes
1171 477 1289 547 par
1307 456 1400 527 les
1429 479 1841 549 apparences.
1872 459 2024 530 Mon
2048 464 2281 531 'erreur
2320 487 2464 535 sera

214 562 354 629 donc
387 562 712 630 excusable
739 568 801 629 et
827 584 933 629 ma
959 561 1179 630 bonne
1207 561 1302 629 foi·
1325 584 1432 630 me
1458 564 1719 633 servira.
1752 565 1920 635 C’est
1960 568 2022 636 la
2063 568 2347 639 decision
2379 573 2462 642 de

213 673 335 737 tous
353 669 431 737 les
462 675 722 738 auteurs
750 670 1014 738 anciens
1037 673 1102 736 et
1127 668 1471 737 modernes
1492 693 1536 750 ;.
1553 722 1567 737 .
1583 723 1598 738 .
1628 671 1676 738 il
1701 671 1963 741 s'ensuit
1986 673 2293 765 qu’ayant
2320 683 2460 746 tout

211 774 314 842 ala
333 776 440 844 fois
467 800 562 845 un
586 778 732 845 titre
754 776 1078 844 translatis
1096 776 1173 842 de
1201 776 1525 866 propriete
1551 784 1613 845 et
1635 778 1698 845 la
1727 778 1942 849 bonne
1968 780 2076 866 l'oi,
2102 783 2167 872 je
2196 786 2457 875 pourrai

209 883 476 970 prescrire
505 906 630 975 par
654 883 760 952 dix
786 888 849 950 et
872 883 1058 972 vingt
1079 904 1217 950 ans.
1250 907 1285 948 x>
1323 880 1699 974 (Troplong,
1740 886 2226 957 Commentaire
2247 913 2361 958 sur
2387 892 2460 960 la

207 988 633 1080 prescription,
659 1012 729 1057 n.
765 989 898 1057 924
930 994 993 1056 et
1020 988 1204 1079 925.)

274 1091 331 1160 3⁰
366 1098 556 1164 Bona
592 1095 759 1185 fides
782 1095 1177 1187 proveniens
1213 1117 1298 1163 ex
1327 1094 1717 1185 iqnorantia
1729 1097 1910 1188 juris
1935 1099 2133 1186 certi,
2168 1101 2323 1170 licet
2350 1126 2463 1172 ex-

205 1211 347 1265 cuset
371 1224 412 1267 a
426 1214 712 1293 peccato
733 1254 753 1291 ,
773 1204 920 1291 {non
931 1200 1210 1293 prodest
1234 1224 1348 1269 seu
1376 1225 1511 1270 non
1537 1204 1794 1293 sufficit
1820 1204 1915 1271 ad
1945 1205 2247 1296 lcqitime
2268 1233 2462 1301 prce-

201 1307 612 1379 scribendum.
661 1336 696 1376 «
732 1309 1061 1390 Quaeritur
1090 1309 1199 1398 (ait
1226 1308 1670 1395 Reiffenstuel,
1707 1311 1784 1380 ad
1826 1312 2094 1381 titulum
2141 1337 2326 1397 xxvi,
2369 1321 2463 1388 De

189 1419 466 1511 praescrzp
481 1417 799 1502 tionibus,
844 1440 914 1485 n.
961 1416 1074 1505 67)
1105 1438 1189 1484 an
1218 1438 1396 1483 error
1419 1418 1589 1506 juris
1615 1416 1929 1508 impediat
1969 1420 2210 1488 bonam
2240 1423 2463 1512 fidem,

197 1540 255 1587 ac
287 1527 555 1614 proinde
577 1548 753 1595 “cum
803 1547 878 1593 eo
920 1546 1051 1592 non
1100 1525 1403 1615 procedat
1441 1524 1971 1615 praescriptio?...
2028 1526 2406 1621 Respondeo
2446 1555 2463 1600 z

193 1623 534 1716 ignorantia
554 1633 726 1722 Juris
755 1631 914 1699 clari
940 1637 1130 1720 atque
1156 1630 1506 1699 indubitati
1547 1653 1680 1699 non
1723 1633 1965 1701 sufficit
2003 1635 2083 1703 ad
2124 1640 2467 1731 praescrip·

192 1734 427 1824 tionem,
474 1738 778 1830 quinimo
806 1759 950 1806 eam
978 1738 1251 1829 impedit
1278 1737 1348 1805 in
1380 1745 1657 1828 utroque
1688 1739 1856 1828 sor0,
1898 1739 2047 1809 licet
2079 1743 2162 1810 sit
2188 1741 2465 1816 invinci-

189 1838 323 1911 bilis
363 1852 420 1914 et
461 1867 734 1938 prorsus
776 1843 1192 1934 inculpata...
1236 1841 1424 1911 Ratio
1470 1844 1907 1913 conclusionis
1935 1853 2054 1935 est,
2101 1849 2257 1937 quia
2300 1875 2465 1941 prae·

187 1946 449 2040 scriptio,
485 1973 602 2043 per
642 1970 841 2040 quam
874 1950 1248 2017 dominium
1281 1950 1378 2016 rei
1408 1949 1490 2016 ab
1517 1971 1652 2017 uno
1685 1951 2071 2019 transfertur
2111 1954 2182 2020 in
2225 1955 2458 2038 alium,

185 2057 359 2122 totam
388 2057 531 2124 vim
554 2077 743 2124 suam
782 2060 974 2143 atque
1001 2054 1321 2144 originem
1344 2055 1545 2122 habet
1572 2078 1645 2122 ex
1660 2058 1810 2147 jure
1837 2058 2128 2129 humano
2157 2063 2456 2152 positivo,

177 2156 333 2251 Ergo
358 2185 497 2232 non
513 2163 714 2231 habet
727 2162 950 2230 locum
970 2161 1044 2228 in
1065 2183 1246 2249 casu,
1277 2161 1396 2229 ubi
1413 2164 1566 2251 jura
1593 2184 1887 2253 expresse
1920 2186 2066 2230 eam
2087 2169 2459 2254 reprobant.

173 2265 374 2357 Atqui
398 2271 554 2357 jura
580 2288 871 2356 expresse
914 2265 1168 2351 dicunt,
1199 2286 1488 2332 errorem
1504 2267 1676 2354 juris
1707 2287 1843 2333 non
1872 2267 2171 2358 prodesse
2195 2269 2274 2337 ad
2301 2292 2469 2339 usu-

166 2372 541 2462 capionem.
576 2370 684 2440 Sic
712 2369 955 2460 quippe
996 2370 1066 2438 in
1087 2369 1229 2458 lege
1263 2372 1657 2460 Nunquam,
1688 2371 1759 2455 ff,
1793 2376 1890 2442 De
1917 2375 2456 2467 usucapionibus,

166 2477 415 2547 dicitur
439 2503 457 2546 :
481 2481 847 2569 Nunquam
878 2476 951 2544 in
985 2476 1502 2569 usucapionibus
1535 2478 1719 2569 juris
1762 2503 1944 2550 error
1970 2486 2460 2575 possessoribus

165 2583 447 2672 prodest.
476 2585 655 2653 Idem
685 2584 757 2652 in
786 2584 928 2673 lege
959 2583 1028 2664 2,
1059 2584 1202 2674 §Si
1219 2606 1263 2651 a
1274 2584 1580 2676 pupillo,
1615 2586 1683 2671 ff,
1710 2609 1846 2677 pro
1869 2600 2184 2680 emptore,
2217 2593 2309 2660 sic
2330 2593 2453 2662 ha-

169 2689 347 2761 betur
383 2717 398 2761 ε
431 2693 507 2760 Si
529 2715 574 2760 a
590 2691 861 2783 pupillo
891 2690 1148 2775 emeris,
1180 2702 1245 2759 et
1261 2691 1430 2760 scias
1441 2693 1800 2784 pupillum
1824 2717 1980 2778 esse,
1999 2709 2200 2785 putes
2229 2708 2457 2766 tamen

163 2803 448 2893 pupillis
489 2803 681 2869 licere
719 2823 820 2870 res
861 2824 1015 2870 suas
1056 2802 1194 2869 sine
1235 2802 1472 2869 tutoris
1512 2804 1914 2870 auctoritate
1953 2803 2457 2890 administrare,

171 2929 289 2975 non
316 2907 543 2998 capies
568 2926 732 2989 usu,·
761 2906 918 2995 quia
932 2905 1110 2995 juris
1131 2928 1315 2973 error
1341 2906 1522 2973 nulli
1542 2905 1842 2996 prodest.
1872 2907 2195 2976 Similiter
2215 2908 2358 2998 lege
2386 2913 2456 2998 4,

172 3010 240 3101 ff,
272 3019 380 3083 De
412 3012 606 3104 juris
662 3023 728 3079 et
776 3009 950 3102 facti
1003 3009 1392 3099 iqnorantia
1419 3061 1436 3089 ,
1490 3011 1874 3098 generaliter
1923 3012 2165 3080 dicitur
2216 3038 2233 3081 ε
2279 3019 2458 3087 Iuris

174 3119 557 3208 iqnorantia
599 3119 674 3187 in
714 3116 1115 3209 usucapione
1140 3127 1426 3207 neqatur
1460 3116 1777 3208 prodesse
1816 3142 1840 3185 .·
1872 3119 2051 3210 facti
2088 3144 2239 3189 vero
2269 3124 2458 3208 iqno-

174 3229 459 3297 rentiam
500 3225 816 3320 prodesse
861 3233 1145 3292 constat.
1190 3222 1415 3313 Neque
1448 3224 1867 3315 reperiuntur
1910 3226 2013 3295 hae
2053 3226 2225 3319 leges
2261 3231 2450 3303 ullibi

174 3339 493 3418 correctae,
527 3338 642 3401 aut
678 3353 794 3423 per
829 3352 1044 3399 sacros
1071 3349 1351 3398 canones
1373 3329 1557 3398 aliud
1579 3330 1739 3421 quid
1763 3332 2164 3424 dispositum.
2199 3361 2233 3402 >2

251 3435 428 3507 Idem
453 3438 761 3506 tradendo
789 3437 966 3505 addit
986 3436 1276 3505 Ferraris
1306 3461 1323 3504 ε
1360 3462 1396 3503 ι(
1419 3437 1528 3507 Sic
1555 3438 1688 3508 fere
1708 3442 2080 3511 communis
2106 3444 2449 3514 doctorum

175 3548 474 3614 sententia
493 3571 529 3612 >›
559 3544 777 3636 (verbo
805 3544 1151 3635 Usucapio,
1179 3544 1225 3633 ξ
1249 3544 1316 3628 2,
1346 3567 1416 3611 n.
1449 3545 1585 3634 17).
1615 3545 1970 3636 Subjungit
1991 3555 2208 3616 autem
2226 3551 2455 3617 citatus

176 3644 577 3720 Reiffenstuel
600 3649 892 3741 (ibidem,
919 3671 988 3714 n.
1019 3647 1128 3738 70)
1158 3672 1176 3714 2
1215 3673 1251 3712 «
1269 3647 1404 3715 Nee
1429 3649 1639 3715 obstat
1659 3650 1835 3737 quod
1857 3652 2224 3737 ignorantia
2241 3651 2455 3718 incul-

176 3763 311 3842 pata
327 3757 495 3848 juris
521 3761 780 3826 excuset
803 3777 841 3823 a
868 3758 1125 3845 peccato
1148 3780 1166 3841 3
1197 3753 1418 3841 sicque
1438 3752 1739 3819 videatur
1762 3753 2193 3843 possidentem
2221 3759 2453 3827 consti-

178 3860 341 3931 tuere
369 3865 437 3931 in
466 3864 641 3932 bona
673 3862 797 3930 fide
821 3912 841 3941 ‚
881 3882 1026 3951 quae
1074 3856 1316 3927 sufficit
1344 3858 1424 3926 ad
1452 3858 2034 3951 praescriptionem.
2079 3859 2449 3954 Respondeo

180 3966 365 4054 enim,
392 3972 501 4039 hie
530 3970 796 4060 quidem
828 3966 1046 4035 induci
1077 3967 1317 4035 bonam
1348 3966 1546 4036 fidem
1577 3965 1935 4057 theologice
1955 3989 2068 4037 seu
2093 3972 2444 4066 moraliter,

179 4089 314 4157 quae
339 4076 618 4144 excludit
659 4079 996 4166 peccatum
1014 4100 1033 4163 3
1075 4095 1209 4142 non
1251 4079 1468 4141 autem
1513 4074 1755 4141 bonam
1804 4074 1999 4142 fidem
2038 4076 2306 4149 civiliter
2333 4106 2446 4152 seu

172 4173 470 4271 juridice3
513 4204 592 4251 eo
617 4182 790 4272 quod
822 4203 1110 4272 expresse
1138 4203 1176 4248 a
1198 4183 1349 4271 jure
1375 4179 1758 4271 reprobetur
1786 4180 1856 4247 in
1890 4183 2111 4251 ordine
2148 4186 2226 4252 ad
2266 4189 2449 4255 effec-

181 4284 317 4352 tum
339 4291 857 4382 praescriptionis.
880 4287 1069 4357 Unde
1088 4288 1170 4355 ad
1192 4286 1635 4356 inducendam
1660 4288 2211 4379 praescriptionem
2234 4291 2452 4382 requi-

179 4386 338 4459 ritur
365 4396 627 4484 quidem
659 4394 1014 4465 necessario
1050 4395 1225 4461 bona
1260 4394 1418 4462 fides
1457 4393 1844 4483 theologice3
1885 4396 2019 4463 sola
2058 4401 2277 4460 tamen
2320 4404 2449 4456 non
