2930 4982
370 296 397 350 1
414 296 492 352 08
1347 303 1689 350 ‘rnAC‘rATus

365 423 521 491 anni
557 421 728 491 1793
761 422 1006 511 ubique
1036 422 1103 489 in
1132 421 1340 490 Gallia
1363 422 1648 509 viguerit
1669 420 2134 513 theologalium
2159 419 2651 512 praebendarum

365 530 704 598 institutio.

457 636 520 705 3.
568 635 878 705 Praeterea
918 642 1168 702 certum
1197 637 1292 701 est
1322 631 1517 700 Pium
1547 631 1665 701 VII
1693 654 1809 723 per
1841 633 2092 702 bullam
2134 634 2502 703 concordati
2542 657 2650 705 ex-

363 742 625 811 tinxisse
651 765 880 811 omnes
908 742 1205 830 antiquas
1228 738 1452 808 Galliae
1471 740 1767 809 ecclesias
1787 762 1940 809 cum
1966 741 2270 809 omnibus
2279 742 2654 834 privileqiz’s

365 860 431 916 et
465 848 939 939 proeroqativz‘s
985 845 1450 938 cujuscumque
1490 847 1783 937 qeneris;
1821 868 1976 935 ergo
2013 849 2066 916 si
2104 847 2277 938 quod
2325 848 2656 917 exstitisset

364 961 551 1022 antea
587 958 807 1029 contra
842 955 955 1044 jus
994 974 1343 1021 commune
1380 954 1826 1044 privilegium,
1874 954 2006 1022 sive
2049 977 2122 1023 ex
2159 955 2650 1040 consuetudine,

363 1058 496 1127 sive
525 1082 601 1127 ex
628 1060 755 1128 alio
782 1060 1010 1149 quovis
1042 1051 1251 1142 titulo,
1285 1058 1704 1149 privilegium
1735 1058 2282 1129 illud'extinctum
2311 1066 2434 1149 est3
2467 1060 2555 1127 ita
2582 1065 2655 1129 ut

364 1187 440 1234 ex
467 1172 623 1234 tunc
657 1188 880 1234 omnes
909 1188 1092 1235 novae
1118 1165 1480 1235 Galliarum
1508 1167 1789 1236 ecclesiae
1818 1167 1941 1235 sub
1970 1167 2122 1258 jure
2152 1168 2487 1236 communi
2515 1168 2652 1256 ipso

362 1271 529 1339 facto
582 1273 803 1362 positae
851 1274 1127 1360 fuerint3
1172 1274 1283 1362 jus
1329 1277 1548 1340 autem
1594 1294 1946 1342 commune
2000 1278 2094 1341 est
2149 1275 2506 1364 ipsummet
2544 1274 2652 1362 jus

362 1376 844 1447 Tridentinum.
905 1379 1076 1469 Ergo
1127 1379 1342 1446 statim
1388 1400 1433 1446 a
1488 1380 1875 1447 concordato
1933 1379 2205 1469 urgebat
2258 1383 2653 1469 praeceptum

360 1483 726 1553 Tridentini
759 1484 838 1553 de
873 1486 1358 1571 canonicatibus
1387 1485 1862 1574 theologalibus
1897 1485 2244 1574 erigendis.

453 1591 516 1659 5.
552 1589 841 1659 Tandem
884 1598 1280 1683 praeceptum
1315 1590 1486 1658 illud
1521 1613 1810 1682 expresse
1846 1590 2175 1658 renovavit
2213 1588 2364 1657 Pius
2390 1587 2507 1657 Vll
2546 1589 2654 1658 his

359 1697 614 1765 verbis:
663 1699 906 1765 Carent
926 1709 1253 1788 praeterea
1282 1709 1360 1766 ut
1387 1697 1458 1764 in
1493 1720 1884 1788 unoquoque
1925 1697 2222 1788 capitulo
2261 1694 2391 1763 duo
2429 1693 2654 1762 adsint

361 1801 684 1881 canonici,
711 1824 995 1892 quorum
1023 1803 1193 1870 alter
1208 1803 1729 1893 poenitentiarii,
1756 1803 1934 1872 alter
1959 1801 2253 1891 theoloqi
2276 1799 2486 1891 officio
2502 1801 2655 1890 fun-

356 1919 563 1997 φαίην
602 1908 807 1998 (bulla
850 1909 1208 1977 Commissa
1251 1909 1576 1979 divinitus
1621 1911 1779 1978 anni
1821 1909 2019 1990 1817,
2055 1909 2097 1999 ἓ
2137 1908 2251 1992 25,
2282 1906 2652 1974 Bullarium

359 2015 835 2100 continuatum,
890 2022 937 2084 t.
987 2015 1165 2100 XIV,
1211 2039 1359 2108 pag.
1412 2016 1593 2108 369).
1651 2017 1731 2085 Et
1769 2017 1924 2086 licet
1973 2014 2434 2085 concordatum
2481 2013 2653 2081 istud

357 2121 514 2187 anni
549 2121 716 2189 1817
746 2123 956 2212 quoad
981 2123 1293 2212 quasdam
1324 2125 1772 2216 dispositiones
1797 2129 2170 2192 revocatum
2193 2127 2407 2212 postea
2429 2121 2649 2203 fuerit,

358 2227 744 2315 praedictum
782 2234 999 2299 tamen
1036 2235 1427 2321 praeceptum
1461 2230 1782 2299 revocatio
1818 2251 1953 2297 non
1984 2227 2262 2317 attingit,
2300 2249 2452 2295 cum
2481 2226 2651 2293 inter

348 2340 647 2400 revocata
675 2334 950 2403 minime
975 2341 1379 2420 numeretur,
1412 2342 1475 2403 et
1501 2337 1684 2405 bulla
1710 2337 1967 2405 dicatur
1994 2336 2068 2403 in
2094 2334 2339 2403 caeteris
2367 2331 2655 2399 firmita-

362 2445 493 2507 tem
529 2441 822 2509 retinere.
1685 2514 1696 2524 ,

447 2545 512 2612 6.
574 2546 819 2615 Verum
868 2550 1137 2637 quidem
1182 2557 1275 2618 est
1329 2551 1555 2620 Galliae
1602 2551 1943 2640 Episcopos
1979 2553 2069 2615 tot
2109 2546 2426 2634 tantisque
2467 2545 2656 2615 curis

356 2654 514 2719 tunc
544 2653 848 2743 temporis
876 2654 1232 2740 distractoS,
1265 2657 1343 2725 de
1388 2657 1502 2725 tali
1538 2656 1855 2728 erectione
1893 2676 2021 2722 non
2071 2652 2316 2741 ubique
2362 2672 2649 2737 curasse,

355 2779 468 2827 seu
522 2762 734 2850 potius
770 2784 876 2831 eos
926 2764 1277 2854 prudenter
1314 2766 1395 2832 ad
1429 2764 1703 2833 meliora
1745 2768 2035 2852 tempora
2068 2781 2213 2828 eam
2255 2758 2649 2826 erectionem

354 2861 706 2950 distulisse,
742 2886 895 2932 cum
923 2888 1056 2933 non
1087 2872 1317 2957 praesto
1346 2872 1557 2934 essent
1588 2866 1712 2933 viri
1753 2863 1832 2932 ad
1874 2863 1996 2931 tale
2031 2883 2276 2930 munus
2311 2859 2552 2938 idonei,
2585 2862 2649 2925 et

355 2966 434 3034 de
472 2971 768 3057 parochis
804 2978 950 3040 ante
995 2973 1215 3041 omnia
1249 2973 1690 3064 providendus
1731 2976 1894 3039 esset
1928 2970 2316 3039 christIanus
2342 2964 2648 3057 populus·

352 3074 442 3141 At
470 3097 644 3143 nunc
672 3076 945 3146 feliciter
973 3082 1270 3166 adaucto,
1311 3102 1389 3148 ex
1420 3079 1538 3148 Dei
1572 3080 1804 3168 gratia,
1840 3078 1911 3145 in
1950 3075 2179 3144 Galliis
2226 3074 2421 3158 clero,
2461 3068 2649 3137 nulla

353 3180 550 3269 objici
592 3205 772 3273 posse
827 3185 1085 3253 videtur
1132 3188 1335 3254 solida
1375 3186 1541 3254 ratio
1594 3207 1716 3252 cur
1748 3183 2208 3251 Tridentinum
2250 3182 2646 3271 praeceptum

353 3306 487 3352 non
529 3296 774 3376 urgeat.
812 3290 1223 3363 Consuetudo
1254 3294 1432 3361 enim
1465 3289 1786 3359 contraria
1820 3290 2067 3356 nedum
2105 3289 2187 3356 sit
2226 3289 2647 3354 immemora-

354 3392 531 3477 hilis,
565 3395 646 3462 ab
670 3417 842 3464 anno
874 3397 1034 3466 1801
1076 3399 1343 3467 initium
1374 3400 1699 3467 desumit:
1733 3401 2039 3485 praeterea
2075 3395 2271 3461 etiam
2300 3394 2353 3460 si
2389 3390 2647 3479 longior

354 3509 538 3583 esset,
575 3510 894 3593 quatenus
932 3506 1421 3588 irrationabilis,
1459 3507 1630 3574 nihil
1667 3511 1889 3573 contra
1931 3504 2145 3592 legem
2178 3503 2458 3570 valeret:
2498 3504 2644 3567 tan-

353 3608 502 3676 dem
541 3630 663 3678 nec
693 3610 830 3677 vim
861 3612 1056 3680 etiam
1090 3612 1575 3682 consuetudinis
1616 3611 1855 3678 habere
1900 3607 2216 3675 censenda
2244 3612 2336 3673 est
2364 3606 2446 3672 ab
2476 3622 2646 3671 anno

357 3714 521 3782 1801
557 3739 574 3799 ;
620 3717 892 3808 simplex
932 3721 1111 3788 enirn
1157 3721 1423 3788 omissio
1458 3741 1590 3809 qua
1622 3740 1756 3786 non
1796 3717 2173 3785 observatur
2208 3713 2334 3796 lex,
2369 3734 2444 3780 eo
2471 3707 2646 3800 quod

351 3820 498 3887 talis
535 3822 893 3894 observatio
944 3827 1240 3894 nondum
1283 3827 1448 3895 facta
1493 3826 1689 3892 fuerit
1733 3821 2086 3913 possibiliS,
2138 3840 2272 3887 non
2316 3813 2646 3885 constituit

352 3930 890 4001 consuetudinem
921 3940 1146 4001 contra
1172 3934 1406 4021 legem.
1443 3931 1656 4018 Unde,
1688 3929 1862 3998 salvo
1891 3930 2257 3998 doctiorum
2287 3930 2348 3992 et
2375 3943 2645 4016 praeser-

353 4031 473 4099 tim
518 4037 930 4126 superiorum
958 4040 1234 4130 judicio,
1270 4039 1459 4107 nobis
1495 4038 1752 4105 videtur
1790 4058 1968 4105 nunc
2005 4035 2230 4105 saltem
2267 4052 2499 4121 urgere
2538 4050 2647 4117 ge-

353 4142 632 4209 neratim
674 4143 999 4233 loquendo
1040 4148 1112 4215 in
1167 4147 1392 4217 Galliae
1430 4146 1716 4215 ecclesiis
1772 4149 2171 4237 praeceptum
2219 4141 2297 4206 de
2340 4132 2646 4226 erigendo

353 4248 697 4338 theologali
747 4254 1154 4338 canonicatu,
1206 4256 1323 4323 ubi
1381 4278 1511 4323 non
1562 4252 1782 4321 fuisset
1826 4257 2097 4320 erectus.
2161 4246 2347 4330 Quod
2388 4243 2648 4338 firmant

358 4355 626 4448 insuper
662 4357 837 4426 zelus
886 4364 951 4427 et
1008 4361 1364 4428 tentamina
1399 4362 1696 4452 plurium
1731 4360 2206 4452 Episcoporum
2236 4354 2355 4446 qui
2399 4349 2649 4420 theolo-
