2930 4982
404 324 440 380 4
454 323 533 379 56
1404 328 1751 374 TnAcTATus

407 450 622 537 hodie,
665 448 831 517 sicut
857 445 1046 514 initio
1065 445 1332 535 quando
1378 446 1461 515 ab
1485 446 1768 516 Ecclesia
1794 445 2087 514 Romana
2112 445 2193 512 in·
2212 446 2371 515 alias
2396 447 2668 516 dimana-

407 563 583 645 runt,
617 554 949 624 indultum
973 552 1235 622 Summi
1257 553 1617 623 pontificis.

1489 828 1606 909 §2

745 1000 813 1040 nt.
850 1000 1230 1041 canomconuu
1269 1000 1556 1041 Puelpms
1588 1001 1898 1041 msmmnus
1939 1000 2126 1039 BREVIS
2164 1000 2327 1039 NOTIO

495 1182 784 1262 Quatuor
812 1183 1278 1249 canonicorum
1310 1182 1380 1247 in
1410 1181 1638 1249 habitu
1678 1180 1963 1269 insignia
1984 1200 2271 1270 quorum
2288 1226 2293 1231 -
2313 1200 2474 1246 usus
2501 1199 2666 1249 com—

410 1286 677 1357 munior
695 1292 813 1364 est,
839 1294 992 1354 sunt
1019 1287 1432 1372 Rochettum,
1467 1286 1709 1378 Cappa,
1736 1287 2025 1371 Mozet-ta‚
2059 1291 2123 1353 et
2144 1285 2462 1353 Almutia.

495 1392 542 1461 l.
575 1390 669 1461 De
698 1392 968 1461 rochetti
995 1392 1245 1481 origine
1272 1398 1337 1460 et
1361 1393 1539 1460 vocis
1559 1393 1946 1481 etymologia
1965 1394 2103 1481 jam
2132 1390 2381 1480 aliquid
2408 1391 2474 1456 in
2501 1410 2668 1479 supe-

407 1498 563 1567 riori
593 1499 995 1589 paragrapho
1021 1505 1114 1566 est
1140 1498 1390 1567 dictum
1420 1520 1498 1567 ex
1524 1498 1750 1568 Nardi.
1786 1498 1941 1567 Haec
1970 1499 2233 1588 insuper
2260 1497 2516 1567 adnotat
2541 1517 2665 1564 eru-

411 1605 582 1673 ditus
602 1605 713 1672 ille
735 1610 960 1672 auctor
986 1628 1003 1671 ε

504 1732 540 1775 α
567 1709 738 1777 Hinc
756 1716 850 1779 est
870 1711 1233 1779 rochettum
1261 1733 1394 1778 non
1419 1711 1811 1781 considerari
1839 1733 2047 1801 neque
2080 1716 2394 1800 tanquam
2418 1732 2659 1797 sacram,

417 1844 462 1885 α.
501 1835 711 1905 neque
743 1821 1053 1908 tanquam
1102 1818 1472 1907 profanam,
1503 1819 1612 1887 sed
1639 1824 1889 1886 tantum
1925 1825 2235 1909 tanquam
2271 1817 2665 1891 distinctionis

420 1948 454 1986 α
498 1928 770 2003 vestem3
805 1928 868 1990 et
895 1923 1230 2013 praescribi
1257 1925 1338 1993 iis
1362 1924 1480 2015 qui
1499 1947 1696 1993 usum
1714 1925 1956 1993 habent
1979 1925 2279 2005 rochetti,
2300 1924 2518 2013 quales
2543 1916 2668 1990 sunt

425 2056 459 2093 «
504 2027 781 2111 Praelati,
817 2030 978 2097 utin
1008 2030 1392 2099 celebranda
1429 2032 1646 2115 missa,
1682 2052 1877 2121 supra
1906 2030 2272 2098 rochettum
2304 2030 2606 2096 amictum
2621 2031 2672 2094 et

425 2161 459 2199 α
504 2134 659 2202 alias
689 2143 887 2209 vestes
923 2156 1132 2205 sacras
1171 2136 1468 2221 induant,
1503 2160 1541 2204 a
1575 2158 1704 2226 quo
1749 2136 2177 2226 prohibentur
2218 2135 2437 2204 caeteri
2464 2133 2673 2224 quibus

423 2268 459 2308 «
501 2240 749 2333 dejure
766 2243 899 2309 non
922 2242 1238 2332 competit
1256 2244 1643 2311 rochettum.
1669 2243 1782 2311 Est
1801 2249 2018 2311 autem
2038 2243 2408 2310 rochettum
2433 2243 2670 2330 signum

423 2373 458 2412 α
501 2348 994 2435 jurisdictioniS,
1024 2349 1302 2438 demptis
1330 2351 1556 2439 paucis
1582 2349 1835 2417 casibus
1868 2349 2107 2437 quibus
2134 2349 2205 2415 in
2238 2370 2498 2416 merum
2517 2367 2680 2415 orna·

426 2481 461 2519 ι(
506 2460 803 2523 mentum
825 2454 1224 2526 conceditur.
1256 2454 1511 2525 Praelati
1536 2463 1601 2526 et
1627 2457 1904 2547 capitula
1928 2457 2092 2525 illud
2116 2461 2366 2544 gestant
2388 2461 2685 2546 quatenus

423 2586 457 2625 ι(
496 2562 1023 2648 jurisdictionem
1074 2562 1380 2629 habentes
1412 2562 1528 2653 (1).
1567 2562 1993 2632 Protonotarii
2019 2563 2347 2655 apostolici
2394 2584 2519 2629 non
2548 2582 2686 2649 par·

424 2690 459 2729 a
505 2666 841 2753 ticipantes
911 2672 973 2732 et
1058 2667 1264 2754 aliqui
1321 2671 1747 2736 mansionarii
1804 2671 1963 2737 illud
2025 2672 2310 2739 obtinent
2373 2672 2682 2755 quatenus

424 2799 458 2839 «
515 2794 771 2840 merum
801 2777 1284 2840 ornamentum.
1314 2772 1652 2863 Tanquam
1673 2774 1937 2863 signum
1954 2776 2414 2865 jurisdictionis
2440 2772 2687 2840 rochet-

425 2906 464 2947 υ.
505 2887 646 2947 tum
680 2903 936 2971 semper
977 2879 1276 2948 deserunt
1311 2880 1613 2971 Episcopi
1644 2882 1840 2949 etiam
1884 2888 2057 2950 extra
2091 2884 2362 2970 dom-um
2394 2885 2457 2947 et
2499 2878 2686 2947 eccle-

425 3010 457 3048 «
504 2986 664 3052 siam
685 3012 703 3071 3
732 2991 795 3052 et
812 2985 1074 3073 quando
1092 2985 1341 3053 adstant
1363 3008 1581 3056 coram
1603 2985 1773 3075 Papa
1788 2993 1898 3054 aut
1920 2986 2129 3075 legato
2142 2987 2510 3077 Apostolico
2541 2982 2681 3052 illud

423 3117 457 3157 «
499 3090 695 3179 pallio
751 3092 1153 3180 cooperiunt,
1204 3092 1359 3180 quia
1403 3098 1560 3161 tunc
1602 3099 1937 3162 mozettam
1965 3092 2677 3182 servareprohibentur.

421 3223 454 3261 «
497 3196 568 3263 ln
614 3197 879 3285 signum
906 3198 1059 3264 item
1083 3197 1556 3285 jurisdictionis
1590 3197 1760 3289 Papa
1797 3200 2267 3289 semperrintus
2304 3204 2368 3265 et
2393 3198 2557 3265 foras
2584 3215 2680 3261 ro-

419 3324 453 3361 «
499 3300 788 3368 chettum
822 3323 975 3368 cum
1005 3303 1164 3369 stola
1201 3309 1441 3390 gestat;
1484 3309 1546 3369 et
1586 3304 1750 3371 illud
1782 3306 1972 3382 novis
2005 3305 2223 3372 electis
2245 3303 2582 3393 Episcopis
2622 3300 2682 3366 in

415 3405 756 3491 «signum
794 3408 1115 3493 potestatis
1156 3404 1453 3496 imponit.
1487 3409 1560 3475 ln
1601 3409 1809 3478 Gallia
1851 3411 2218 3480 minoribus
2259 3409 2682 3477 sacristiarum

416 3536 449 3575 «
497 3509 748 3577 clericis
799 3510 1195 3599 permittitur
1244 3512 1636 3580 rochettum.
1695 3514 1923 3583 Nescio
1978 3538 2061 3582 an
2106 3514 2416 3604 antiquus
2459 3513 2543 3579 sit
2589 3510 2682 3578 ille

413 3643 447 3684 «
493 3616 842 3707 singularis
882 3638 1077 3695 usus;
1123 3617 1236 3684 sed
1267 3617 1602 3698 fatendum
1646 3622 1958 3710 quosdam
2009 3624 2076 3690 in
2115 3644 2190 3698 ea
2214 3621 2486 3709 regione
2542 3617 2683 3685 abu·

410 3752 445 3791 α
489 3732 810 3801 susasat
851 3724 1047 3813 longo
1083 3729 1371 3814 tempore
1414 3727 1783 3812 invaluisse,
1831 3750 1985 3798 cum
2026 3727 2097 3796 in
2137 3727 2419 3797 concilio
2454 3724 2684 3796 Narbo·

412 3858 445 3898 «
484 3834 693 3917 riensi,
730 3832 887 3902 anni
923 3830 1120 3913 1551,
1153 3854 1302 3899 can.
1333 3833 1445 3916 41,
1480 3856 1644 3923 opus
1674 3835 1871 3902 fuerit
1893 3835 2329 3903 sacerdotibus
2354 3831 2686 3902 ordinariis

409 3965 442 4001 <x
485 3942 847 4009 rochettum
891 3939 1277 4029 prohibere3
1322 3945 1385 4006 et
1423 3940 1493 4005 in
1524 3941 1840 4029 Aquensi,
1889 3943 2048 4011 anni
2099 3942 2295 4028 1585,
2339 3943 2412 4028 in
2448 3943 2685 4009 memo·

406 4072 440 4109 «
482 4046 648 4114 riam
679 4053 1012 4117 revocetur
1047 4046 1414 4114 rochettum
1443 4053 1577 4116 esse
1606 4055 1848 4117 vestem
1888 4049 2363 4141 Episcoporum
2412 4054 2478 4117 et
2507 4041 2684 4117 cano·

462 4197 524 4295 (1⁵)
557 4232 647 4282 Illa
670 4234 952 4294 iurisdictio
976 4237 1311 4300 capitulorum
1334 4237 1395 4288 de
1420 4252 1523 4302 qua
1548 4203 1616 4289 ibi
1640 4244 1746 4304 agit
1768 4242 1922 4291 Nardi
1950 4239 2281 4304 intelligenda
2313 4244 2391 4289 est
2424 4241 2478 4289 in
2514 4234 2681 4287 habitu

392 4318 590 4363 tantum
625 4313 743 4363 sede
770 4303 939 4376 plena.
968 4316 1097 4365 Nam
1125 4320 1177 4366 in
1198 4318 1441 4368 exercitio
1482 4317 1676 4370 nullam
1705 4321 1896 4373 habent
1920 4324 1974 4371 in
2003 4321 2257 4372 dioecesim
2287 4321 2679 4381 jurisdictionem

386 4394 480 4444 nisi
510 4394 629 4446 sede
660 4399 892 4445 vacante.
2164 4423 2171 4428 r
