<?xml version="1.0" encoding="UTF-8"?>
<!DOCTYPE html PUBLIC "-//W3C//DTD XHTML 1.0 Transitional//EN"
    "http://www.w3.org/TR/xhtml1/DTD/xhtml1-transitional.dtd">
<html xmlns="http://www.w3.org/1999/xhtml" xml:lang="en" lang="en">
 <head>
  <title>
</title>
<meta http-equiv="Content-Type" content="text/html;charset=utf-8" />
  <meta name='ocr-system' content='tesseract 3.04.00' />
  <meta name='ocr-capabilities' content='ocr_page ocr_carea ocr_par ocr_line ocrx_word'/>
</head>
<body>
  <div class='ocr_page' id='page_1' title='image "./tractatusdecapi00bouigoog_0070.png"; bbox 0 0 2930 4982; ppageno 0'>
   <div class='ocr_carea' id='block_1_1' title="bbox 406 348 1731 404">
    <p class='ocr_par' dir='ltr' id='par_1_1' title="bbox 406 348 1731 404">
     <span class='ocr_line' id='line_1_1' title="bbox 406 348 1731 404; baseline -0.005 -1"><span class='ocrx_word' id='word_1_1' title='bbox 406 348 486 404; x_wconf 74' lang='lat'><em>52</em></span> <span class='ocrx_word' id='word_1_2' title='bbox 1388 352 1731 398; x_wconf 74' lang='lat' dir='ltr'>TRAGTATUS</span> 
     </span>
    </p>
   </div>
   <div class='ocr_carea' id='block_1_2' title="bbox 298 467 2693 4484">
    <p class='ocr_par' dir='ltr' id='par_1_2' title="bbox 298 467 2693 4163">
     <span class='ocr_line' id='line_1_2' title="bbox 399 467 2692 564; baseline -0.003 -19"><span class='ocrx_word' id='word_1_3' title='bbox 399 487 463 546; x_wconf 89' lang='lat' dir='ltr'><em>et</em></span> <span class='ocrx_word' id='word_1_4' title='bbox 483 475 1050 564; x_wconf 56' lang='lat' dir='ltr'><em>eleemosynarnm</em></span> <span class='ocrx_word' id='word_1_5' title='bbox 1071 470 1367 539; x_wconf 82' lang='lat' dir='ltr'><em>studium</em></span> <span class='ocrx_word' id='word_1_6' title='bbox 1392 492 1629 537; x_wconf 84' lang='lat' dir='ltr'><em>vacare</em></span> <span class='ocrx_word' id='word_1_7' title='bbox 1645 467 2068 558; x_wconf 75' lang='lat' dir='ltr'><em>conqruebat.</em></span> <span class='ocrx_word' id='word_1_8' title='bbox 2105 469 2286 533; x_wconf 88' lang='lat' dir='ltr'><em>Unde</em></span> <span class='ocrx_word' id='word_1_9' title='bbox 2299 469 2355 557; x_wconf 67' lang='grc' dir='ltr'><em>[ἰ</em></span> <span class='ocrx_word' id='word_1_10' title='bbox 2360 480 2386 535; x_wconf 92' lang='lat' dir='ltr'><em>t</em></span> <span class='ocrx_word' id='word_1_11' title='bbox 2390 469 2692 560; x_wconf 73' lang='lat' dir='ltr'><em>plerum-</em></span> 
     </span>
     <span class='ocr_line' id='line_1_3' title="bbox 399 574 2689 675; baseline -0.003 -23"><span class='ocrx_word' id='word_1_12' title='bbox 399 607 523 675; x_wconf 83' lang='lat' dir='ltr'><em>que</em></span> <span class='ocrx_word' id='word_1_13' title='bbox 549 595 625 651; x_wconf 82' lang='lat' dir='ltr'><em>ut</em></span> <span class='ocrx_word' id='word_1_14' title='bbox 677 581 770 650; x_wconf 85' lang='lat' dir='ltr'><em>ad</em></span> <span class='ocrx_word' id='word_1_15' title='bbox 820 602 1084 649; x_wconf 83' lang='lat' dir='ltr'><em>sacrum</em></span> <span class='ocrx_word' id='word_1_16' title='bbox 1125 576 1598 660; x_wconf 79' lang='lat' dir='ltr'><em>ministerium,</em></span> <span class='ocrx_word' id='word_1_17' title='bbox 1649 575 1810 643; x_wconf 84' lang='lat' dir='ltr'><em>dum</em></span> <span class='ocrx_word' id='word_1_18' title='bbox 1864 574 2120 642; x_wconf 85' lang='lat' dir='ltr'><em>blanda</em></span> <span class='ocrx_word' id='word_1_19' title='bbox 2165 598 2295 642; x_wconf 76' lang='lat' dir='ltr'><em>vox</em></span> <span class='ocrx_word' id='word_1_20' title='bbox 2341 578 2689 667; x_wconf 69' lang='lat' dir='ltr'><em>quaeritur,</em></span> 
     </span>
     <span class='ocr_line' id='line_1_4' title="bbox 398 682 2692 782; baseline -0.002 -25"><span class='ocrx_word' id='word_1_21' title='bbox 398 690 608 782; x_wconf 86' lang='lat' dir='ltr'><em>quoeri</em></span> <span class='ocrx_word' id='word_1_22' title='bbox 628 710 921 779; x_wconf 74' lang='lat' dir='ltr'><em>eonqrua</em></span> <span class='ocrx_word' id='word_1_23' title='bbox 945 686 1088 752; x_wconf 85' lang='lat' dir='ltr'><em>vita</em></span> <span class='ocrx_word' id='word_1_24' title='bbox 1120 685 1535 775; x_wconf 75' lang='lat' dir='ltr'><em>neqliqatur,</em></span> <span class='ocrx_word' id='word_1_25' title='bbox 1565 695 1628 751; x_wconf 90' lang='lat' dir='ltr'><em>et</em></span> <span class='ocrx_word' id='word_1_26' title='bbox 1654 695 1891 752; x_wconf 86' lang='lat' dir='ltr'><em>cantor</em></span> <span class='ocrx_word' id='word_1_27' title='bbox 1917 682 2221 749; x_wconf 81' lang='lat' dir='ltr'><em>minister</em></span> <span class='ocrx_word' id='word_1_28' title='bbox 2241 686 2454 750; x_wconf 84' lang='lat' dir='ltr'><em>Deum</em></span> <span class='ocrx_word' id='word_1_29' title='bbox 2483 688 2692 754; x_wconf 83' lang='lat' dir='ltr'><em>mori-</em></span> 
     </span>
     <span class='ocr_line' id='line_1_5' title="bbox 399 787 2693 881; baseline -0.002 -17"><span class='ocrx_word' id='word_1_30' title='bbox 399 795 514 863; x_wconf 81' lang='lat' dir='ltr'><em>bus</em></span> <span class='ocrx_word' id='word_1_31' title='bbox 536 793 864 869; x_wconf 84' lang='lat' dir='ltr'><em>stimulet,</em></span> <span class='ocrx_word' id='word_1_32' title='bbox 888 814 1036 859; x_wconf 83' lang='lat' dir='ltr'><em>cum</em></span> <span class='ocrx_word' id='word_1_33' title='bbox 1042 790 1381 881; x_wconf 82' lang='lat' dir='ltr'><em>populum</em></span> <span class='ocrx_word' id='word_1_34' title='bbox 1403 789 1665 858; x_wconf 82' lang='lat' dir='ltr'><em>vocibus</em></span> <span class='ocrx_word' id='word_1_35' title='bbox 1679 787 1994 856; x_wconf 85' lang='lat' dir='ltr'><em>delectat.</em></span> <span class='ocrx_word' id='word_1_36' title='bbox 2030 789 2178 867; x_wconf 83' lang='lat' dir='ltr'><em>Qua</em></span> <span class='ocrx_word' id='word_1_37' title='bbox 2201 788 2272 855; x_wconf 89' lang='lat' dir='ltr'><em>in</em></span> <span class='ocrx_word' id='word_1_38' title='bbox 2292 811 2361 855; x_wconf 90' lang='lat' dir='ltr'><em>re</em></span> <span class='ocrx_word' id='word_1_39' title='bbox 2373 792 2693 879; x_wconf 84' lang='lat' dir='ltr'><em>proesenti</em></span> 
     </span>
     <span class='ocr_line' id='line_1_6' title="bbox 395 894 2688 978; baseline -0.001 -10"><span class='ocrx_word' id='word_1_40' title='bbox 395 900 648 969; x_wconf 83' lang='lat' dir='ltr'><em>decreto</em></span> <span class='ocrx_word' id='word_1_41' title='bbox 691 898 1043 978; x_wconf 79' lang='lat' dir='ltr'><em>constitue,</em></span> <span class='ocrx_word' id='word_1_42' title='bbox 1078 908 1155 964; x_wconf 82' lang='lat' dir='ltr'><em>ut</em></span> <span class='ocrx_word' id='word_1_43' title='bbox 1182 896 1251 963; x_wconf 92' lang='lat' dir='ltr'><em>in</em></span> <span class='ocrx_word' id='word_1_44' title='bbox 1279 896 1406 963; x_wconf 76' lang='lat' dir='ltr'><em>hae</em></span> <span class='ocrx_word' id='word_1_45' title='bbox 1439 894 1588 963; x_wconf 85' lang='lat' dir='ltr'><em>sede</em></span> <span class='ocrx_word' id='word_1_46' title='bbox 1615 896 1791 963; x_wconf 84' lang='lat' dir='ltr'><em>sacri</em></span> <span class='ocrx_word' id='word_1_47' title='bbox 1816 894 2061 962; x_wconf 84' lang='lat' dir='ltr'><em>altaris</em></span> <span class='ocrx_word' id='word_1_48' title='bbox 2095 894 2392 961; x_wconf 85' lang='lat' dir='ltr'><em>ministri</em></span> <span class='ocrx_word' id='word_1_49' title='bbox 2419 909 2688 967; x_wconf 82' lang='lat' dir='ltr'><em>cantare</em></span> 
     </span>
     <span class='ocr_line' id='line_1_7' title="bbox 392 1000 2686 1092; baseline -0.001 -17"><span class='ocrx_word' id='word_1_50' title='bbox 392 1030 528 1075; x_wconf 85' lang='lat' dir='ltr'><em>non</em></span> <span class='ocrx_word' id='word_1_51' title='bbox 556 1005 859 1085; x_wconf 84' lang='lat' dir='ltr'><em>debeant,</em></span> <span class='ocrx_word' id='word_1_52' title='bbox 890 1003 1237 1092; x_wconf 83' lang='lat' dir='ltr'><em>solumque</em></span> <span class='ocrx_word' id='word_1_53' title='bbox 1252 1002 1652 1091; x_wconf 76' lang='lat' dir='ltr'><em>evanqelieae</em></span> <span class='ocrx_word' id='word_1_54' title='bbox 1680 1000 1979 1069; x_wconf 86' lang='lat' dir='ltr'><em>lectionis</em></span> <span class='ocrx_word' id='word_1_55' title='bbox 2004 1000 2304 1090; x_wconf 79' lang='lat' dir='ltr'><em>officium</em></span> <span class='ocrx_word' id='word_1_56' title='bbox 2332 1000 2505 1069; x_wconf 89' lang='lat' dir='ltr'><em>inter</em></span> <span class='ocrx_word' id='word_1_57' title='bbox 2529 1004 2686 1072; x_wconf 81' lang='lat' dir='ltr'><em>mis-</em></span> 
     </span>
     <span class='ocr_line' id='line_1_8' title="bbox 394 1106 2682 1198; baseline -0 -19"><span class='ocrx_word' id='word_1_58' title='bbox 394 1134 622 1180; x_wconf 81' lang='lat' dir='ltr'><em>sarum</em></span> <span class='ocrx_word' id='word_1_59' title='bbox 653 1109 972 1177; x_wconf 84' lang='lat' dir='ltr'><em>solemnia</em></span> <span class='ocrx_word' id='word_1_60' title='bbox 997 1107 1351 1175; x_wconf 78' lang='lat' dir='ltr'><em>exsolvant</em></span> <span class='ocrx_word' id='word_1_61' title='bbox 1382 1107 1732 1198; x_wconf 82' lang='lat' dir='ltr'><em>:psalmos</em></span> <span class='ocrx_word' id='word_1_62' title='bbox 1762 1128 1914 1174; x_wconf 88' lang='lat' dir='ltr'><em>vero</em></span> <span class='ocrx_word' id='word_1_63' title='bbox 1944 1128 2021 1173; x_wconf 86' lang='lat' dir='ltr'><em>ac</em></span> <span class='ocrx_word' id='word_1_64' title='bbox 2049 1106 2345 1194; x_wconf 80' lang='lat' dir='ltr'><em>reliquas</em></span> <span class='ocrx_word' id='word_1_65' title='bbox 2378 1107 2682 1178; x_wconf 88' lang='lat' dir='ltr'><em>lectiones</em></span> 
     </span>
     <span class='ocr_line' id='line_1_9' title="bbox 393 1212 2689 1307; baseline -0.001 -22"><span class='ocrx_word' id='word_1_66' title='bbox 393 1239 612 1285; x_wconf 85' lang='lat' dir='ltr'><em>censeo</em></span> <span class='ocrx_word' id='word_1_67' title='bbox 626 1238 758 1307; x_wconf 82' lang='lat' dir='ltr'><em>per</em></span> <span class='ocrx_word' id='word_1_68' title='bbox 777 1212 1234 1299; x_wconf 81' lang='lat' dir='ltr'><em>subdiaconos,</em></span> <span class='ocrx_word' id='word_1_69' title='bbox 1272 1214 1381 1281; x_wconf 89' lang='lat' dir='ltr'><em>vel</em></span> <span class='ocrx_word' id='word_1_70' title='bbox 1403 1214 1467 1281; x_wconf 88' lang='lat' dir='ltr'><em>si</em></span> <span class='ocrx_word' id='word_1_71' title='bbox 1488 1215 1835 1281; x_wconf 79' lang='lat' dir='ltr'><em>necessitas</em></span> <span class='ocrx_word' id='word_1_72' title='bbox 1855 1213 2092 1303; x_wconf 75' lang='lat' dir='ltr'><em>exiqit,</em></span> <span class='ocrx_word' id='word_1_73' title='bbox 2119 1236 2242 1303; x_wconf 83' lang='lat' dir='ltr'><em>per</em></span> <span class='ocrx_word' id='word_1_74' title='bbox 2268 1213 2548 1283; x_wconf 87' lang='lat' dir='ltr'><em>minores</em></span> <span class='ocrx_word' id='word_1_75' title='bbox 2576 1239 2689 1282; x_wconf 91' lang='lat' dir='ltr'><em>or-</em></span> 
     </span>
     <span class='ocr_line' id='line_1_10' title="bbox 390 1318 2691 1408; baseline 0.001 -20"><span class='ocrx_word' id='word_1_76' title='bbox 390 1319 571 1388; x_wconf 80' lang='lat' dir='ltr'><em>dines</em></span> <span class='ocrx_word' id='word_1_77' title='bbox 596 1320 906 1388; x_wconf 79' lang='lat' dir='ltr'><em>eoelziberi.</em></span> <span class='ocrx_word' id='word_1_78' title='bbox 941 1318 1019 1386; x_wconf 89' lang='lat' dir='ltr'><em>Si</em></span> <span class='ocrx_word' id='word_1_79' title='bbox 1042 1318 1190 1408; x_wconf 84' lang='lat' dir='ltr'><em>quis</em></span> <span class='ocrx_word' id='word_1_80' title='bbox 1211 1330 1439 1386; x_wconf 82' lang='lat' dir='ltr'><em>autem</em></span> <span class='ocrx_word' id='word_1_81' title='bbox 1458 1331 1693 1387; x_wconf 83' lang='lat' dir='ltr'><em>contra</em></span> <span class='ocrx_word' id='word_1_82' title='bbox 1717 1319 1839 1387; x_wconf 79' lang='lat' dir='ltr'><em>lzoe</em></span> <span class='ocrx_word' id='word_1_83' title='bbox 1868 1319 2201 1386; x_wconf 82' lang='lat' dir='ltr'><em>decretum</em></span> <span class='ocrx_word' id='word_1_84' title='bbox 2224 1341 2447 1386; x_wconf 83' lang='lat' dir='ltr'><em>meum</em></span> <span class='ocrx_word' id='word_1_85' title='bbox 2467 1322 2691 1390; x_wconf 84' lang='lat' dir='ltr'><em>venire</em></span> 
     </span>
     <span class='ocr_line' id='line_1_11' title="bbox 390 1422 2689 1517; baseline 0.001 -24"><span class='ocrx_word' id='word_1_86' title='bbox 390 1425 772 1514; x_wconf 86' lang='lat' dir='ltr'><em>tentaverit,</em></span> <span class='ocrx_word' id='word_1_87' title='bbox 801 1425 1166 1493; x_wconf 78' lang='lat' dir='ltr'><em>anathema</em></span> <span class='ocrx_word' id='word_1_88' title='bbox 1192 1425 1305 1492; x_wconf 90' lang='lat' dir='ltr'><em>sit.</em></span> <span class='ocrx_word' id='word_1_89' title='bbox 1339 1425 1434 1517; x_wconf 89' lang='lat' dir='ltr'><em>(C.</em></span> <span class='ocrx_word' id='word_1_90' title='bbox 1472 1426 1544 1493; x_wconf 91' lang='lat' dir='ltr'><em>in</em></span> <span class='ocrx_word' id='word_1_91' title='bbox 1563 1436 1797 1494; x_wconf 84' lang='lat' dir='ltr'><em>sancta</em></span> <span class='ocrx_word' id='word_1_92' title='bbox 1821 1429 2153 1509; x_wconf 85' lang='lat' dir='ltr'><em>Romana,</em></span> <span class='ocrx_word' id='word_1_93' title='bbox 2182 1422 2330 1492; x_wconf 88' lang='lat' dir='ltr'><em>dist.</em></span> <span class='ocrx_word' id='word_1_94' title='bbox 2359 1425 2503 1517; x_wconf 77' lang='lat'>92.)</span> <span class='ocrx_word' id='word_1_95' title='bbox 2546 1426 2689 1507; x_wconf 86' lang='lat' dir='ltr'><em>Quo</em></span> 
     </span>
     <span class='ocr_line' id='line_1_12' title="bbox 390 1530 2686 1616; baseline 0 -15"><span class='ocrx_word' id='word_1_96' title='bbox 390 1533 581 1602; x_wconf 88' lang='lat' dir='ltr'><em>citato</em></span> <span class='ocrx_word' id='word_1_97' title='bbox 614 1539 1038 1601; x_wconf 91' lang='lat' dir='ltr'><em>monumento</em></span> <span class='ocrx_word' id='word_1_98' title='bbox 1078 1530 1258 1600; x_wconf 85' lang='lat' dir='ltr'><strong>addit</strong></span> <span class='ocrx_word' id='word_1_99' title='bbox 1287 1530 1622 1600; x_wconf 89' lang='lat' dir='ltr'><em>Sarnellus</em></span> <span class='ocrx_word' id='word_1_100' title='bbox 1660 1532 1783 1600; x_wconf 91' lang='lat' dir='ltr'><em>sibi</em></span> <span class='ocrx_word' id='word_1_101' title='bbox 1822 1554 1957 1600; x_wconf 91' lang='lat' dir='ltr'><em>non</em></span> <span class='ocrx_word' id='word_1_102' title='bbox 2009 1537 2266 1599; x_wconf 90' lang='lat' dir='ltr'><em>tantum</em></span> <span class='ocrx_word' id='word_1_103' title='bbox 2299 1531 2535 1616; x_wconf 85' lang='lat' dir='ltr'><em>risum,</em></span> <span class='ocrx_word' id='word_1_104' title='bbox 2575 1535 2686 1602; x_wconf 89' lang='lat' dir='ltr'><em>sed</em></span> 
     </span>
     <span class='ocr_line' id='line_1_13' title="bbox 386 1637 2690 1728; baseline -0.001 -20"><span class='ocrx_word' id='word_1_105' title='bbox 386 1646 449 1708; x_wconf 88' lang='lat' dir='ltr'><em>et</em></span> <span class='ocrx_word' id='word_1_106' title='bbox 470 1640 969 1709; x_wconf 81' lang='lat' dir='ltr'><em>admirationem</em></span> <span class='ocrx_word' id='word_1_107' title='bbox 1006 1638 1279 1706; x_wconf 90' lang='lat' dir='ltr'><em>movisse</em></span> <span class='ocrx_word' id='word_1_108' title='bbox 1316 1637 1717 1728; x_wconf 85' lang='lat' dir='ltr'><em>Episcopum</em></span> <span class='ocrx_word' id='word_1_109' title='bbox 1743 1638 1962 1724; x_wconf 90' lang='lat' dir='ltr'><em>illum,</em></span> <span class='ocrx_word' id='word_1_110' title='bbox 1993 1639 2108 1727; x_wconf 92' lang='lat' dir='ltr'><em>qui</em></span> <span class='ocrx_word' id='word_1_111' title='bbox 2154 1643 2228 1705; x_wconf 91' lang='lat' dir='ltr'><em>ut</em></span> <span class='ocrx_word' id='word_1_112' title='bbox 2275 1639 2690 1727; x_wconf 88' lang='lat' dir='ltr'><em>persuaderet</em></span> 
     </span>
     <span class='ocr_line' id='line_1_14' title="bbox 386 1734 2679 1833; baseline -0.001 -19"><span class='ocrx_word' id='word_1_113' title='bbox 386 1748 733 1814; x_wconf 88' lang='lat' dir='ltr'><em>canonicos</em></span> <span class='ocrx_word' id='word_1_114' title='bbox 761 1746 840 1813; x_wconf 89' lang='lat' dir='ltr'><em>ad</em></span> <span class='ocrx_word' id='word_1_115' title='bbox 872 1749 1137 1813; x_wconf 88' lang='lat' dir='ltr'><em>cantum</em></span> <span class='ocrx_word' id='word_1_116' title='bbox 1163 1743 1366 1811; x_wconf 89' lang='lat' dir='ltr'><em>divini</em></span> <span class='ocrx_word' id='word_1_117' title='bbox 1397 1743 1597 1811; x_wconf 83' lang='lat' dir='ltr'><em>officii</em></span> <span class='ocrx_word' id='word_1_118' title='bbox 1628 1766 1762 1812; x_wconf 87' lang='lat' dir='ltr'><em>esse</em></span> <span class='ocrx_word' id='word_1_119' title='bbox 1799 1743 2159 1830; x_wconf 79' lang='lat' dir='ltr'><em>adstrictOS,</em></span> <span class='ocrx_word' id='word_1_120' title='bbox 2196 1734 2290 1811; x_wconf 83' lang='lat' dir='ltr'><em>sic</em></span> <span class='ocrx_word' id='word_1_121' title='bbox 2320 1744 2629 1833; x_wconf 90' lang='lat' dir='ltr'><em>arguebat</em></span> <span class='ocrx_word' id='word_1_122' title='bbox 2664 1769 2679 1812; x_wconf 90' lang='lat'><strong>:</strong></span> 
     </span>
     <span class='ocr_line' id='line_1_15' title="bbox 395 1848 2679 1919; baseline 0 -4"><span class='ocrx_word' id='word_1_123' title='bbox 395 1876 430 1915; x_wconf 84' lang='lat'>«</span> <span class='ocrx_word' id='word_1_124' title='bbox 455 1848 674 1919; x_wconf 85' lang='lat' dir='ltr'><em>Vultis</em></span> <span class='ocrx_word' id='word_1_125' title='bbox 700 1851 918 1918; x_wconf 84' lang='lat' dir='ltr'><em>videre</em></span> <span class='ocrx_word' id='word_1_126' title='bbox 949 1849 1294 1916; x_wconf 90' lang='lat' dir='ltr'><em>canonicos</em></span> <span class='ocrx_word' id='word_1_127' title='bbox 1327 1849 1405 1915; x_wconf 91' lang='lat' dir='ltr'><em>ad</em></span> <span class='ocrx_word' id='word_1_128' title='bbox 1436 1855 1706 1916; x_wconf 90' lang='lat' dir='ltr'><em>cantum</em></span> <span class='ocrx_word' id='word_1_129' title='bbox 1735 1851 2253 1918; x_wconf 85' lang='lat' dir='ltr'><em>ecclesiasticum</em></span> <span class='ocrx_word' id='word_1_130' title='bbox 2283 1849 2538 1917; x_wconf 78' lang='lat' dir='ltr'><em>teneri?</em></span> <span class='ocrx_word' id='word_1_131' title='bbox 2562 1849 2679 1916; x_wconf 85' lang='lat' dir='ltr'><em>At-</em></span> 
     </span>
     <span class='ocr_line' id='line_1_16' title="bbox 383 1955 2683 2044; baseline 0.001 -22"><span class='ocrx_word' id='word_1_132' title='bbox 383 1958 625 2024; x_wconf 83' lang='lat' dir='ltr'><em>tendite</em></span> <span class='ocrx_word' id='word_1_133' title='bbox 667 1957 747 2025; x_wconf 93' lang='lat' dir='ltr'><em>ad</em></span> <span class='ocrx_word' id='word_1_134' title='bbox 773 1958 949 2025; x_wconf 86' lang='lat' dir='ltr'><em>vocis</em></span> <span class='ocrx_word' id='word_1_135' title='bbox 975 1955 1435 2044; x_wconf 80' lang='lat' dir='ltr'><em>etymologiam</em></span> <span class='ocrx_word' id='word_1_136' title='bbox 1469 1978 1485 2022; x_wconf 78' lang='lat' dir='ltr'><em>z</em></span> <span class='ocrx_word' id='word_1_137' title='bbox 1531 1957 1883 2024; x_wconf 83' lang='lat' dir='ltr'><em>eanonicus</em></span> <span class='ocrx_word' id='word_1_138' title='bbox 1912 1979 1956 2024; x_wconf 84' lang='lat' dir='ltr'><strong><em>a</em></strong></span> <span class='ocrx_word' id='word_1_139' title='bbox 1984 1955 2299 2024; x_wconf 79' lang='lat' dir='ltr'><em>canendo.</em></span> <span class='ocrx_word' id='word_1_140' title='bbox 2338 1983 2370 2022; x_wconf 82' lang='lat'><em>›&gt;</em></span> <span class='ocrx_word' id='word_1_141' title='bbox 2409 1957 2530 2024; x_wconf 91' lang='lat' dir='ltr'><em>Hic</em></span> <span class='ocrx_word' id='word_1_142' title='bbox 2558 1958 2683 2024; x_wconf 89' lang='lat' dir='ltr'><em>tria</em></span> 
     </span>
     <span class='ocr_line' id='line_1_17' title="bbox 382 2062 2681 2140; baseline -0.001 -8"><span class='ocrx_word' id='word_1_143' title='bbox 382 2065 837 2132; x_wconf 82' lang='lat' dir='ltr'><em>adnotabimus</em></span> <span class='ocrx_word' id='word_1_144' title='bbox 872 2088 888 2132; x_wconf 74' lang='grc' dir='ltr'>ε</span> <span class='ocrx_word' id='word_1_145' title='bbox 934 2065 998 2131; x_wconf 83' lang='lat'><em>1⁰</em></span> <span class='ocrx_word' id='word_1_146' title='bbox 1026 2062 1479 2131; x_wconf 85' lang='lat' dir='ltr'><em>Certissimum</em></span> <span class='ocrx_word' id='word_1_147' title='bbox 1533 2068 1628 2130; x_wconf 91' lang='lat' dir='ltr'><em>est</em></span> <span class='ocrx_word' id='word_1_148' title='bbox 1652 2065 1995 2131; x_wconf 89' lang='lat' dir='ltr'><em>canonicos</em></span> <span class='ocrx_word' id='word_1_149' title='bbox 2035 2064 2117 2130; x_wconf 90' lang='lat' dir='ltr'><em>ad</em></span> <span class='ocrx_word' id='word_1_150' title='bbox 2162 2063 2554 2140; x_wconf 88' lang='lat' dir='ltr'><em>cantandum</em></span> <span class='ocrx_word' id='word_1_151' title='bbox 2609 2065 2681 2130; x_wconf 92' lang='lat' dir='ltr'><em>in</em></span> 
     </span>
     <span class='ocr_line' id='line_1_18' title="bbox 384 2167 2678 2258; baseline -0.002 -19"><span class='ocrx_word' id='word_1_152' title='bbox 384 2171 582 2239; x_wconf 89' lang='lat' dir='ltr'><em>choro</em></span> <span class='ocrx_word' id='word_1_153' title='bbox 604 2171 910 2238; x_wconf 89' lang='lat' dir='ltr'><em>divinum</em></span> <span class='ocrx_word' id='word_1_154' title='bbox 927 2169 1223 2237; x_wconf 86' lang='lat' dir='ltr'><em>officium</em></span> <span class='ocrx_word' id='word_1_155' title='bbox 1245 2168 1518 2236; x_wconf 92' lang='lat' dir='ltr'><em>omnino</em></span> <span class='ocrx_word' id='word_1_156' title='bbox 1534 2168 1737 2234; x_wconf 85' lang='lat' dir='ltr'><em>teneri</em></span> <span class='ocrx_word' id='word_1_157' title='bbox 1770 2167 1867 2258; x_wconf 89' lang='lat' dir='ltr'><em>(ut</em></span> <span class='ocrx_word' id='word_1_158' title='bbox 1887 2168 2056 2235; x_wconf 84' lang='lat' dir='ltr'><em>infra</em></span> <span class='ocrx_word' id='word_1_159' title='bbox 2079 2167 2221 2235; x_wconf 86' lang='lat' dir='ltr'><em>fuse</em></span> <span class='ocrx_word' id='word_1_160' title='bbox 2242 2167 2678 2258; x_wconf 86' lang='lat' dir='ltr'><em>probabitur),</em></span> 
     </span>
     <span class='ocr_line' id='line_1_19' title="bbox 381 2271 2677 2364; baseline -0.002 -19"><span class='ocrx_word' id='word_1_161' title='bbox 381 2276 535 2345; x_wconf 91' lang='lat' dir='ltr'><em>licet</em></span> <span class='ocrx_word' id='word_1_162' title='bbox 556 2299 688 2343; x_wconf 91' lang='lat' dir='ltr'><em>non</em></span> <span class='ocrx_word' id='word_1_163' title='bbox 719 2298 793 2342; x_wconf 87' lang='lat' dir='ltr'><em>ex</em></span> <span class='ocrx_word' id='word_1_164' title='bbox 825 2274 1002 2342; x_wconf 83' lang='lat' dir='ltr'><em>vocis</em></span> <span class='ocrx_word' id='word_1_165' title='bbox 1032 2273 1447 2362; x_wconf 75' lang='lat' dir='ltr'><em>etymologia,</em></span> <span class='ocrx_word' id='word_1_166' title='bbox 1483 2278 1557 2339; x_wconf 92' lang='lat' dir='ltr'><em>ut</em></span> <span class='ocrx_word' id='word_1_167' title='bbox 1588 2271 1841 2341; x_wconf 87' lang='lat' dir='ltr'><em>volebat</em></span> <span class='ocrx_word' id='word_1_168' title='bbox 1865 2278 2261 2340; x_wconf 90' lang='lat' dir='ltr'><em>memoratus</em></span> <span class='ocrx_word' id='word_1_169' title='bbox 2291 2272 2677 2364; x_wconf 78' lang='lat' dir='ltr'><em>Episcopus,</em></span> 
     </span>
     <span class='ocr_line' id='line_1_20' title="bbox 382 2376 2686 2469; baseline 0 -21"><span class='ocrx_word' id='word_1_170' title='bbox 382 2382 449 2448; x_wconf 77' lang='lat'><em>2⁰</em></span> <span class='ocrx_word' id='word_1_171' title='bbox 476 2379 546 2448; x_wconf 88' lang='lat' dir='ltr'><em>Si</em></span> <span class='ocrx_word' id='word_1_172' title='bbox 577 2402 727 2447; x_wconf 85' lang='lat' dir='ltr'><em>vera</em></span> <span class='ocrx_word' id='word_1_173' title='bbox 754 2380 835 2446; x_wconf 90' lang='lat' dir='ltr'><em>sit</em></span> <span class='ocrx_word' id='word_1_174' title='bbox 862 2378 1085 2469; x_wconf 91' lang='lat' dir='ltr'><em>opinio</em></span> <span class='ocrx_word' id='word_1_175' title='bbox 1128 2376 1435 2462; x_wconf 87' lang='lat' dir='ltr'><em>Sarnelli,</em></span> <span class='ocrx_word' id='word_1_176' title='bbox 1468 2399 1706 2467; x_wconf 89' lang='lat' dir='ltr'><em>nempe</em></span> <span class='ocrx_word' id='word_1_177' title='bbox 1736 2400 1844 2445; x_wconf 89' lang='lat' dir='ltr'><em>eos</em></span> <span class='ocrx_word' id='word_1_178' title='bbox 1878 2379 1993 2467; x_wconf 92' lang='lat' dir='ltr'><em>qui</em></span> <span class='ocrx_word' id='word_1_179' title='bbox 2032 2380 2339 2467; x_wconf 87' lang='lat' dir='ltr'><em>primitus</em></span> <span class='ocrx_word' id='word_1_180' title='bbox 2382 2381 2686 2448; x_wconf 84' lang='lat' dir='ltr'><em>canonici</em></span> 
     </span>
     <span class='ocr_line' id='line_1_21' title="bbox 380 2483 2688 2575; baseline -0.001 -20"><span class='ocrx_word' id='word_1_181' title='bbox 380 2486 537 2555; x_wconf 91' lang='lat' dir='ltr'><em>dicti</em></span> <span class='ocrx_word' id='word_1_182' title='bbox 566 2491 720 2556; x_wconf 86' lang='lat' dir='ltr'><em>sunt</em></span> <span class='ocrx_word' id='word_1_183' title='bbox 756 2508 887 2553; x_wconf 94' lang='lat' dir='ltr'><em>non</em></span> <span class='ocrx_word' id='word_1_184' title='bbox 920 2484 1227 2553; x_wconf 88' lang='lat' dir='ltr'><em>conflasse</em></span> <span class='ocrx_word' id='word_1_185' title='bbox 1265 2483 1785 2574; x_wconf 74' lang='lat' dir='ltr'><em>presbyterium,</em></span> <span class='ocrx_word' id='word_1_186' title='bbox 1826 2507 1940 2552; x_wconf 88' lang='lat' dir='ltr'><em>seu</em></span> <span class='ocrx_word' id='word_1_187' title='bbox 1978 2483 2330 2568; x_wconf 82' lang='lat' dir='ltr'><em>concilium</em></span> <span class='ocrx_word' id='word_1_188' title='bbox 2359 2485 2688 2575; x_wconf 80' lang='lat' dir='ltr'><em>Episcopi</em></span> 
     </span>
     <span class='ocr_line' id='line_1_22' title="bbox 381 2590 2682 2681; baseline -0.001 -19"><span class='ocrx_word' id='word_1_189' title='bbox 381 2600 443 2663; x_wconf 89' lang='lat' dir='ltr'><em>et</em></span> <span class='ocrx_word' id='word_1_190' title='bbox 471 2593 753 2661; x_wconf 71' lang='lat' dir='ltr'><em>eeclesiae</em></span> <span class='ocrx_word' id='word_1_191' title='bbox 780 2603 1111 2676; x_wconf 83' lang='lat' dir='ltr'><em>senatum,</em></span> <span class='ocrx_word' id='word_1_192' title='bbox 1153 2591 1262 2659; x_wconf 89' lang='lat' dir='ltr'><em>sed</em></span> <span class='ocrx_word' id='word_1_193' title='bbox 1292 2590 1488 2658; x_wconf 87' lang='lat' dir='ltr'><em>fuisse</em></span> <span class='ocrx_word' id='word_1_194' title='bbox 1525 2591 1793 2678; x_wconf 81' lang='lat' dir='ltr'><em>clericos</em></span> <span class='ocrx_word' id='word_1_195' title='bbox 1827 2592 2184 2675; x_wconf 80' lang='lat' dir='ltr'><em>inferioreS,</em></span> <span class='ocrx_word' id='word_1_196' title='bbox 2233 2591 2313 2658; x_wconf 93' lang='lat' dir='ltr'><em>ab</em></span> <span class='ocrx_word' id='word_1_197' title='bbox 2356 2590 2467 2658; x_wconf 87' lang='lat' dir='ltr'><em>illo</em></span> <span class='ocrx_word' id='word_1_198' title='bbox 2501 2615 2682 2681; x_wconf 88' lang='lat' dir='ltr'><em>pres-</em></span> 
     </span>
     <span class='ocr_line' id='line_1_23' title="bbox 380 2696 2670 2790; baseline -0 -23"><span class='ocrx_word' id='word_1_199' title='bbox 380 2700 654 2790; x_wconf 87' lang='lat' dir='ltr'><em>byterio,</em></span> <span class='ocrx_word' id='word_1_200' title='bbox 677 2704 895 2790; x_wconf 88' lang='lat' dir='ltr'><em>utpote</em></span> <span class='ocrx_word' id='word_1_201' title='bbox 915 2698 1066 2765; x_wconf 88' lang='lat' dir='ltr'><em>solis</em></span> <span class='ocrx_word' id='word_1_202' title='bbox 1095 2696 1488 2788; x_wconf 87' lang='lat' dir='ltr'><em>presbyteris</em></span> <span class='ocrx_word' id='word_1_203' title='bbox 1518 2703 1580 2764; x_wconf 84' lang='lat' dir='ltr'><em>et</em></span> <span class='ocrx_word' id='word_1_204' title='bbox 1600 2698 1891 2766; x_wconf 90' lang='lat' dir='ltr'><em>diaconis</em></span> <span class='ocrx_word' id='word_1_205' title='bbox 1916 2704 2270 2781; x_wconf 86' lang='lat' dir='ltr'><em>constante,</em></span> <span class='ocrx_word' id='word_1_206' title='bbox 2292 2697 2629 2766; x_wconf 88' lang='lat' dir='ltr'><em>distinctos</em></span> <span class='ocrx_word' id='word_1_207' title='bbox 2654 2724 2670 2779; x_wconf 87' lang='lat'><em>;</em></span> 
     </span>
     <span class='ocr_line' id='line_1_24' title="bbox 379 2804 2676 2895; baseline -0.001 -20"><span class='ocrx_word' id='word_1_208' title='bbox 379 2806 736 2875; x_wconf 88' lang='lat' dir='ltr'><em>dicendum</em></span> <span class='ocrx_word' id='word_1_209' title='bbox 764 2810 926 2873; x_wconf 87' lang='lat' dir='ltr'><em>esset</em></span> <span class='ocrx_word' id='word_1_210' title='bbox 950 2804 1018 2872; x_wconf 91' lang='lat' dir='ltr'><em>id</em></span> <span class='ocrx_word' id='word_1_211' title='bbox 1049 2807 1373 2871; x_wconf 89' lang='lat' dir='ltr'><em>mutatum</em></span> <span class='ocrx_word' id='word_1_212' title='bbox 1398 2811 1614 2895; x_wconf 89' lang='lat' dir='ltr'><em>postea</em></span> <span class='ocrx_word' id='word_1_213' title='bbox 1645 2805 1863 2889; x_wconf 83' lang='lat' dir='ltr'><em>fuisse,</em></span> <span class='ocrx_word' id='word_1_214' title='bbox 1896 2806 2028 2873; x_wconf 85' lang='lat' dir='ltr'><em>sive</em></span> <span class='ocrx_word' id='word_1_215' title='bbox 2061 2805 2359 2873; x_wconf 88' lang='lat' dir='ltr'><em>membra</em></span> <span class='ocrx_word' id='word_1_216' title='bbox 2399 2806 2676 2895; x_wconf 89' lang='lat' dir='ltr'><em>presby—</em></span> 
     </span>
     <span class='ocr_line' id='line_1_25' title="bbox 378 2910 2674 3001; baseline -0.001 -20"><span class='ocrx_word' id='word_1_217' title='bbox 378 2914 526 2981; x_wconf 87' lang='lat' dir='ltr'><em>terii</em></span> <span class='ocrx_word' id='word_1_218' title='bbox 546 2935 788 2982; x_wconf 89' lang='lat' dir='ltr'><em>nomen</em></span> <span class='ocrx_word' id='word_1_219' title='bbox 814 2912 1275 2980; x_wconf 89' lang='lat' dir='ltr'><em>canonicorum</em></span> <span class='ocrx_word' id='word_1_220' title='bbox 1301 2910 1662 2995; x_wconf 88' lang='lat' dir='ltr'><em>induerint,</em></span> <span class='ocrx_word' id='word_1_221' title='bbox 1693 2912 1825 2978; x_wconf 88' lang='lat' dir='ltr'><em>sive</em></span> <span class='ocrx_word' id='word_1_222' title='bbox 1840 2912 2188 3001; x_wconf 83' lang='lat' dir='ltr'><em>collegium</em></span> <span class='ocrx_word' id='word_1_223' title='bbox 2209 2914 2674 2986; x_wconf 81' lang='lat' dir='ltr'><em>canonicorum</em></span> 
     </span>
     <span class='ocr_line' id='line_1_26' title="bbox 379 3018 2674 3110; baseline 0 -24"><span class='ocrx_word' id='word_1_224' title='bbox 379 3020 453 3086; x_wconf 90' lang='lat' dir='ltr'><em>in</em></span> <span class='ocrx_word' id='word_1_225' title='bbox 475 3019 698 3086; x_wconf 91' lang='lat' dir='ltr'><em>locum</em></span> <span class='ocrx_word' id='word_1_226' title='bbox 729 3019 1110 3108; x_wconf 86' lang='lat' dir='ltr'><em>presbyterii</em></span> <span class='ocrx_word' id='word_1_227' title='bbox 1139 3019 1486 3086; x_wconf 86' lang='lat' dir='ltr'><em>transierit.</em></span> <span class='ocrx_word' id='word_1_228' title='bbox 1529 3018 1717 3087; x_wconf 88' lang='lat' dir='ltr'><em>Unde</em></span> <span class='ocrx_word' id='word_1_229' title='bbox 1762 3040 1995 3087; x_wconf 87' lang='lat' dir='ltr'><em>verum</em></span> <span class='ocrx_word' id='word_1_230' title='bbox 2026 3041 2281 3110; x_wconf 89' lang='lat' dir='ltr'><em>semper</em></span> <span class='ocrx_word' id='word_1_231' title='bbox 2309 3026 2674 3098; x_wconf 82' lang='lat' dir='ltr'><em>remaneret</em></span> 
     </span>
     <span class='ocr_line' id='line_1_27' title="bbox 380 3123 2672 3215; baseline 0 -23"><span class='ocrx_word' id='word_1_232' title='bbox 380 3125 553 3214; x_wconf 87' lang='lat' dir='ltr'><em>quod</em></span> <span class='ocrx_word' id='word_1_233' title='bbox 578 3123 838 3192; x_wconf 88' lang='lat' dir='ltr'><em>tradunt</em></span> <span class='ocrx_word' id='word_1_234' title='bbox 860 3123 1327 3191; x_wconf 86' lang='lat' dir='ltr'><em>Thomassinus</em></span> <span class='ocrx_word' id='word_1_235' title='bbox 1347 3129 1410 3191; x_wconf 85' lang='lat' dir='ltr'><em>et</em></span> <span class='ocrx_word' id='word_1_236' title='bbox 1432 3123 1545 3190; x_wconf 91' lang='lat' dir='ltr'><em>alii</em></span> <span class='ocrx_word' id='word_1_237' title='bbox 1570 3126 2031 3209; x_wconf 88' lang='lat' dir='ltr'><em>communiter,</em></span> <span class='ocrx_word' id='word_1_238' title='bbox 2076 3125 2468 3192; x_wconf 52' lang='lat' dir='ltr'><em>cathedralis*</em></span> <span class='ocrx_word' id='word_1_239' title='bbox 2499 3126 2672 3215; x_wconf 91' lang='lat' dir='ltr'><em>capi-</em></span> 
     </span>
     <span class='ocr_line' id='line_1_28' title="bbox 377 3228 2674 3319; baseline 0 -22"><span class='ocrx_word' id='word_1_240' title='bbox 377 3230 500 3297; x_wconf 89' lang='lat' dir='ltr'><em>tuli</em></span> <span class='ocrx_word' id='word_1_241' title='bbox 533 3231 1011 3297; x_wconf 87' lang='lat' dir='ltr'><em>institutionem</em></span> <span class='ocrx_word' id='word_1_242' title='bbox 1057 3231 1258 3297; x_wconf 75' lang='lat' dir='ltr'><em>veteri</em></span> <span class='ocrx_word' id='word_1_243' title='bbox 1304 3229 1704 3319; x_wconf 88' lang='lat' dir='ltr'><em>presbyterio</em></span> <span class='ocrx_word' id='word_1_244' title='bbox 1733 3251 1866 3295; x_wconf 84' lang='lat' dir='ltr'><em>seu·</em></span> <span class='ocrx_word' id='word_1_245' title='bbox 1889 3229 2160 3296; x_wconf 90' lang='lat' dir='ltr'><em>consilio</em></span> <span class='ocrx_word' id='word_1_246' title='bbox 2197 3228 2494 3319; x_wconf 85' lang='lat' dir='ltr'><em>Episcopi</em></span> <span class='ocrx_word' id='word_1_247' title='bbox 2523 3254 2674 3298; x_wconf 86' lang='lat' dir='ltr'><em>suc-</em></span> 
     </span>
     <span class='ocr_line' id='line_1_29' title="bbox 380 3333 2667 3423; baseline 0.001 -22"><span class='ocrx_word' id='word_1_248' title='bbox 380 3335 664 3402; x_wconf 87' lang='lat' dir='ltr'><em>cessisse.</em></span> <span class='ocrx_word' id='word_1_249' title='bbox 700 3334 919 3423; x_wconf 90' lang='lat' dir='ltr'><em>Atque</em></span> <span class='ocrx_word' id='word_1_250' title='bbox 964 3335 1123 3402; x_wconf 89' lang='lat' dir='ltr'><em>adeo</em></span> <span class='ocrx_word' id='word_1_251' title='bbox 1168 3333 1615 3403; x_wconf 71' lang='lat' dir='ltr'><em>aestimandam</em></span> <span class='ocrx_word' id='word_1_252' title='bbox 1650 3356 1786 3402; x_wconf 88' lang='lat' dir='ltr'><em>esse</em></span> <span class='ocrx_word' id='word_1_253' title='bbox 1817 3334 2667 3403; x_wconf 80' lang='lat' dir='ltr'><em>canonicoruminstitutio-</em></span> 
     </span>
     <span class='ocr_line' id='line_1_30' title="bbox 298 3438 2668 3532; baseline 0 -23"><span class='ocrx_word' id='word_1_254' title='bbox 298 3527 301 3532; x_wconf 87' lang='lat'>.</span> <span class='ocrx_word' id='word_1_255' title='bbox 379 3464 556 3524; x_wconf 89' lang='lat' dir='ltr'><em>nem,</em></span> <span class='ocrx_word' id='word_1_256' title='bbox 612 3462 741 3507; x_wconf 91' lang='lat' dir='ltr'><em>non</em></span> <span class='ocrx_word' id='word_1_257' title='bbox 791 3462 868 3508; x_wconf 89' lang='lat' dir='ltr'><em>ex</em></span> <span class='ocrx_word' id='word_1_258' title='bbox 912 3462 986 3507; x_wconf 91' lang='lat' dir='ltr'><em>eo</em></span> <span class='ocrx_word' id='word_1_259' title='bbox 1044 3442 1220 3530; x_wconf 88' lang='lat' dir='ltr'><em>quod</em></span> <span class='ocrx_word' id='word_1_260' title='bbox 1271 3442 1432 3507; x_wconf 83' lang='lat' dir='ltr'><em>forte</em></span> <span class='ocrx_word' id='word_1_261' title='bbox 1483 3440 1749 3508; x_wconf 86' lang='lat' dir='ltr'><em>fuerunt</em></span> <span class='ocrx_word' id='word_1_262' title='bbox 1800 3438 1915 3528; x_wconf 92' lang='lat' dir='ltr'><em>qui</em></span> <span class='ocrx_word' id='word_1_263' title='bbox 1958 3439 2265 3528; x_wconf 84' lang='lat' dir='ltr'><em>primitus</em></span> <span class='ocrx_word' id='word_1_264' title='bbox 2310 3438 2469 3506; x_wconf 84' lang='lat' dir='ltr'><em>dicti</em></span> <span class='ocrx_word' id='word_1_265' title='bbox 2517 3448 2668 3509; x_wconf 86' lang='lat' dir='ltr'><em>sunt</em></span> 
     </span>
     <span class='ocr_line' id='line_1_31' title="bbox 379 3543 2667 3635; baseline -0.002 -19"><span class='ocrx_word' id='word_1_266' title='bbox 379 3548 702 3630; x_wconf 88' lang='lat' dir='ltr'><em>canonici,</em></span> <span class='ocrx_word' id='word_1_267' title='bbox 732 3546 840 3614; x_wconf 89' lang='lat' dir='ltr'><em>sed</em></span> <span class='ocrx_word' id='word_1_268' title='bbox 867 3568 942 3612; x_wconf 86' lang='lat' dir='ltr'><em>ex</em></span> <span class='ocrx_word' id='word_1_269' title='bbox 966 3567 1042 3612; x_wconf 91' lang='lat' dir='ltr'><em>eo</em></span> <span class='ocrx_word' id='word_1_270' title='bbox 1065 3546 1240 3635; x_wconf 89' lang='lat' dir='ltr'><em>quod</em></span> <span class='ocrx_word' id='word_1_271' title='bbox 1261 3546 1386 3613; x_wconf 85' lang='lat' dir='ltr'><em>fuit</em></span> <span class='ocrx_word' id='word_1_272' title='bbox 1415 3546 1760 3634; x_wconf 90' lang='lat' dir='ltr'><em>antiquum</em></span> <span class='ocrx_word' id='word_1_273' title='bbox 1779 3543 1951 3632; x_wconf 12' lang='lat' dir='ltr'><em>,illud</em></span> <span class='ocrx_word' id='word_1_274' title='bbox 1969 3543 2269 3634; x_wconf 90' lang='lat' dir='ltr'><em>Episcopi</em></span> <span class='ocrx_word' id='word_1_275' title='bbox 2310 3544 2667 3612; x_wconf 88' lang='lat' dir='ltr'><em>concilium</em></span> 
     </span>
     <span class='ocr_line' id='line_1_32' title="bbox 378 3650 2664 3742; baseline -0.001 -19"><span class='ocrx_word' id='word_1_276' title='bbox 378 3662 440 3723; x_wconf 88' lang='lat' dir='ltr'><em>et</em></span> <span class='ocrx_word' id='word_1_277' title='bbox 457 3656 740 3724; x_wconf 86' lang='lat' dir='ltr'><em>ecclesiae</em></span> <span class='ocrx_word' id='word_1_278' title='bbox 760 3658 1017 3722; x_wconf 86' lang='lat' dir='ltr'><em>senatus</em></span> <span class='ocrx_word' id='word_1_279' title='bbox 1042 3654 1153 3721; x_wconf 91' lang='lat' dir='ltr'><em>cui</em></span> <span class='ocrx_word' id='word_1_280' title='bbox 1183 3658 1355 3721; x_wconf 86' lang='lat' dir='ltr'><em>certo</em></span> <span class='ocrx_word' id='word_1_281' title='bbox 1378 3652 1687 3721; x_wconf 86' lang='lat' dir='ltr'><em>successit</em></span> <span class='ocrx_word' id='word_1_282' title='bbox 1706 3652 2069 3721; x_wconf 85' lang='lat' dir='ltr'><em>cathedrale</em></span> <span class='ocrx_word' id='word_1_283' title='bbox 2092 3651 2477 3742; x_wconf 87' lang='lat' dir='ltr'><em>capitulum.</em></span> <span class='ocrx_word' id='word_1_284' title='bbox 2512 3650 2578 3718; x_wconf 77' lang='grc' dir='ltr'><em>3ο</em></span> <span class='ocrx_word' id='word_1_285' title='bbox 2593 3650 2664 3720; x_wconf 91' lang='lat' dir='ltr'><em>Si</em></span> 
     </span>
     <span class='ocr_line' id='line_1_33' title="bbox 378 3755 2667 3848; baseline 0 -24"><span class='ocrx_word' id='word_1_286' title='bbox 378 3780 527 3826; x_wconf 82' lang='lat' dir='ltr'><em>vera</em></span> <span class='ocrx_word' id='word_1_287' title='bbox 577 3762 660 3827; x_wconf 91' lang='lat' dir='ltr'><em>sit</em></span> <span class='ocrx_word' id='word_1_288' title='bbox 713 3758 1102 3848; x_wconf 76' lang='lat' dir='ltr'><em>etymologia</em></span> <span class='ocrx_word' id='word_1_289' title='bbox 1153 3780 1351 3847; x_wconf 91' lang='lat' dir='ltr'><em>quam</em></span> <span class='ocrx_word' id='word_1_290' title='bbox 1387 3758 1581 3825; x_wconf 80' lang='lat' dir='ltr'><em>tradit</em></span> <span class='ocrx_word' id='word_1_291' title='bbox 1621 3756 1979 3841; x_wconf 76' lang='lat' dir='ltr'><em>SarnelluS,</em></span> <span class='ocrx_word' id='word_1_292' title='bbox 2032 3755 2304 3823; x_wconf 91' lang='lat' dir='ltr'><em>omnino</em></span> <span class='ocrx_word' id='word_1_293' title='bbox 2348 3758 2667 3824; x_wconf 85' lang='lat' dir='ltr'><em>evanescit</em></span> 
     </span>
     <span class='ocr_line' id='line_1_34' title="bbox 376 3861 2666 3953; baseline -0 -22"><span class='ocrx_word' id='word_1_294' title='bbox 376 3863 730 3931; x_wconf 82' lang='lat' dir='ltr'><em>difficultas</em></span> <span class='ocrx_word' id='word_1_295' title='bbox 753 3865 926 3951; x_wconf 90' lang='lat' dir='ltr'><em>apud</em></span> <span class='ocrx_word' id='word_1_296' title='bbox 946 3869 1238 3931; x_wconf 87' lang='lat' dir='ltr'><em>auctores</em></span> <span class='ocrx_word' id='word_1_297' title='bbox 1265 3864 1574 3945; x_wconf 87' lang='lat' dir='ltr'><em>discussa,</em></span> <span class='ocrx_word' id='word_1_298' title='bbox 1610 3863 1937 3951; x_wconf 91' lang='lat' dir='ltr'><em>quomodo</em></span> <span class='ocrx_word' id='word_1_299' title='bbox 1962 3861 2262 3929; x_wconf 89' lang='lat' dir='ltr'><em>canonici</em></span> <span class='ocrx_word' id='word_1_300' title='bbox 2288 3862 2417 3929; x_wconf 86' lang='lat' dir='ltr'><em>dici</em></span> <span class='ocrx_word' id='word_1_301' title='bbox 2442 3869 2666 3953; x_wconf 88' lang='lat' dir='ltr'><em>potue-</em></span> 
     </span>
     <span class='ocr_line' id='line_1_35' title="bbox 376 3964 2663 4059; baseline 0 -23"><span class='ocrx_word' id='word_1_302' title='bbox 376 3970 510 4036; x_wconf 88' lang='lat' dir='ltr'><em>rint</em></span> <span class='ocrx_word' id='word_1_303' title='bbox 539 3967 646 4033; x_wconf 88' lang='lat' dir='ltr'><em>alii</em></span> <span class='ocrx_word' id='word_1_304' title='bbox 668 3969 1034 4056; x_wconf 76' lang='lat' dir='ltr'><em>requlares,</em></span> <span class='ocrx_word' id='word_1_305' title='bbox 1065 3973 1126 4035; x_wconf 86' lang='lat' dir='ltr'><em>et</em></span> <span class='ocrx_word' id='word_1_306' title='bbox 1149 3968 1259 4034; x_wconf 92' lang='lat' dir='ltr'><em>alii</em></span> <span class='ocrx_word' id='word_1_307' title='bbox 1279 3988 1413 4033; x_wconf 92' lang='lat' dir='ltr'><em>non</em></span> <span class='ocrx_word' id='word_1_308' title='bbox 1437 3964 1772 4055; x_wconf 72' lang='lat' dir='ltr'><em>requlares</em></span> <span class='ocrx_word' id='word_1_309' title='bbox 1798 3990 1821 4033; x_wconf 91' lang='grc'><em>.·</em></span> <span class='ocrx_word' id='word_1_310' title='bbox 1851 3966 1923 4033; x_wconf 92' lang='lat' dir='ltr'><em>in</em></span> <span class='ocrx_word' id='word_1_311' title='bbox 1942 3967 2139 4035; x_wconf 87' lang='lat' dir='ltr'><em>altera</em></span> <span class='ocrx_word' id='word_1_312' title='bbox 2157 3969 2333 4035; x_wconf 90' lang='lat' dir='ltr'><em>enim</em></span> <span class='ocrx_word' id='word_1_313' title='bbox 2360 3970 2663 4059; x_wconf 88' lang='lat' dir='ltr'><em>opinione</em></span> 
     </span>
     <span class='ocr_line' id='line_1_36' title="bbox 377 4072 2323 4163; baseline -0.002 -19"><span class='ocrx_word' id='word_1_314' title='bbox 377 4073 728 4144; x_wconf 88' lang='lat' dir='ltr'><em>canonicus</em></span> <span class='ocrx_word' id='word_1_315' title='bbox 755 4074 1071 4160; x_wconf 88' lang='lat' dir='ltr'><em>regularis</em></span> <span class='ocrx_word' id='word_1_316' title='bbox 1101 4073 1274 4141; x_wconf 90' lang='lat' dir='ltr'><em>idem</em></span> <span class='ocrx_word' id='word_1_317' title='bbox 1307 4078 1489 4141; x_wconf 88' lang='lat' dir='ltr'><em>sonat</em></span> <span class='ocrx_word' id='word_1_318' title='bbox 1507 4095 1581 4141; x_wconf 89' lang='lat' dir='ltr'><em>ac</em></span> <span class='ocrx_word' id='word_1_319' title='bbox 1609 4072 1939 4163; x_wconf 75' lang='lat' dir='ltr'><em>reqularis</em></span> <span class='ocrx_word' id='word_1_320' title='bbox 1970 4073 2323 4162; x_wconf 75' lang='lat' dir='ltr'><em>reqularis.</em></span> 
     </span>
    </p>

    <p class='ocr_par' dir='ltr' id='par_1_3' title="bbox 371 4178 2661 4484">
     <span class='ocr_line' id='line_1_37' title="bbox 465 4178 2661 4271; baseline 0 -25"><span class='ocrx_word' id='word_1_321' title='bbox 465 4178 761 4261; x_wconf 87' lang='lat' dir='ltr'><em>Quonam</em></span> <span class='ocrx_word' id='word_1_322' title='bbox 793 4197 945 4244; x_wconf 85' lang='lat' dir='ltr'><em>vero</em></span> <span class='ocrx_word' id='word_1_323' title='bbox 975 4182 1262 4271; x_wconf 87' lang='lat' dir='ltr'><em>tempore</em></span> <span class='ocrx_word' id='word_1_324' title='bbox 1294 4179 1759 4249; x_wconf 81' lang='lat' dir='ltr'><em>canonicorum</em></span> <span class='ocrx_word' id='word_1_325' title='bbox 1795 4179 2239 4247; x_wconf 88' lang='lat' dir='ltr'><em>denominatio</em></span> <span class='ocrx_word' id='word_1_326' title='bbox 2271 4180 2441 4270; x_wconf 91' lang='lat' dir='ltr'><em>apud</em></span> <span class='ocrx_word' id='word_1_327' title='bbox 2468 4178 2661 4248; x_wconf 90' lang='lat' dir='ltr'><em>Occi-</em></span> 
     </span>
     <span class='ocr_line' id='line_1_38' title="bbox 372 4282 2660 4374; baseline -0.003 -17"><span class='ocrx_word' id='word_1_328' title='bbox 372 4284 584 4357; x_wconf 84' lang='lat' dir='ltr'><em>dentis</em></span> <span class='ocrx_word' id='word_1_329' title='bbox 611 4282 907 4351; x_wconf 88' lang='lat' dir='ltr'><em>ecclesias</em></span> <span class='ocrx_word' id='word_1_330' title='bbox 932 4282 1002 4349; x_wconf 90' lang='lat' dir='ltr'><em>in</em></span> <span class='ocrx_word' id='word_1_331' title='bbox 1033 4305 1230 4353; x_wconf 91' lang='lat' dir='ltr'><em>usum</em></span> <span class='ocrx_word' id='word_1_332' title='bbox 1260 4288 1533 4368; x_wconf 86' lang='lat' dir='ltr'><em>venerit,</em></span> <span class='ocrx_word' id='word_1_333' title='bbox 1562 4285 1631 4352; x_wconf 90' lang='lat' dir='ltr'><em>in</em></span> <span class='ocrx_word' id='word_1_334' title='bbox 1657 4284 1920 4352; x_wconf 85' lang='lat' dir='ltr'><em>latebris</em></span> <span class='ocrx_word' id='word_1_335' title='bbox 1943 4284 2341 4374; x_wconf 87' lang='lat' dir='ltr'><em>antiquitatis</em></span> <span class='ocrx_word' id='word_1_336' title='bbox 2370 4285 2544 4353; x_wconf 90' lang='lat' dir='ltr'><em>latet.</em></span> <span class='ocrx_word' id='word_1_337' title='bbox 2573 4286 2660 4353; x_wconf 90' lang='lat' dir='ltr'><em>At</em></span> 
     </span>
     <span class='ocr_line' id='line_1_39' title="bbox 371 4388 2660 4484; baseline 0 -26"><span class='ocrx_word' id='word_1_338' title='bbox 371 4416 522 4461; x_wconf 86' lang='lat' dir='ltr'><em>vero</em></span> <span class='ocrx_word' id='word_1_339' title='bbox 533 4395 673 4483; x_wconf 88' lang='lat' dir='ltr'><em>jam</em></span> <span class='ocrx_word' id='word_1_340' title='bbox 693 4413 732 4460; x_wconf 88' lang='lat' dir='ltr'><em>a</em></span> <span class='ocrx_word' id='word_1_341' title='bbox 755 4394 925 4459; x_wconf 84' lang='lat' dir='ltr'><em>sexto</em></span> <span class='ocrx_word' id='word_1_342' title='bbox 949 4388 1176 4457; x_wconf 89' lang='lat' dir='ltr'><em>saltem</em></span> <span class='ocrx_word' id='word_1_343' title='bbox 1197 4392 1432 4460; x_wconf 83' lang='lat' dir='ltr'><em>saeculo</em></span> <span class='ocrx_word' id='word_1_344' title='bbox 1470 4391 1777 4484; x_wconf 88' lang='lat' dir='ltr'><em>usurpari</em></span> <span class='ocrx_word' id='word_1_345' title='bbox 1802 4392 2063 4460; x_wconf 86' lang='lat' dir='ltr'><em>solitum</em></span> <span class='ocrx_word' id='word_1_346' title='bbox 2107 4392 2305 4463; x_wconf 81' lang='lat' dir='ltr'><em>fuisse</em></span> <span class='ocrx_word' id='word_1_347' title='bbox 2350 4391 2515 4459; x_wconf 92' lang='lat' dir='ltr'><em>illud</em></span> <span class='ocrx_word' id='word_1_348' title='bbox 2548 4413 2660 4459; x_wconf 83' lang='lat' dir='ltr'><em>vo-</em></span> 
     </span>
    </p>
   </div>
  </div>
 </body>
</html>
