<?xml version="1.0" encoding="UTF-8"?>
<!DOCTYPE html PUBLIC "-//W3C//DTD XHTML 1.0 Transitional//EN"
    "http://www.w3.org/TR/xhtml1/DTD/xhtml1-transitional.dtd">
<html xmlns="http://www.w3.org/1999/xhtml" xml:lang="en" lang="en">
 <head>
  <title>
</title>
<meta http-equiv="Content-Type" content="text/html;charset=utf-8" />
  <meta name='ocr-system' content='tesseract 3.04.00' />
  <meta name='ocr-capabilities' content='ocr_page ocr_carea ocr_par ocr_line ocrx_word'/>
</head>
<body>
  <div class='ocr_page' id='page_1' title='image "./tractatusdecapi00bouigoog_0117.png"; bbox 0 0 2930 4982; ppageno 0'>
   <div class='ocr_carea' id='block_1_1' title="bbox 1098 351 2474 407">
    <p class='ocr_par' dir='ltr' id='par_1_1' title="bbox 1098 351 2474 407">
     <span class='ocr_line' id='line_1_1' title="bbox 1098 351 2474 407; baseline 0.007 -11"><span class='ocrx_word' id='word_1_1' title='bbox 1098 351 1177 397; x_wconf 78' lang='lat' dir='ltr'><strong>DE</strong></span> <span class='ocrx_word' id='word_1_2' title='bbox 1218 351 1547 400; x_wconf 64' lang='lat' dir='ltr'><strong>enimus.</strong></span> <span class='ocrx_word' id='word_1_3' title='bbox 1990 380 2011 407; x_wconf 62' lang='lat' dir='ltr'><strong>s</strong></span> <span class='ocrx_word' id='word_1_4' title='bbox 2396 352 2430 407; x_wconf 82' lang='grc'><strong>9</strong></span> <span class='ocrx_word' id='word_1_5' title='bbox 2444 353 2474 404; x_wconf 77' lang='grc' dir='ltr'><strong><em>Ἰ</em></strong></span> 
     </span>
    </p>
   </div>
   <div class='ocr_carea' id='block_1_2' title="bbox 201 467 2482 570">
    <p class='ocr_par' dir='ltr' id='par_1_2' title="bbox 201 467 2482 570">
     <span class='ocr_line' id='line_1_2' title="bbox 201 467 2482 570; baseline 0.006 -34"><span class='ocrx_word' id='word_1_6' title='bbox 201 467 350 536; x_wconf 86' lang='lat' dir='ltr'><strong>ferre</strong></span> <span class='ocrx_word' id='word_1_7' title='bbox 380 471 635 536; x_wconf 90' lang='lat' dir='ltr'><strong>tenetur</strong></span> <span class='ocrx_word' id='word_1_8' title='bbox 678 469 740 537; x_wconf 91' lang='lat' dir='ltr'><strong>ei</strong></span> <span class='ocrx_word' id='word_1_9' title='bbox 778 492 977 560; x_wconf 90' lang='lat' dir='ltr'><strong>quem</strong></span> <span class='ocrx_word' id='word_1_10' title='bbox 1020 470 1091 538; x_wconf 92' lang='lat' dir='ltr'><strong>iu</strong></span> <span class='ocrx_word' id='word_1_11' title='bbox 1139 471 1511 561; x_wconf 86' lang='lat' dir='ltr'><strong>theologum</strong></span> <span class='ocrx_word' id='word_1_12' title='bbox 1547 474 1811 564; x_wconf 81' lang='lat' dir='ltr'><strong>elegerit</strong></span> <span class='ocrx_word' id='word_1_13' title='bbox 1855 473 2239 568; x_wconf 80' lang='lat' dir='ltr'><strong>Episcopus,</strong></span> <span class='ocrx_word' id='word_1_14' title='bbox 2289 478 2482 570; x_wconf 84' lang='lat' dir='ltr'><strong>(Vide</strong></span> 
     </span>
    </p>
   </div>
   <div class='ocr_carea' id='block_1_3' title="bbox 205 571 2482 759">
    <p class='ocr_par' dir='ltr' id='par_1_3' title="bbox 205 571 2482 759">
     <span class='ocr_line' id='line_1_3' title="bbox 205 571 2482 759; baseline 0.006 -119"><span class='ocrx_word' id='word_1_15' title='bbox 205 571 626 759; x_wconf 43' lang='grc' dir='ltr'><strong>ξετάὶξεξω,</strong></span> <span class='ocrx_word' id='word_1_16' title='bbox 660 575 731 642; x_wconf 90' lang='lat' dir='ltr'><strong>in</strong></span> <span class='ocrx_word' id='word_1_17' title='bbox 758 575 997 645; x_wconf 45' lang='lat' dir='ltr'><strong>Constr</strong></span> <span class='ocrx_word' id='word_1_18' title='bbox 1016 577 1226 660; x_wconf 79' lang='lat' dir='ltr'><strong>Quasi</strong></span> <span class='ocrx_word' id='word_1_19' title='bbox 1247 577 1472 648; x_wconf 87' lang='lat' dir='ltr'><strong>Innoc.</strong></span> <span class='ocrx_word' id='word_1_20' title='bbox 1509 578 1619 665; x_wconf 92' lang='lat' dir='ltr'><strong>VI,</strong></span> <span class='ocrx_word' id='word_1_21' title='bbox 1646 578 2126 672; x_wconf 75' lang='lat' dir='ltr'><strong>summarium,</strong></span> <span class='ocrx_word' id='word_1_22' title='bbox 2158 606 2226 651; x_wconf 89' lang='lat' dir='ltr'><strong>n.</strong></span> <span class='ocrx_word' id='word_1_23' title='bbox 2262 583 2380 673; x_wconf 87' lang='grc'><strong>30,</strong></span> <span class='ocrx_word' id='word_1_24' title='bbox 2411 586 2482 653; x_wconf 84' lang='grc' dir='ltr'><strong>ἰη</strong></span> 
     </span>
     <span class='ocr_line' id='line_1_4' title="bbox 259 702 500 748; baseline 0 0"><span class='ocrx_word' id='word_1_25' title='bbox 259 702 343 748; x_wconf 88' lang='lat' dir='ltr'><strong>m.</strong></span> <span class='ocrx_word' id='word_1_26' title='bbox 485 732 500 748; x_wconf 92' lang='lat'><strong>.</strong></span> 
     </span>
    </p>
   </div>
   <div class='ocr_carea' id='block_1_4' title="bbox 1279 854 1398 933">
    <p class='ocr_par' dir='ltr' id='par_1_4' title="bbox 1279 854 1398 933">
     <span class='ocr_line' id='line_1_5' title="bbox 1279 854 1398 933; baseline 0 -18"><span class='ocrx_word' id='word_1_27' title='bbox 1279 854 1398 933; x_wconf 69' lang='lat'><strong>§4</strong></span> 
     </span>
    </p>
   </div>
   <div class='ocr_carea' id='block_1_5' title="bbox 302 1035 2384 1174">
    <p class='ocr_par' dir='ltr' id='par_1_5' title="bbox 302 1035 2384 1174">
     <span class='ocr_line' id='line_1_6' title="bbox 302 1035 2384 1085; baseline 0.004 -10"><span class='ocrx_word' id='word_1_28' title='bbox 302 1037 372 1075; x_wconf 79' lang='lat' dir='ltr'><strong>AD</strong></span> <span class='ocrx_word' id='word_1_29' title='bbox 400 1035 692 1076; x_wconf 80' lang='lat' dir='ltr'>EPISCOPUM</span> <span class='ocrx_word' id='word_1_30' title='bbox 726 1036 1017 1078; x_wconf 78' lang='lat' dir='ltr'>EXCI.USIVE</span> <span class='ocrx_word' id='word_1_31' title='bbox 1056 1037 1314 1077; x_wconf 81' lang='lat' dir='ltr'>PERTINET</span> <span class='ocrx_word' id='word_1_32' title='bbox 1345 1037 1576 1076; x_wconf 75' lang='lat' dir='ltr'>ELIGERE</span> <span class='ocrx_word' id='word_1_33' title='bbox 1604 1037 1886 1077; x_wconf 72' lang='lat' dir='ltr'><strong>PERSONAu</strong></span> <span class='ocrx_word' id='word_1_34' title='bbox 1916 1038 2003 1078; x_wconf 76' lang='lat' dir='ltr'><strong>cul</strong></span> <span class='ocrx_word' id='word_1_35' title='bbox 2036 1039 2384 1085; x_wconf 66' lang='lat' dir='ltr'><strong>coum-:nutu</strong></span> 
     </span>
     <span class='ocr_line' id='line_1_7' title="bbox 762 1086 1691 1174; baseline -0.001 0"><span class='ocrx_word' id='word_1_36' title='bbox 762 1086 819 1125; x_wconf 27' lang='grc' dir='ltr'><strong>’β</strong></span> <span class='ocrx_word' id='word_1_37' title='bbox 1003 1135 1293 1174; x_wconf 76' lang='lat' dir='ltr'>PRAEBENDA</span> <span class='ocrx_word' id='word_1_38' title='bbox 1329 1134 1691 1174; x_wconf 76' lang='lat' dir='ltr'>THEOLOGALIS</span> 
     </span>
    </p>
   </div>
   <div class='ocr_carea' id='block_1_6' title="bbox 217 1313 2525 4276">
    <p class='ocr_par' dir='ltr' id='par_1_6' title="bbox 217 1313 2504 1938">
     <span class='ocr_line' id='line_1_8' title="bbox 297 1313 2491 1405; baseline 0.005 -25"><span class='ocrx_word' id='word_1_39' title='bbox 297 1341 335 1381; x_wconf 88' lang='lat'>«</span> <span class='ocrx_word' id='word_1_40' title='bbox 358 1314 653 1384; x_wconf 86' lang='lat' dir='ltr'><strong>Personae</strong></span> <span class='ocrx_word' id='word_1_41' title='bbox 680 1322 897 1383; x_wconf 90' lang='lat' dir='ltr'><strong>autem</strong></span> <span class='ocrx_word' id='word_1_42' title='bbox 925 1314 1249 1383; x_wconf 83' lang='lat' dir='ltr'><strong>electio-in</strong></span> <span class='ocrx_word' id='word_1_43' title='bbox 1273 1313 1655 1403; x_wconf 89' lang='lat' dir='ltr'><strong>hujusmodi</strong></span> <span class='ocrx_word' id='word_1_44' title='bbox 1690 1314 2038 1405; x_wconf 60' lang='lat' dir='ltr'><strong>praebenda</strong></span> <span class='ocrx_word' id='word_1_45' title='bbox 2071 1317 2491 1391; x_wconf 70' lang='lat' dir='ltr'><strong>instituenda:</strong></span> 
     </span>
     <span class='ocr_line' id='line_1_9' title="bbox 222 1420 2497 1513; baseline 0.005 -29"><span class='ocrx_word' id='word_1_46' title='bbox 222 1449 250 1486; x_wconf 90' lang='lat'>«</span> <span class='ocrx_word' id='word_1_47' title='bbox 280 1443 537 1513; x_wconf 84' lang='lat' dir='ltr'><strong>semper</strong></span> <span class='ocrx_word' id='word_1_48' title='bbox 564 1428 753 1511; x_wconf 90' lang='lat' dir='ltr'><strong>atque</strong></span> <span class='ocrx_word' id='word_1_49' title='bbox 786 1423 1175 1490; x_wconf 71' lang='lat' dir='ltr'><strong>inconcusse</strong></span> <span class='ocrx_word' id='word_1_50' title='bbox 1201 1426 1441 1511; x_wconf 85' lang='lat' dir='ltr'><strong>spectat</strong></span> <span class='ocrx_word' id='word_1_51' title='bbox 1478 1421 1556 1488; x_wconf 91' lang='lat' dir='ltr'><strong>ad</strong></span> <span class='ocrx_word' id='word_1_52' title='bbox 1605 1420 2026 1512; x_wconf 86' lang='lat' dir='ltr'><strong>Episcopum,</strong></span> <span class='ocrx_word' id='word_1_53' title='bbox 2058 1423 2313 1492; x_wconf 87' lang='lat' dir='ltr'><strong>etiamsi</strong></span> <span class='ocrx_word' id='word_1_54' title='bbox 2352 1433 2497 1496; x_wconf 86' lang='lat' dir='ltr'><strong>ante</strong></span> 
     </span>
     <span class='ocr_line' id='line_1_10' title="bbox 224 1526 2503 1622; baseline 0.004 -32"><span class='ocrx_word' id='word_1_55' title='bbox 224 1530 671 1598; x_wconf 85' lang='lat' dir='ltr'><strong>«erectionem</strong></span> <span class='ocrx_word' id='word_1_56' title='bbox 727 1526 1089 1596; x_wconf 86' lang='lat' dir='ltr'><strong>nominatio</strong></span> <span class='ocrx_word' id='word_1_57' title='bbox 1135 1527 1606 1596; x_wconf 87' lang='lat' dir='ltr'><strong>canonicorum</strong></span> <span class='ocrx_word' id='word_1_58' title='bbox 1657 1528 2072 1618; x_wconf 81' lang='lat' dir='ltr'><strong>pertinuisset</strong></span> <span class='ocrx_word' id='word_1_59' title='bbox 2115 1528 2196 1598; x_wconf 89' lang='lat' dir='ltr'><strong>ad</strong></span> <span class='ocrx_word' id='word_1_60' title='bbox 2251 1532 2503 1622; x_wconf 86' lang='lat' dir='ltr'><strong>capitu-</strong></span> 
     </span>
     <span class='ocr_line' id='line_1_11' title="bbox 225 1630 2498 1724; baseline 0.004 -27"><span class='ocrx_word' id='word_1_61' title='bbox 225 1634 447 1701; x_wconf 86' lang='lat' dir='ltr'><strong>«lum.</strong></span> <span class='ocrx_word' id='word_1_62' title='bbox 485 1657 521 1698; x_wconf 86' lang='lat'>»</span> <span class='ocrx_word' id='word_1_63' title='bbox 577 1633 790 1724; x_wconf 88' lang='lat' dir='ltr'><strong>(Card.</strong></span> <span class='ocrx_word' id='word_1_64' title='bbox 847 1633 1056 1716; x_wconf 87' lang='lat' dir='ltr'><strong>Petra,</strong></span> <span class='ocrx_word' id='word_1_65' title='bbox 1098 1633 1171 1700; x_wconf 90' lang='lat' dir='ltr'><strong>in</strong></span> <span class='ocrx_word' id='word_1_66' title='bbox 1212 1630 1431 1701; x_wconf 87' lang='lat' dir='ltr'><strong>Const.</strong></span> <span class='ocrx_word' id='word_1_67' title='bbox 1504 1632 1714 1715; x_wconf 79' lang='lat' dir='ltr'><strong>Quasi</strong></span> <span class='ocrx_word' id='word_1_68' title='bbox 1754 1632 1979 1702; x_wconf 88' lang='lat' dir='ltr'><strong>Innoc.</strong></span> <span class='ocrx_word' id='word_1_69' title='bbox 2028 1633 2143 1719; x_wconf 82' lang='lat' dir='ltr'><strong>vl,</strong></span> <span class='ocrx_word' id='word_1_70' title='bbox 2202 1633 2498 1717; x_wconf 76' lang='lat' dir='ltr'><strong>Surum..</strong></span> 
     </span>
     <span class='ocr_line' id='line_1_12' title="bbox 217 1739 2504 1828; baseline 0.002 -21"><span class='ocrx_word' id='word_1_71' title='bbox 217 1762 283 1807; x_wconf 90' lang='lat' dir='ltr'><strong>n.</strong></span> <span class='ocrx_word' id='word_1_72' title='bbox 332 1741 440 1810; x_wconf 87' lang='lat'><strong>31.</strong></span> <span class='ocrx_word' id='word_1_73' title='bbox 490 1777 582 1792; x_wconf 92' lang='lat'><em>-</em></span> <span class='ocrx_word' id='word_1_74' title='bbox 622 1740 801 1810; x_wconf 90' lang='lat' dir='ltr'><strong>Idem</strong></span> <span class='ocrx_word' id='word_1_75' title='bbox 856 1740 1040 1808; x_wconf 88' lang='lat' dir='ltr'><strong>docet</strong></span> <span class='ocrx_word' id='word_1_76' title='bbox 1078 1739 1382 1825; x_wconf 89' lang='lat' dir='ltr'><strong>Barbosa,</strong></span> <span class='ocrx_word' id='word_1_77' title='bbox 1433 1743 1530 1807; x_wconf 83' lang='lat' dir='ltr'><strong>De</strong></span> <span class='ocrx_word' id='word_1_78' title='bbox 1584 1740 1940 1828; x_wconf 78' lang='lat' dir='ltr'><strong>canonicis,</strong></span> <span class='ocrx_word' id='word_1_79' title='bbox 1993 1762 2052 1810; x_wconf 91' lang='lat' dir='ltr'><strong>c.</strong></span> <span class='ocrx_word' id='word_1_80' title='bbox 2120 1741 2236 1827; x_wconf 81' lang='lat'><strong>27,</strong></span> <span class='ocrx_word' id='word_1_81' title='bbox 2286 1765 2353 1812; x_wconf 88' lang='lat' dir='ltr'><strong>n.</strong></span> <span class='ocrx_word' id='word_1_82' title='bbox 2421 1743 2504 1812; x_wconf 82' lang='lat'><strong>12</strong></span> 
     </span>
     <span class='ocr_line' id='line_1_13' title="bbox 220 1845 488 1938; baseline 0 -25"><span class='ocrx_word' id='word_1_83' title='bbox 220 1853 282 1913; x_wconf 87' lang='lat' dir='ltr'><strong>et</strong></span> <span class='ocrx_word' id='word_1_84' title='bbox 308 1868 434 1935; x_wconf 89' lang='lat' dir='ltr'><strong>seq.</strong></span> <span class='ocrx_word' id='word_1_85' title='bbox 467 1845 488 1938; x_wconf 93' lang='lat'>)</span> 
     </span>
    </p>

    <p class='ocr_par' dir='ltr' id='par_1_7' title="bbox 218 1954 2519 2787">
     <span class='ocr_line' id='line_1_14' title="bbox 307 1954 2511 2047; baseline 0 -23"><span class='ocrx_word' id='word_1_86' title='bbox 307 1955 746 2047; x_wconf 86' lang='lat' dir='ltr'><strong>Excipiendus</strong></span> <span class='ocrx_word' id='word_1_87' title='bbox 783 1958 1003 2021; x_wconf 84' lang='lat' dir='ltr'><strong>tamen</strong></span> <span class='ocrx_word' id='word_1_88' title='bbox 1051 1974 1238 2021; x_wconf 87' lang='lat' dir='ltr'><strong>casus</strong></span> <span class='ocrx_word' id='word_1_89' title='bbox 1268 1974 1397 2042; x_wconf 91' lang='lat' dir='ltr'><strong>quo</strong></span> <span class='ocrx_word' id='word_1_90' title='bbox 1435 1958 1690 2021; x_wconf 87' lang='lat' dir='ltr'><strong>vacaret</strong></span> <span class='ocrx_word' id='word_1_91' title='bbox 1730 1955 2080 2044; x_wconf 82' lang='lat' dir='ltr'><strong>praebenda</strong></span> <span class='ocrx_word' id='word_1_92' title='bbox 2128 1954 2511 2044; x_wconf 87' lang='lat' dir='ltr'><strong>theologalis</strong></span> 
     </span>
     <span class='ocr_line' id='line_1_15' title="bbox 219 2057 2511 2154; baseline -0.001 -20"><span class='ocrx_word' id='word_1_93' title='bbox 219 2068 280 2134; x_wconf 91' lang='lat' dir='ltr'><strong>in</strong></span> <span class='ocrx_word' id='word_1_94' title='bbox 321 2067 545 2154; x_wconf 89' lang='lat' dir='ltr'><strong>aliquo</strong></span> <span class='ocrx_word' id='word_1_95' title='bbox 586 2085 662 2131; x_wconf 86' lang='lat' dir='ltr'><strong>ex</strong></span> <span class='ocrx_word' id='word_1_96' title='bbox 693 2061 1030 2129; x_wconf 90' lang='lat' dir='ltr'><strong>mensibus</strong></span> <span class='ocrx_word' id='word_1_97' title='bbox 1064 2057 1215 2128; x_wconf 89' lang='lat' dir='ltr'><strong>Sedi</strong></span> <span class='ocrx_word' id='word_1_98' title='bbox 1248 2058 1638 2151; x_wconf 83' lang='lat' dir='ltr'><strong>Apostolicae</strong></span> <span class='ocrx_word' id='word_1_99' title='bbox 1677 2060 2034 2129; x_wconf 79' lang='lat' dir='ltr'><strong>reservatis.</strong></span> <span class='ocrx_word' id='word_1_100' title='bbox 2081 2060 2421 2130; x_wconf 81' lang='lat' dir='ltr'><strong>Nimirum</strong></span> <span class='ocrx_word' id='word_1_101' title='bbox 2457 2063 2511 2132; x_wconf 88' lang='lat' dir='ltr'><strong>si</strong></span> 
     </span>
     <span class='ocr_line' id='line_1_16' title="bbox 218 2166 2516 2262; baseline -0.002 -20"><span class='ocrx_word' id='word_1_102' title='bbox 218 2179 398 2242; x_wconf 88' lang='lat' dir='ltr'><strong>vacet</strong></span> <span class='ocrx_word' id='word_1_103' title='bbox 422 2170 770 2262; x_wconf 82' lang='lat' dir='ltr'><strong>praebenda</strong></span> <span class='ocrx_word' id='word_1_104' title='bbox 798 2168 1180 2255; x_wconf 87' lang='lat' dir='ltr'><strong>theologalis</strong></span> <span class='ocrx_word' id='word_1_105' title='bbox 1207 2169 1278 2233; x_wconf 91' lang='lat' dir='ltr'><strong>in</strong></span> <span class='ocrx_word' id='word_1_106' title='bbox 1304 2167 1494 2234; x_wconf 88' lang='lat' dir='ltr'><strong>dictis</strong></span> <span class='ocrx_word' id='word_1_107' title='bbox 1523 2166 1887 2252; x_wconf 79' lang='lat' dir='ltr'><strong>mensibuS,</strong></span> <span class='ocrx_word' id='word_1_108' title='bbox 1916 2167 2169 2234; x_wconf 88' lang='lat' dir='ltr'><strong>collatio</strong></span> <span class='ocrx_word' id='word_1_109' title='bbox 2193 2174 2257 2235; x_wconf 91' lang='lat' dir='ltr'><strong>et</strong></span> <span class='ocrx_word' id='word_1_110' title='bbox 2285 2170 2516 2239; x_wconf 82' lang='lat' dir='ltr'><strong>electio</strong></span> 
     </span>
     <span class='ocr_line' id='line_1_17' title="bbox 218 2270 2519 2372; baseline -0.002 -24"><span class='ocrx_word' id='word_1_111' title='bbox 218 2299 522 2372; x_wconf 83' lang='lat' dir='ltr'><strong>personae</strong></span> <span class='ocrx_word' id='word_1_112' title='bbox 566 2277 645 2340; x_wconf 93' lang='lat' dir='ltr'><strong>ad</strong></span> <span class='ocrx_word' id='word_1_113' title='bbox 681 2274 932 2361; x_wconf 81' lang='lat' dir='ltr'><strong>Papam</strong></span> <span class='ocrx_word' id='word_1_114' title='bbox 972 2272 1301 2360; x_wconf 83' lang='lat' dir='ltr'><strong>pertinent</strong></span> <span class='ocrx_word' id='word_1_115' title='bbox 1338 2271 1455 2359; x_wconf 65' lang='lat'><strong>(1).</strong></span> <span class='ocrx_word' id='word_1_116' title='bbox 1491 2270 1610 2335; x_wconf 87' lang='lat' dir='ltr'><strong>Est</strong></span> <span class='ocrx_word' id='word_1_117' title='bbox 1649 2272 1804 2337; x_wconf 85' lang='lat' dir='ltr'><strong>item</strong></span> <span class='ocrx_word' id='word_1_118' title='bbox 1842 2272 2130 2360; x_wconf 85' lang='lat' dir='ltr'><strong>exceptio</strong></span> <span class='ocrx_word' id='word_1_119' title='bbox 2176 2293 2296 2362; x_wconf 86' lang='lat' dir='ltr'><strong>pro</strong></span> <span class='ocrx_word' id='word_1_120' title='bbox 2338 2271 2519 2344; x_wconf 85' lang='lat' dir='ltr'><strong>ltalia</strong></span> 
     </span>
     <span class='ocr_line' id='line_1_18' title="bbox 220 2374 2513 2467; baseline -0.001 -15"><span class='ocrx_word' id='word_1_121' title='bbox 220 2393 291 2452; x_wconf 86' lang='lat' dir='ltr'><strong>et</strong></span> <span class='ocrx_word' id='word_1_122' title='bbox 342 2379 584 2449; x_wconf 88' lang='lat' dir='ltr'><strong>insulis</strong></span> <span class='ocrx_word' id='word_1_123' title='bbox 631 2375 1120 2467; x_wconf 82' lang='lat' dir='ltr'><strong>adjacentibus3‘</strong></span> <span class='ocrx_word' id='word_1_124' title='bbox 1173 2396 1327 2441; x_wconf 89' lang='lat' dir='ltr'><strong>nam</strong></span> <span class='ocrx_word' id='word_1_125' title='bbox 1383 2374 1477 2443; x_wconf 90' lang='lat' dir='ltr'><strong>ibi</strong></span> <span class='ocrx_word' id='word_1_126' title='bbox 1529 2374 1874 2466; x_wconf 85' lang='lat' dir='ltr'><strong>praebenda</strong></span> <span class='ocrx_word' id='word_1_127' title='bbox 1904 2376 2304 2467; x_wconf 86' lang='lat' dir='ltr'><strong>.theologalis</strong></span> <span class='ocrx_word' id='word_1_128' title='bbox 2372 2381 2513 2451; x_wconf 88' lang='lat' dir='ltr'><strong>dari</strong></span> 
     </span>
     <span class='ocr_line' id='line_1_19' title="bbox 223 2482 2516 2576; baseline 0.001 -19"><span class='ocrx_word' id='word_1_129' title='bbox 223 2486 419 2557; x_wconf 86' lang='lat' dir='ltr'><strong>debet</strong></span> <span class='ocrx_word' id='word_1_130' title='bbox 464 2506 597 2576; x_wconf 83' lang='lat' dir='ltr'><strong>per</strong></span> <span class='ocrx_word' id='word_1_131' title='bbox 622 2503 1031 2565; x_wconf 78' lang='lat' dir='ltr'><strong>concursum,</strong></span> <span class='ocrx_word' id='word_1_132' title='bbox 1071 2486 1134 2549; x_wconf 87' lang='lat' dir='ltr'><strong>et</strong></span> <span class='ocrx_word' id='word_1_133' title='bbox 1159 2487 1626 2572; x_wconf 90' lang='lat' dir='ltr'><strong>consequenter</strong></span> <span class='ocrx_word' id='word_1_134' title='bbox 1656 2482 2109 2553; x_wconf 84' lang='lat' dir='ltr'><strong>determinatio</strong></span> <span class='ocrx_word' id='word_1_135' title='bbox 2139 2509 2251 2555; x_wconf 90' lang='lat' dir='ltr'><strong>seu</strong></span> <span class='ocrx_word' id='word_1_136' title='bbox 2288 2488 2516 2559; x_wconf 85' lang='lat' dir='ltr'><strong>electio</strong></span> 
     </span>
     <span class='ocr_line' id='line_1_20' title="bbox 220 2588 2516 2685; baseline 0.001 -24"><span class='ocrx_word' id='word_1_137' title='bbox 220 2614 512 2685; x_wconf 83' lang='lat' dir='ltr'><strong>personae</strong></span> <span class='ocrx_word' id='word_1_138' title='bbox 557 2589 793 2680; x_wconf 83' lang='lat' dir='ltr'><strong>pendet</strong></span> <span class='ocrx_word' id='word_1_139' title='bbox 827 2591 877 2655; x_wconf 86' lang='lat' dir='ltr'><strong>a</strong></span> <span class='ocrx_word' id='word_1_140' title='bbox 885 2588 1138 2677; x_wconf 86' lang='lat' dir='ltr'><strong>judicio</strong></span> <span class='ocrx_word' id='word_1_141' title='bbox 1190 2589 1736 2676; x_wconf 84' lang='lat' dir='ltr'><strong>examinatorum,</strong></span> <span class='ocrx_word' id='word_1_142' title='bbox 1781 2596 1857 2657; x_wconf 93' lang='lat' dir='ltr'><strong>ut</strong></span> <span class='ocrx_word' id='word_1_143' title='bbox 1895 2596 2211 2662; x_wconf 89' lang='lat' dir='ltr'><strong>statutum</strong></span> <span class='ocrx_word' id='word_1_144' title='bbox 2262 2600 2356 2662; x_wconf 89' lang='lat' dir='ltr'><strong>est</strong></span> <span class='ocrx_word' id='word_1_145' title='bbox 2398 2616 2516 2685; x_wconf 86' lang='lat' dir='ltr'><strong>per</strong></span> 
     </span>
     <span class='ocr_line' id='line_1_21' title="bbox 236 2693 2508 2787; baseline -0.001 -17"><span class='ocrx_word' id='word_1_146' title='bbox 236 2702 484 2770; x_wconf 90' lang='lat' dir='ltr'><strong>bullam</strong></span> <span class='ocrx_word' id='word_1_147' title='bbox 520 2694 894 2765; x_wconf 64' lang='lat' dir='ltr'><strong>Pastor-alis</strong></span> <span class='ocrx_word' id='word_1_148' title='bbox 922 2694 1133 2784; x_wconf 77' lang='lat' dir='ltr'><strong>officii</strong></span> <span class='ocrx_word' id='word_1_149' title='bbox 1170 2693 1504 2763; x_wconf 88' lang='lat' dir='ltr'><strong>Benedicti</strong></span> <span class='ocrx_word' id='word_1_150' title='bbox 1541 2694 1715 2781; x_wconf 87' lang='lat' dir='ltr'>XIII,</span> <span class='ocrx_word' id='word_1_151' title='bbox 1746 2696 1825 2764; x_wconf 88' lang='lat' dir='ltr'><strong>de</strong></span> <span class='ocrx_word' id='word_1_152' title='bbox 1862 2720 1994 2787; x_wconf 90' lang='lat' dir='ltr'><strong>qua</strong></span> <span class='ocrx_word' id='word_1_153' title='bbox 2025 2700 2276 2768; x_wconf 88' lang='lat' dir='ltr'><strong>dicetur</strong></span> <span class='ocrx_word' id='word_1_154' title='bbox 2312 2701 2508 2768; x_wconf 83' lang='lat' dir='ltr'><strong>infra.</strong></span> 
     </span>
    </p>

    <p class='ocr_par' dir='ltr' id='par_1_8' title="bbox 242 2800 2523 3425">
     <span class='ocr_line' id='line_1_22' title="bbox 314 2800 2522 2896; baseline -0.002 -21"><span class='ocrx_word' id='word_1_155' title='bbox 314 2807 409 2875; x_wconf 92' lang='lat' dir='ltr'><strong>De</strong></span> <span class='ocrx_word' id='word_1_156' title='bbox 450 2808 601 2896; x_wconf 89' lang='lat' dir='ltr'><strong>jure</strong></span> <span class='ocrx_word' id='word_1_157' title='bbox 645 2803 805 2871; x_wconf 89' lang='lat' dir='ltr'><strong>olim</strong></span> <span class='ocrx_word' id='word_1_158' title='bbox 857 2802 930 2869; x_wconf 89' lang='lat' dir='ltr'><strong>in</strong></span> <span class='ocrx_word' id='word_1_159' title='bbox 973 2800 1185 2869; x_wconf 88' lang='lat' dir='ltr'><strong>Gallia</strong></span> <span class='ocrx_word' id='word_1_160' title='bbox 1216 2807 1280 2869; x_wconf 85' lang='lat' dir='ltr'><strong>et</strong></span> <span class='ocrx_word' id='word_1_161' title='bbox 1314 2802 1630 2892; x_wconf 86' lang='lat' dir='ltr'><strong>Hispania</strong></span> <span class='ocrx_word' id='word_1_162' title='bbox 1673 2801 1850 2869; x_wconf 89' lang='lat' dir='ltr'><strong>circa</strong></span> <span class='ocrx_word' id='word_1_163' title='bbox 1892 2802 2273 2892; x_wconf 67' lang='lat' dir='ltr'><strong>praedictam</strong></span> <span class='ocrx_word' id='word_1_164' title='bbox 2323 2804 2522 2871; x_wconf 85' lang='lat' dir='ltr'><strong>colla·</strong></span> 
     </span>
     <span class='ocr_line' id='line_1_23' title="bbox 242 2907 2516 2999; baseline -0.001 -18"><span class='ocrx_word' id='word_1_165' title='bbox 242 2915 478 2981; x_wconf 91' lang='lat' dir='ltr'><strong>tionem</strong></span> <span class='ocrx_word' id='word_1_166' title='bbox 506 2912 767 2999; x_wconf 83' lang='lat' dir='ltr'><strong>vigente</strong></span> <span class='ocrx_word' id='word_1_167' title='bbox 809 2910 904 2976; x_wconf 90' lang='lat' dir='ltr'><strong>sic</strong></span> <span class='ocrx_word' id='word_1_168' title='bbox 931 2909 1127 2976; x_wconf 88' lang='lat' dir='ltr'><strong>habet</strong></span> <span class='ocrx_word' id='word_1_169' title='bbox 1153 2909 1502 2975; x_wconf 82' lang='lat' dir='ltr'><strong>cardinalis</strong></span> <span class='ocrx_word' id='word_1_170' title='bbox 1545 2908 1736 2976; x_wconf 87' lang='lat' dir='ltr'><strong>Petra</strong></span> <span class='ocrx_word' id='word_1_171' title='bbox 1781 2907 1947 2996; x_wconf 87' lang='lat' dir='ltr'><strong>(loco</strong></span> <span class='ocrx_word' id='word_1_172' title='bbox 1993 2909 2208 2990; x_wconf 81' lang='lat' dir='ltr'><strong>citato,</strong></span> <span class='ocrx_word' id='word_1_173' title='bbox 2244 2929 2312 2974; x_wconf 89' lang='lat' dir='ltr'><strong>n.</strong></span> <span class='ocrx_word' id='word_1_174' title='bbox 2359 2908 2466 2998; x_wconf 84' lang='lat'><strong>33)</strong></span> <span class='ocrx_word' id='word_1_175' title='bbox 2502 2937 2516 2978; x_wconf 88' lang='lat'>:</span> 
     </span>
     <span class='ocr_line' id='line_1_24' title="bbox 251 3011 2520 3109; baseline 0 -26"><span class='ocrx_word' id='word_1_176' title='bbox 251 3047 282 3084; x_wconf 91' lang='lat'>«</span> <span class='ocrx_word' id='word_1_177' title='bbox 304 3021 375 3087; x_wconf 88' lang='lat' dir='ltr'><strong>lu</strong></span> <span class='ocrx_word' id='word_1_178' title='bbox 403 3040 605 3109; x_wconf 84' lang='lat' dir='ltr'><strong>regno</strong></span> <span class='ocrx_word' id='word_1_179' title='bbox 631 3015 927 3084; x_wconf 86' lang='lat' dir='ltr'><strong>Franciae</strong></span> <span class='ocrx_word' id='word_1_180' title='bbox 955 3014 1304 3103; x_wconf 86' lang='lat' dir='ltr'><strong>praebenda</strong></span> <span class='ocrx_word' id='word_1_181' title='bbox 1332 3011 1716 3101; x_wconf 85' lang='lat' dir='ltr'><strong>hujusmodi</strong></span> <span class='ocrx_word' id='word_1_182' title='bbox 1747 3013 1819 3077; x_wconf 92' lang='lat' dir='ltr'><strong>in</strong></span> <span class='ocrx_word' id='word_1_183' title='bbox 1851 3033 2269 3102; x_wconf 88' lang='lat' dir='ltr'><strong>quocumque</strong></span> <span class='ocrx_word' id='word_1_184' title='bbox 2298 3036 2520 3083; x_wconf 88' lang='lat' dir='ltr'><strong>mense</strong></span> 
     </span>
     <span class='ocr_line' id='line_1_25' title="bbox 254 3116 2523 3210; baseline 0 -24"><span class='ocrx_word' id='word_1_185' title='bbox 254 3124 641 3205; x_wconf 83' lang='lat' dir='ltr'><strong>«vacaverit,</strong></span> <span class='ocrx_word' id='word_1_186' title='bbox 683 3141 944 3210; x_wconf 90' lang='lat' dir='ltr'><strong>semper</strong></span> <span class='ocrx_word' id='word_1_187' title='bbox 973 3118 1305 3186; x_wconf 81' lang='lat' dir='ltr'><strong>confertur</strong></span> <span class='ocrx_word' id='word_1_188' title='bbox 1331 3116 1412 3183; x_wconf 89' lang='lat' dir='ltr'><strong>ab</strong></span> <span class='ocrx_word' id='word_1_189' title='bbox 1434 3116 1772 3207; x_wconf 82' lang='lat' dir='ltr'><strong>&#39;Episcopo</strong></span> <span class='ocrx_word' id='word_1_190' title='bbox 1818 3123 1880 3184; x_wconf 92' lang='lat' dir='ltr'><strong>et</strong></span> <span class='ocrx_word' id='word_1_191' title='bbox 1910 3118 2191 3209; x_wconf 88' lang='lat' dir='ltr'><strong>capitulo</strong></span> <span class='ocrx_word' id='word_1_192' title='bbox 2224 3121 2321 3210; x_wconf 87' lang='lat' dir='ltr'><strong>(ex</strong></span> <span class='ocrx_word' id='word_1_193' title='bbox 2355 3119 2523 3187; x_wconf 87' lang='lat' dir='ltr'><strong>Con-</strong></span> 
     </span>
     <span class='ocr_line' id='line_1_26' title="bbox 251 3222 2520 3315; baseline 0.001 -21"><span class='ocrx_word' id='word_1_194' title='bbox 251 3255 284 3294; x_wconf 81' lang='lat'>«</span> <span class='ocrx_word' id='word_1_195' title='bbox 309 3230 587 3315; x_wconf 87' lang='lat' dir='ltr'><strong>cordat0,</strong></span> <span class='ocrx_word' id='word_1_196' title='bbox 619 3228 802 3295; x_wconf 91' lang='lat' dir='ltr'><strong>rubr.</strong></span> <span class='ocrx_word' id='word_1_197' title='bbox 845 3228 943 3293; x_wconf 84' lang='lat' dir='ltr'><strong>De</strong></span> <span class='ocrx_word' id='word_1_198' title='bbox 975 3222 1473 3307; x_wconf 78' lang='lat' dir='ltr'><strong>collationibus,</strong></span> <span class='ocrx_word' id='word_1_199' title='bbox 1511 3223 1551 3313; x_wconf 57' lang='grc' dir='ltr'>ᾗ</span> <span class='ocrx_word' id='word_1_200' title='bbox 1584 3225 1646 3310; x_wconf 85' lang='grc'><strong>1,</strong></span> <span class='ocrx_word' id='word_1_201' title='bbox 1680 3224 1902 3312; x_wconf 88' lang='lat' dir='ltr'><strong>ibique</strong></span> <span class='ocrx_word' id='word_1_202' title='bbox 1945 3222 2282 3313; x_wconf 83' lang='lat' dir='ltr'><strong>RebuffuS,</strong></span> <span class='ocrx_word' id='word_1_203' title='bbox 2326 3227 2520 3297; x_wconf 87' lang='lat' dir='ltr'><strong>verbo</strong></span> 
     </span>
     <span class='ocr_line' id='line_1_27' title="bbox 257 3328 2519 3425; baseline 0 -25"><span class='ocrx_word' id='word_1_204' title='bbox 257 3361 289 3401; x_wconf 87' lang='lat'>«</span> <span class='ocrx_word' id='word_1_205' title='bbox 320 3331 825 3425; x_wconf 75' lang='lat' dir='ltr'><strong>Theoloqalem).</strong></span> <span class='ocrx_word' id='word_1_206' title='bbox 856 3330 930 3398; x_wconf 93' lang='lat' dir='ltr'><strong>ln</strong></span> <span class='ocrx_word' id='word_1_207' title='bbox 960 3330 1177 3421; x_wconf 83' lang='lat' dir='ltr'><strong>regnis</strong></span> <span class='ocrx_word' id='word_1_208' title='bbox 1221 3352 1371 3397; x_wconf 88' lang='lat' dir='ltr'><strong>vero</strong></span> <span class='ocrx_word' id='word_1_209' title='bbox 1400 3328 1689 3398; x_wconf 84' lang='lat' dir='ltr'><strong>Castellae</strong></span> <span class='ocrx_word' id='word_1_210' title='bbox 1720 3336 1782 3397; x_wconf 90' lang='lat' dir='ltr'><strong>et</strong></span> <span class='ocrx_word' id='word_1_211' title='bbox 1824 3329 2129 3420; x_wconf 86' lang='lat' dir='ltr'><strong>Legionis</strong></span> <span class='ocrx_word' id='word_1_212' title='bbox 2171 3332 2519 3424; x_wconf 89' lang='lat' dir='ltr'><strong>Hispania-</strong></span> 
     </span>
    </p>

    <p class='ocr_par' dir='ltr' id='par_1_9' title="bbox 260 3436 2525 4057">
     <span class='ocr_line' id='line_1_28' title="bbox 262 3436 2521 3530; baseline 0.002 -25"><span class='ocrx_word' id='word_1_213' title='bbox 262 3463 493 3529; x_wconf 86' lang='lat' dir='ltr'><strong>«rum,</strong></span> <span class='ocrx_word' id='word_1_214' title='bbox 536 3439 954 3509; x_wconf 83' lang='lat' dir='ltr'><strong>canonicatus</strong></span> <span class='ocrx_word' id='word_1_215' title='bbox 997 3436 1381 3525; x_wconf 85' lang='lat' dir='ltr'><strong>theologales</strong></span> <span class='ocrx_word' id='word_1_216' title='bbox 1441 3438 1867 3528; x_wconf 88' lang='lat' dir='ltr'><strong>providentur</strong></span> <span class='ocrx_word' id='word_1_217' title='bbox 1902 3440 1983 3506; x_wconf 90' lang='lat' dir='ltr'><strong>ab</strong></span> <span class='ocrx_word' id='word_1_218' title='bbox 2026 3439 2363 3530; x_wconf 87' lang='lat' dir='ltr'><strong>Episcopis</strong></span> <span class='ocrx_word' id='word_1_219' title='bbox 2406 3462 2521 3528; x_wconf 84' lang='lat' dir='ltr'><strong>per</strong></span> 
     </span>
     <span class='ocr_line' id='line_1_29' title="bbox 260 3545 2522 3634; baseline 0 -25"><span class='ocrx_word' id='word_1_220' title='bbox 260 3569 727 3631; x_wconf 84' lang='lat' dir='ltr'><strong>«concursum,</strong></span> <span class='ocrx_word' id='word_1_221' title='bbox 761 3547 834 3612; x_wconf 92' lang='lat' dir='ltr'><strong>in</strong></span> <span class='ocrx_word' id='word_1_222' title='bbox 869 3559 1282 3633; x_wconf 89' lang='lat' dir='ltr'><strong>quocumque</strong></span> <span class='ocrx_word' id='word_1_223' title='bbox 1321 3565 1544 3612; x_wconf 86' lang='lat' dir='ltr'><strong>mense</strong></span> <span class='ocrx_word' id='word_1_224' title='bbox 1575 3545 1965 3632; x_wconf 86' lang='lat' dir='ltr'><strong>vacaverint,</strong></span> <span class='ocrx_word' id='word_1_225' title='bbox 2010 3551 2071 3612; x_wconf 88' lang='lat' dir='ltr'><strong>et</strong></span> <span class='ocrx_word' id='word_1_226' title='bbox 2107 3566 2522 3634; x_wconf 87' lang='lat' dir='ltr'><strong>nequaquam</strong></span> 
     </span>
     <span class='ocr_line' id='line_1_30' title="bbox 260 3645 2525 3743; baseline 0 -29"><span class='ocrx_word' id='word_1_227' title='bbox 260 3674 352 3718; x_wconf 85' lang='lat' dir='ltr'><strong>«a</strong></span> <span class='ocrx_word' id='word_1_228' title='bbox 383 3645 541 3721; x_wconf 87' lang='lat' dir='ltr'><strong>Sede</strong></span> <span class='ocrx_word' id='word_1_229' title='bbox 573 3649 965 3743; x_wconf 86' lang='lat' dir='ltr'><strong>Apostolica,</strong></span> <span class='ocrx_word' id='word_1_230' title='bbox 1005 3655 1082 3715; x_wconf 87' lang='lat' dir='ltr'><strong>ut</strong></span> <span class='ocrx_word' id='word_1_231' title='bbox 1130 3655 1352 3717; x_wconf 84' lang='lat' dir='ltr'><strong>caetera</strong></span> <span class='ocrx_word' id='word_1_232' title='bbox 1386 3649 1731 3734; x_wconf 88' lang='lat' dir='ltr'><strong>beneficia,</strong></span> <span class='ocrx_word' id='word_1_233' title='bbox 1777 3656 1934 3717; x_wconf 87' lang='lat' dir='ltr'><strong>teste</strong></span> <span class='ocrx_word' id='word_1_234' title='bbox 1971 3648 2208 3716; x_wconf 89' lang='lat' dir='ltr'><strong>Garcia</strong></span> <span class='ocrx_word' id='word_1_235' title='bbox 2253 3654 2317 3713; x_wconf 88' lang='lat' dir='ltr'><strong>et</strong></span> <span class='ocrx_word' id='word_1_236' title='bbox 2347 3647 2525 3714; x_wconf 87' lang='lat' dir='ltr'><strong>Gon-</strong></span> 
     </span>
     <span class='ocr_line' id='line_1_31' title="bbox 260 3751 2522 3847; baseline 0.001 -29"><span class='ocrx_word' id='word_1_237' title='bbox 260 3780 293 3819; x_wconf 85' lang='lat'>«</span> <span class='ocrx_word' id='word_1_238' title='bbox 322 3758 510 3842; x_wconf 86' lang='lat' dir='ltr'><strong>zales;</strong></span> <span class='ocrx_word' id='word_1_239' title='bbox 552 3757 668 3847; x_wconf 91' lang='lat' dir='ltr'><strong>qui</strong></span> <span class='ocrx_word' id='word_1_240' title='bbox 714 3752 1008 3823; x_wconf 88' lang='lat' dir='ltr'><strong>subdunt</strong></span> <span class='ocrx_word' id='word_1_241' title='bbox 1050 3752 1176 3818; x_wconf 88' lang='lat' dir='ltr'><strong>sibi</strong></span> <span class='ocrx_word' id='word_1_242' title='bbox 1225 3751 1380 3839; x_wconf 89' lang='lat' dir='ltr'><strong>ipsis</strong></span> <span class='ocrx_word' id='word_1_243' title='bbox 1423 3774 1559 3817; x_wconf 88' lang='lat' dir='ltr'><strong>non</strong></span> <span class='ocrx_word' id='word_1_244' title='bbox 1591 3752 1766 3821; x_wconf 76' lang='lat' dir='ltr'><strong>⁴bene</strong></span> <span class='ocrx_word' id='word_1_245' title='bbox 1819 3755 2232 3839; x_wconf 87' lang='lat' dir='ltr'><strong>compertum</strong></span> <span class='ocrx_word' id='word_1_246' title='bbox 2275 3771 2410 3822; x_wconf 87' lang='lat' dir='ltr'><strong>esse</strong></span> <span class='ocrx_word' id='word_1_247' title='bbox 2447 3773 2522 3821; x_wconf 83' lang='lat' dir='ltr'><strong>ex</strong></span> 
     </span>
     <span class='ocr_line' id='line_1_32' title="bbox 269 3855 2523 3953; baseline 0.004 -30"><span class='ocrx_word' id='word_1_248' title='bbox 269 3886 299 3923; x_wconf 71' lang='grc' dir='ltr'><strong>(ι</strong></span> <span class='ocrx_word' id='word_1_249' title='bbox 327 3883 446 3949; x_wconf 91' lang='lat' dir='ltr'><strong>quo</strong></span> <span class='ocrx_word' id='word_1_250' title='bbox 492 3864 559 3930; x_wconf 90' lang='lat' dir='ltr'><strong>id</strong></span> <span class='ocrx_word' id='word_1_251' title='bbox 612 3859 947 3953; x_wconf 87' lang='lat' dir='ltr'><strong>proveniat</strong></span> <span class='ocrx_word' id='word_1_252' title='bbox 990 3856 1267 3938; x_wconf 87' lang='lat' dir='ltr'><strong>indulto,</strong></span> <span class='ocrx_word' id='word_1_253' title='bbox 1325 3855 1425 3923; x_wconf 89' lang='lat' dir='ltr'><strong>vel</strong></span> <span class='ocrx_word' id='word_1_254' title='bbox 1470 3876 1556 3923; x_wconf 90' lang='lat' dir='ltr'><strong>an</strong></span> <span class='ocrx_word' id='word_1_255' title='bbox 1604 3860 1812 3940; x_wconf 86' lang='lat' dir='ltr'><strong>totum</strong></span> <span class='ocrx_word' id='word_1_256' title='bbox 1874 3860 2172 3946; x_wconf 86' lang='lat' dir='ltr'><strong>operetur</strong></span> <span class='ocrx_word' id='word_1_257' title='bbox 2216 3858 2523 3950; x_wconf 82' lang='lat' dir='ltr'><strong>patientia</strong></span> 
     </span>
     <span class='ocr_line' id='line_1_33' title="bbox 265 3957 2200 4057; baseline 0.001 -29"><span class='ocrx_word' id='word_1_258' title='bbox 265 3992 296 4029; x_wconf 85' lang='lat'>«</span> <span class='ocrx_word' id='word_1_259' title='bbox 322 3974 379 4034; x_wconf 88' lang='lat' dir='ltr'><strong>et</strong></span> <span class='ocrx_word' id='word_1_260' title='bbox 400 3970 735 4037; x_wconf 88' lang='lat' dir='ltr'><strong>tolerantia</strong></span> <span class='ocrx_word' id='word_1_261' title='bbox 761 3964 973 4057; x_wconf 88' lang='lat' dir='ltr'><strong>Papae.</strong></span> <span class='ocrx_word' id='word_1_262' title='bbox 1005 3990 1039 4030; x_wconf 88' lang='lat'>»</span> <span class='ocrx_word' id='word_1_263' title='bbox 1786 3957 1790 3961; x_wconf 66' lang='grc'>’</span> <span class='ocrx_word' id='word_1_264' title='bbox 2193 3971 2200 3978; x_wconf 83' lang='grc'><strong>”</strong></span> 
     </span>
    </p>

    <p class='ocr_par' dir='ltr' id='par_1_10' title="bbox 266 4071 2525 4276">
     <span class='ocr_line' id='line_1_34' title="bbox 348 4071 2523 4163; baseline 0.005 -25"><span class='ocrx_word' id='word_1_265' title='bbox 348 4098 379 4138; x_wconf 73' lang='grc' dir='ltr'><strong>ι(</strong></span> <span class='ocrx_word' id='word_1_266' title='bbox 405 4076 711 4143; x_wconf 86' lang='lat' dir='ltr'><strong>Advertat</strong></span> <span class='ocrx_word' id='word_1_267' title='bbox 735 4073 1115 4163; x_wconf 80' lang='lat' dir='ltr'><strong>EpiscopuS,</strong></span> <span class='ocrx_word' id='word_1_268' title='bbox 1144 4075 1233 4139; x_wconf 87' lang='lat' dir='ltr'><strong>ait</strong></span> <span class='ocrx_word' id='word_1_269' title='bbox 1253 4071 1591 4140; x_wconf 91' lang='lat' dir='ltr'><strong>Monacelli</strong></span> <span class='ocrx_word' id='word_1_270' title='bbox 1625 4072 1749 4162; x_wconf 86' lang='lat' dir='ltr'><strong>(tit.</strong></span> <span class='ocrx_word' id='word_1_271' title='bbox 1784 4072 1869 4155; x_wconf 93' lang='lat' dir='ltr'><strong>Il,</strong></span> <span class='ocrx_word' id='word_1_272' title='bbox 1906 4072 2180 4145; x_wconf 88' lang='lat' dir='ltr'><strong>formula</strong></span> <span class='ocrx_word' id='word_1_273' title='bbox 2211 4079 2275 4163; x_wconf 84' lang='lat'><strong>5,</strong></span> <span class='ocrx_word' id='word_1_274' title='bbox 2308 4080 2523 4149; x_wconf 85' lang='lat' dir='ltr'><strong>adno-</strong></span> 
     </span>
     <span class='ocr_line' id='line_1_35' title="bbox 266 4179 2525 4276; baseline 0.002 -29"><span class='ocrx_word' id='word_1_275' title='bbox 266 4208 299 4247; x_wconf 83' lang='lat'>«</span> <span class='ocrx_word' id='word_1_276' title='bbox 332 4187 469 4252; x_wconf 86' lang='lat' dir='ltr'><strong>tatio</strong></span> <span class='ocrx_word' id='word_1_277' title='bbox 498 4185 559 4276; x_wconf 86' lang='lat'><strong>1)</strong></span> <span class='ocrx_word' id='word_1_278' title='bbox 583 4185 754 4275; x_wconf 91' lang='lat' dir='ltr'><strong>quod</strong></span> <span class='ocrx_word' id='word_1_279' title='bbox 796 4184 1029 4251; x_wconf 88' lang='lat' dir='ltr'><strong>erectio</strong></span> <span class='ocrx_word' id='word_1_280' title='bbox 1070 4179 1431 4273; x_wconf 83' lang='lat' dir='ltr'><strong>praebendae</strong></span> <span class='ocrx_word' id='word_1_281' title='bbox 1476 4181 1851 4270; x_wconf 85' lang='lat' dir='ltr'><strong>theologalis</strong></span> <span class='ocrx_word' id='word_1_282' title='bbox 1896 4183 1968 4251; x_wconf 90' lang='lat' dir='ltr'><strong>in</strong></span> <span class='ocrx_word' id='word_1_283' title='bbox 2006 4185 2137 4254; x_wconf 91' lang='lat' dir='ltr'><strong>illis</strong></span> <span class='ocrx_word' id='word_1_284' title='bbox 2177 4190 2525 4258; x_wconf 85' lang='lat' dir='ltr'><strong>cathedra·-</strong></span> 
     </span>
    </p>
   </div>
   <div class='ocr_carea' id='block_1_7' title="bbox 325 4414 2289 4550">
    <p class='ocr_par' dir='ltr' id='par_1_11' title="bbox 325 4414 2289 4550">
     <span class='ocr_line' id='line_1_36' title="bbox 325 4414 1978 4483; baseline 0.003 -20"><span class='ocrx_word' id='word_1_285' title='bbox 325 4416 381 4478; x_wconf 84' lang='lat'><strong>(1)</strong></span> <span class='ocrx_word' id='word_1_286' title='bbox 404 4417 524 4470; x_wconf 76' lang='lat' dir='ltr'><strong>Vide</strong></span> <span class='ocrx_word' id='word_1_287' title='bbox 544 4417 680 4483; x_wconf 86' lang='lat' dir='ltr'><strong>apud</strong></span> <span class='ocrx_word' id='word_1_288' title='bbox 701 4417 938 4480; x_wconf 78' lang='lat' dir='ltr'><strong>FerrariS,</strong></span> <span class='ocrx_word' id='word_1_289' title='bbox 959 4416 1109 4466; x_wconf 77' lang='lat' dir='ltr'><strong>verbo</strong></span> <span class='ocrx_word' id='word_1_290' title='bbox 1137 4414 1489 4475; x_wconf 59' lang='lat' dir='ltr'><strong>eanonicam,</strong></span> <span class='ocrx_word' id='word_1_291' title='bbox 1512 4416 1721 4466; x_wconf 80' lang='lat' dir='ltr'><strong>articulo</strong></span> <span class='ocrx_word' id='word_1_292' title='bbox 1742 4420 1790 4478; x_wconf 89' lang='grc'><strong>9,</strong></span> <span class='ocrx_word' id='word_1_293' title='bbox 1812 4431 1869 4469; x_wconf 90' lang='lat' dir='ltr'><strong>n.</strong></span> <span class='ocrx_word' id='word_1_294' title='bbox 1905 4423 1978 4468; x_wconf 80' lang='grc' dir='ltr'><strong>ιι.</strong></span> 
     </span>
     <span class='ocr_line' id='line_1_37' title="bbox 2258 4504 2289 4550; baseline 0 0"><span class='ocrx_word' id='word_1_295' title='bbox 2258 4504 2289 4550; x_wconf 80' lang='grc'><strong>7</strong></span> 
     </span>
    </p>
   </div>
  </div>
 </body>
</html>
