2930 4982
1116 319 1191 362 DE
1239 317 1564 364 CAPrruus.
2369 312 2384 365 l
2405 316 2437 367 fi
2457 314 2471 366 l

250 443 490 510 dicatum
512 460 626 507 seu
659 437 1198 506 ecclesiasticum.
1232 436 1285 504 E
1313 441 1534 505 contra
1560 441 1777 505 autem
1805 437 2161 506 tenendum
2189 446 2309 526 est,
2344 446 2486 509 tum

249 546 312 612 ob
335 546 535 613 citatas
557 543 911 613 decisiones
939 542 1288 628 Romanas,
1324 548 1469 612 tum
1499 543 1582 612 ob
1604 544 1823 614 allatas
1845 545 2123 614 rationes
2154 566 2230 614 ex
2255 552 2489 617 natura

247 649 318 718 rei
337 649 640 740 deductas,
665 650 987 742 ejusmodi
1013 651 1356 742 pensiones
1384 651 1525 720 veri
1557 651 1854 722 beneficii
1880 658 1943 721 et
1969 654 2127 723 boni
2151 654 2486 725 ecclesias-

248 755 351 839 tici,
373 777 441 824 ac
458 757 726 849 proinde
744 758 903 829 boni
919 758 1053 828 Deo
1075 757 1295 847 dicati,
1327 758 1647 829 rationem
1677 760 1937 829 habere.
1973 761 2119 843 Quo
2148 763 2347 831 semel
2372 786 2486 855 po-

247 863 358 943 sito,
383 863 505 933 illis
537 866 962 957 pensionibus
990 890 1104 958 per
1136 867 1354 936 omnia
1389 867 1695 937 convenit
1731 867 2021 937 definitio
2059 870 2356 940 beneficii
2403 871 2487 940 ab

244 969 469 1059 ipsomet
491 973 763 1043 domino
788 974 1024 1063 Emery
1050 974 1302 1043 tradita.

306 1077 362 1145 3⁰
381 1078 631 1149 Erravit
653 1081 964 1150 dominus
987 1081 1227 1171 Emery
1262 1076 1464 1149 dictas
1493 1079 1993 1173 Episcoporum‚
2023 1082 2491 1152 canonicorum

241 1192 285 1253 et
297 1188 708 1276 parochorum
726 1188 1067 1280 pensiones
1086 1185 1523 1256 assimilando
1540 1186 1815 1256 salariis
1828 1210 1976 1279 quoe
1993 1187 2243 1258 civibus
2257 1188 2492 1280 aliquo

239 1292 390 1362 civili
419 1318 689 1365 munere
708 1294 1145 1386 funqentibus
1167 1293 1674 1385 persolvuntur.
1725 1292 1896 1363 Nam
1925 1294 2129 1364 dictas
2157 1295 2494 1386 pensiones

237 1401 389 1469 debet
411 1402 824 1472 Gubernium
849 1425 926 1470 ex
957 1407 1295 1471 contractu
1322 1401 1842 1470 commutationis
1868 1402 2271 1494 direptorum
2299 1402 2497 1472 bono·

236 1530 355 1578 rum
399 1511 697 1581 Ecclesiae
736 1511 810 1579 in
850 1533 1121 1581 censum
1172 1511 1356 1580 hunc
1398 1531 1726 1580 annuum.
1777 1509 1926 1579 lllas
1966 1510 2164 1581 etiam
2205 1512 2395 1582 debet
2435 1514 2494 1580 vi

234 1617 372 1703 pacti
391 1641 516 1707 quo
537 1641 647 1687 eas
670 1618 864 1687 semel
890 1641 1006 1710 pro
1035 1639 1293 1709 semper
1315 1617 1509 1686 certis
1530 1617 1983 1709 spiritualibus
2007 1618 2255 1687 muniis
2279 1618 2350 1686 in
2374 1616 2496 1687 do-

233 1724 520 1793 tationem
543 1727 785 1795 addixit
805 1750 823 1811 ;
855 1748 1051 1816 quam
1074 1731 1453 1816 perpetuam
1482 1724 1877 1794 dotationem
1900 1726 2260 1817 acceptavit
2282 1727 2496 1796 eccle-

230 1830 451 1901 siastica
481 1835 846 1903 auctoritas.
897 1831 990 1900 Ex
1017 1854 1149 1922 quo
1187 1831 1429 1922 duplici
1458 1831 1667 1914 titulo,
1697 1838 1772 1901 ut
1812 1832 2065 1901 dictum
2105 1838 2229 1922 est,
2261 1836 2372 1923 jus
2411 1834 2490 1902 ad

227 1933 350 2004 illas
378 1941 712 2029 pensiones
739 1938 1032 2008 Ecclesia
1058 1938 1419 2027 acquisivit.
1450 1936 1623 2006 Hinc
1652 1940 1873 2008 statim
1894 1962 1970 2009 ac
1993 1940 2303 2008 canonice
2328 1962 2492 2008 auc·

228 2046 451 2114 toritate
491 2047 914 2117 ecclesiastica
945 2045 1280 2114 institutus
1320 2044 1440 2111 fuit
1487 2043 1844 2136 Episcopus
1863 2098 1882 2128 ,
1930 2046 2064 2116 sive
2117 2045 2490 2131 canonicus,

222 2150 337 2220 sive
385 2155 729 2244 parochuS‚
776 2157 1032 2222 tenetur
1074 2151 1492 2220 Gubernium
1539 2173 1614 2218 ex
1648 2152 1896 2240 justitia
1941 2152 2068 2241 ipsi
2120 2153 2495 2240 pensionem

215 2280 497 2346 erogare.
542 2259 674 2327 Nec
714 2280 913 2347 penes
944 2258 1364 2325 Gubernium
1405 2262 1501 2324 est
1547 2258 1992 2346 episcopatum
2031 2255 2342 2344 aliquem,
2393 2264 2504 2324 aut

211 2364 666 2432 canonicatum
695 2369 806 2432 aut
848 2363 1220 2454 parochiam
1263 2362 1801 2452 supprimere,‘ut
1833 2362 1917 2429 ab
1957 2382 2153 2430 onere
2180 2363 2498 2433 solvendae

217 2467 534 2560 pensionis
571 2469 996 2539 sese-liberet:
1028 2468 1236 2537 immo
1261 2488 1413 2536 vero
1440 2468 1497 2536 si
1537 2467 1917 2560 pensionem
1945 2470 2188 2539 solvere
2225 2470 2497 2562 deneget

222 2576 455 2645 lurtum
501 2583 563 2646 et
603 2576 1012 2668 sacrilegium
1060 2582 1306 2668 patrat3
1362 2578 1522 2667 quia
1568 2576 1839 2669 surripit
1891 2578 2141 2647 bonum
2193 2578 2493 2651 Ecclesiae

225 2688 617 2776 acquisitum,
651 2671 845 2779 prout
876 2709 952 2755 ex
983 2708 1178 2778 supra
1214 2686 1506 2755 deductis
1545 2692 1760 2778 aperte
1804 2689 2122 2778 sequitur.
2173 2687 2228 2756 E
2269 2697 2492 2760 contra

230 2814 352 2862 vero
373 2801 578 2886 potest
590 2793 1006 2864 Gubernium
1030 2794 1271 2884 absque
1298 2794 1434 2862 ulla
1457 2795 1777 2885 injustitia
1797 2796 1995 2862 variis
2017 2795 2268 2862 muniis
2290 2797 2496 2862 civili-

230 2899 351 2986 bus,
377 2904 477 2971 vel
519 2903 743 2970 minus
768 2902 978 2986 solito,
1013 2902 1116 2970 vel
1142 2902 1405 2969 nullum
1441 2901 1756 2968 salarium
1787 2899 2139 2987 assignare.
2173 2898 2228 2966 li
2263 2902 2498 2990 magis-

232 3010 420 3097 tratus,
453 3010 641 3079 verbi
683 3009 919 3099 gratia,
944 3008 1060 3097 qui
1086 3011 1400 3074 vocantur
1439 3005 1534 3072 les
1575 3006 1842 3088 maires,
1887 3003 2151 3072 nullum
2190 3006 2497 3077 salarium

231 3118 544 3209 recipiunt.
576 3118 750 3185 -ltem
781 3131 977 3208 penes
1003 3113 1422 3183 Gubernium
1453 3118 1548 3180 est
1587 3111 1911 3204 ejusmodi
1938 3112 2310 3183 officiorum
2336 3116 2495 3184 civi-

231 3222 369 3296 lium
387 3250 746 3297 numerum
769 3247 1006 3316 augere
1022 3225 1125 3294 vel
1149 3223 1472 3292 minuere.
1501 3221 1660 3291 Item
1686 3223 1767 3291 ad
1794 3223 2013 3320 ipsum
2032 3224 2309 3315 pertinet
2327 3226 2383 3316 ej
2391 3247 2494 3295 us·

234 3334 381 3404 modi
429 3335 743 3405 officiales
799 3334 1136 3404 instituere
1188 3337 1252 3402 et
1298 3332 1667 3401 destituere.
1718 3328 2001 3401 Vacante
2051 3332 2269 3423 aliquo
2313 3334 2490 3403 civili

237 3459 503 3525 munere,
542 3448 747 3535 potest
779 3464 1078 3534 suprema
1103 3440 1293 3531 regni
1327 3442 1673 3511 auctoritas
1711 3440 1954 3530 absque
1982 3441 2121 3510 ulla
2145 3441 2488 3532 injustitia,

236 3550 318 3617 vel
344 3553 605 3621 nullum
632 3572 1064 3620 successorem
1102 3550 1461 3631 instituere,
1493 3549 1593 3617 vel
1626 3549 1914 3639 aliquem
1957 3548 2295 3617 instituere
2336 3571 2491 3617 cum

238 3660 642 3748 assignatione
672 3657 942 3725 minoris
969 3658 1212 3744 salarii,
1238 3657 1342 3723 vel
1369 3657 1562 3723 etiam
1590 3656 1712 3723 sub
1739 3657 2107 3725 conditione
2140 3656 2316 3743 quod
2345 3657 2493 3722 nul-

240 3761 354 3835 lum
383 3767 694 3837 salarium
732 3763 1018 3855 recipiet.
1065 3761 1161 3829 Ex
1195 3760 1433 3851 quibus
1459 3765 1632 3851 patet
1671 3783 1872 3847 quam
1898 3762 2149 3854 diversa
2173 3760 2257 3828 sit
2289 3762 2494 3830 eccle-

240 3868 617 3945 siasticarum
658 3876 1046 3966 pensionum
1068 3925 1085 3956 ‚
1146 3892 1221 3938 ex
1267 3866 1542 3937 solemni
1594 3872 1926 3934 contractu
1974 3868 2375 3955 debitarum,
2436 3876 2498 3939 et

172 3987 179 3994 ’
242 3979 501 4053 civilium
531 3982 916 4052 salariorum
937 3978 1243 4049 conditio.

314 4091 374 4157 4⁰
416 4090 668 4160 Erravit
710 4089 1014 4166 dominus
1052 4086 1286 4172 Emery
1336 4081 1634 4174 ponendo
1672 4078 2074 4168 principium
2123 4101 2200 4145 ea:
2231 4103 2358 4169 quo
2389 4106 2498 4148 se·-

245 4211 525 4280 queretur
542 4220 674 4265 non
695 4196 909 4263 minas
934 4192 1208 4262 exitiale
1226 4212 1429 4281 quam
1449 4207 1792 4254 erroneum
1810 4184 2302 4253 consectarium.
2329 4188 2496 4253 Nam

246 4306 537 4385 praedictae
583 4304 916 4396 pensiones
957 4301 1059 4367 vel
1104 4304 1257 4366 sunt
1309 4298 1558 4363 bonum
1610 4293 1906 4363 Ecclesiae
1953 4294 2250 4363 debitum
2298 4297 2361 4357 et
2421 4287 2534 4349 ad'

246 4401 567 4482 Ecclesiam
598 4412 946 4503 pertinens,
980 4407 1081 4474 vel
1112 4426 1239 4472 nou
1278 4429 1291 4471 ε
1328 4404 1381 4470 si
1409 4400 1613 4491 priuS,
1648 4425 1801 4491 ergo
1838 4409 1991 4471 sunt
2019 4403 2269 4468 bonum
2300 4388 2501 4458 ecclc-

2156 4514 2221 4558 Μ
