2930 4982
1134 317 1215 365 nt.
1258 316 1591 367 cssl'fflus·
2380 311 2500 369 371

240 433 498 510 diacono
519 458 673 518 suo,
704 436 811 505 vel
815 437 1220 529 proeposito,
1247 437 1356 506 vel
1370 437 1513 507 alio
1536 436 1651 528 qui
1662 447 1819 528 post
1836 437 2246 530 Episcopum
2266 442 2508 532 proesit

238 541 535 632 capitulo.
568 544 647 612 Si
675 567 826 611 vero
869 557 1134 613 statuat
1165 567 1367 636 super
1403 543 1489 611 iis
1539 564 1685 634 quoe
1710 566 1845 612 non
1888 556 2177 635 tanqunt
2227 546 2510 637 Episco-

231 668 407 737 pum,
450 647 558 715 vel
603 661 864 718 statum
903 649 1217 731 ecclesiae,
1265 648 1383 718 sed
1426 672 1552 719 sua
1578 648 1957 739 sinqularia
1990 650 2261 740 neqotia
2306 652 2505 743 (puta

235 752 397 845 quod
413 756 599 823 certis
618 754 830 824 modis
845 755 1270 847 quotidianas
1288 755 1719 825 obventiones
1746 754 2185 839 distribuant,
2206 756 2308 825 vel
2330 757 2511 848 quod

237 870 392 924 certo
434 858 628 927 modo
662 859 756 929 ad
789 861 1173 952 capitulum
1212 874 1531 931 vocentur
1565 883 1587 928 .·
1608 872 1792 951 puta
1814 882 1944 953 per
1988 861 2197 929 talem
2234 883 2507 954 campa-

235 982 406 1042 nam,
450 962 560 1029 vel
595 963 735 1031 alio
778 962 1021 1031 modo:
1064 962 1171 1031 vel
1222 963 1401 1054 quod
1436 963 1627 1031 certis
1672 961 2084 1053 temporibus
2126 960 2330 1030 etiam
2378 986 2511 1031 non

235 1068 442 1136 vocati
464 1070 741 1137 veniant
782 1068 877 1137 ad
897 1070 1302 1161 capitulum,
1338 1069 1443 1138 vel
1471 1069 1573 1137 Itis
1601 1069 1907 1152 similia),
1945 1068 2114 1137 satis
2124 1079 2353 1159 potest
2376 1067 2509 1137 dici

231 1172 401 1264 quod
442 1196 642 1266 super
677 1174 781 1243 Itis
820 1176 1235 1267 tenetipsius
1269 1176 1553 1267 capituli
1565 1175 1953 1247 constitutio
1991 1174 2133 1243 sine
2157 1173 2512 1267 Episcopo,

231 1277 390 1346 alias
416 1280 608 1349 licita
636 1293 708 1348 et
722 1282 1047 1373 leqitima.
1133 1320 1150 1335 ·

305 1392 490 1464 Hanc
526 1397 811 1486 glossam
843 1397 1048 1488 accipi
1089 1402 1232 1464 tum
1263 1418 1302 1463 a
1331 1395 1518 1482 Rota,
1556 1402 1699 1463 tum
1739 1394 2180 1463 communiter
2208 1418 2246 1463 a
2282 1395 2511 1464 docto-

228 1501 393 1569 ribus
434 1501 706 1570 advertit
755 1502 1024 1572 Rubeus
1074 1503 1144 1570 in
1185 1523 1309 1570 suo
1338 1522 1532 1593 opere
1563 1502 1672 1570 cui
1705 1500 1934 1569 titulus
1980 1500 2382 1591 Sinqularia
2433 1525 2514 1570 eoe

228 1609 396 1693 Rotce
462 1607 905 1677 decisionibus
961 1610 1163 1703 (parte
1229 1610 1297 1692 5,
1373 1610 1454 1676 ad
1524 1608 1809 1676 ‘verbum
1876 1607 2139 1691 Glossa‚
2206 1615 2367 1678 tom.
2428 1608 2511 1695 ll,

231 1735 362 1805 pag.
406 1716 583 1795 528,-
608 1715 1054 1796 θάἰῐωΒοωω,
1092 1715 1329 1806 1637);
1363 1737 1439 1784 ex
1490 1736 1618 1804 qua
1659 1715 1870 1802 glossa
1901 1713 2250 1804 praedictus
2286 1719 2513 1782 auctor

228 1825 550 1911 tamquam
575 1821 871 1911 regulam
897 1823 1269 1890 concludit:
1313 1847 1348 1886 α
1368 1821 1558 1902 Quod
1593 1819 1955 1911 capitulum
1988 1841 2120 1887 non
2150 1826 2354 1911 potest
2374 1827 2503 1889 sta-

242 1952 269 1990 «
292 1933 480 1996 inere
528 1929 671 1996 sine
730 1929 1047 2021 Episcopo
1095 1928 1167 1994 in
1193 1984 1196 1985 γ
1225 1927 1702 2016 pertinentibus
1762 1926 1844 1992 ad
1907 1932 2145 1992 statum
2197 1927 2510 2007 ecclesiae‚

238 2058 267 2097 t<
309 2056 491 2104 secus
509 2036 583 2102 in
604 2057 739 2103 non
757 2033 1196 2127 spectantibus
1213 2034 1296 2134 ad
1317 2032 1711 2124 Episcopum
1731 2031 1831 2099 vel
1859 2035 2099 2098 statum
2142 2033 2447 2100 ecclesiae.
2476 2056 2507 2092 »

1351 2272 1407 2330 11

782 2425 949 2475 Sacrae
984 2425 1123 2475 Rotae
1157 2421 1394 2474 Romanae
1421 2423 1704 2473 decisiones
1737 2424 1904 2472 variae.

314 2593 691 2683 Explorati
704 2593 888 2684 juris
928 2605 1024 2661 est
1055 2591 1436 2684 capitulum
1455 2613 1658 2683 posse
1685 2600 1976 2658 statuere
2002 2612 2201 2681 super
2236 2590 2337 2658 lzis
2365 2613 2514 2682 qua»

232 2696 323 2764 ad
360 2699 579 2787 ipsum
610 2700 976 2789 pertinent.
1028 2700 1236 2791 (Rota,
1287 2699 1529 2767 decisio
1567 2698 1725 2777 707,
1773 2718 1989 2766 coram
2022 2695 2410 2787 Seraphim,
2447 2699 2514 2763 in

233 2821 428 2867 causa
447 2802 775 2889 ilerdensi,
805 2804 891 2873 30
916 2805 1193 2873 octobris
1223 2803 1451 2893 1585.)

322 2904 505 2971 Licet
541 2906 841 2994 capitula
880 2909 1300 2975 ecclesiarum
1339 2930 1537 2998 super
1571 2907 1672 2974 Itis
1715 2931 1861 2998 quae
1923 2915 2216 2996 tanqunt
2250 2907 2519 2996 neqotia

232 3034 351 3079 sua
373 3010 777 3101 sinqularia‚
794 2999 975 3102 puta
1001 3013 1179 3102 quod
1204 3014 1396 3080 certis
1419 3012 1631 3080 modis
1656 3013 2065 3102 quotidianae
2098 3011 2518 3080 obventiones

236 3116 751 3205 distribuantur,
798 3119 909 3186 vel
950 3117 1133 3209 quod
1168 3131 1342 3185 certo
1384 3117 1578 3185 modo
1628 3116 1719 3184 ad
1759 3121 2133 3210 capitulum
2175 3130 2515 3197 vocentur,

236 3221 337 3288 vel
355 3221 465 3290 bis
485 3223 739 3293 similia
761 3237 1028 3293 statuta
1050 3224 1322 3294 condere
1336 3224 1598 3315 possint
1611 3245 1642 3307 ,·
1661 3225 1802 3292 sine
1826 3226 2139 3317 Episcopi
2160 3239 2382 3294 tamen
2416 3227 2522 3293 vel

237 3328 441 3417 Papoe
486 3331 886 3399 auctoritate
939 3355 1074 3400 non
1101 3343 1392 3423 possunt
1441 3330 1838 3398 constituere
1887 3330 2150 3420 aliquid
2182 3332 2352 3400 circa
2391 3331 2518 3399 illa

240 3456 377 3523 quoe
421 3443 714 3526 tanqunt
751 3440 1051 3527 qenerale
1091 3451 1423 3507 statutum
1460 3437 1553 3529 (1)
1581 3437 1892 3523 ecclesiae,
1937 3437 2373 3529 Episcopum,
2407 3440 2517 3504 vel

241 3540 370 3629 ejus
428 3542 619 3631 jura.
695 3542 903 3633 (Rota,
971 3546 1168 3613 decis.
1230 3545 1343 3624 39,
1416 3565 1637 3612 coram
1707 3544 1950 3636 Pegna,
2017 3546 2089 3612 in
2151 3565 2344 3612 causa
2400 3542 2522 3609 Bo·

241 3645 465 3733 biensi,
499 3649 540 3716 8
559 3649 715 3738 julii
746 3647 971 3738 1589.)

321 3753 503 3821 Licet
533 3754 838 3845 capitula
867 3765 935 3821 et
959 3753 1258 3821 canonici
1282 3754 1538 3845 possint
1563 3756 1784 3845 facere
1817 3765 2080 3823 statuta
2121 3754 2263 3823 sine
2294 3763 2522 3818 aucto-

243 3860 437 3926 ritate
456 3860 838 3950 superioris,
868 3860 1327 3927 concernentia
1354 3882 1478 3927 sua
1510 3859 1889 3951 sinqu'laria
1919 3860 2210 3951 neyotia‚
2245 3878 2381 3926 non
2411 3868 2524 3922 ta·-

244 3987 385 4032 men
410 3978 688 4057 possunt
727 3978 1020 4034 statuere
1063 3989 1258 4057 super
1284 3978 1473 4035 statu
1513 3968 1794 4036 ecclesioe
1828 3969 1967 4037 sine
2008 3987 2320 4033 consensu
2350 3963 2523 4054 Epi-

245 4072 493 4162 scopi...
525 4073 622 4139 Et
659 4072 799 4161 fuit
827 4072 1112 4140 decisum
1142 4072 1211 4139 in
1237 4096 1437 4140 causa
1477 4073 1826 4152 Ilerdensi‚
1863 4074 1902 4140 3
1935 4069 2285 4139 decembris
2316 4071 2519 4146 1593,

250 4198 462 4245 coram
498 4177 826 4262 Garduba,
864 4190 928 4247 et
958 4178 1028 4247 in
1059 4202 1256 4246 causa
1292 4181 1590 4256 Lucana,
1627 4177 1712 4245 23
1739 4175 2097 4267 februarii,
2132 4189 2195 4244 et
2220 4177 2261 4245 9
2291 4173 2522 4266 aprilis

316 4377 375 4438 (1)
408 4376 654 4427 Putamus
675 4373 945 4437 legendum
978 4370 1407 4438 esseyeneralem
1436 4372 1648 4420 statum.
