2930 4982
365 349 443 404 28
1337 361 1679 408 TRAGTATUS

460 479 735 547 «Altius
763 480 968 568 igitur
993 503 1191 571 quam
1244 482 1638 572 scriptorum
1675 483 1876 571 vulgo
1928 484 2131 552 fertur
2186 484 2641 554 canonicorum

372 612 403 646 «
431 585 611 673 origo
639 586 932 654 ducenda
957 594 1070 654 est.
1102 587 1288 655 Unde
1311 593 1527 655 autem
1557 586 1683 655 nisi
1711 609 1785 654 ex
1813 589 2046 678 primis
2078 590 2208 657 illis
2231 591 2636 681 presbyteris,

370 710 591 778 «quos
632 690 919 781 Apostoli
950 692 1540 782 Apostolorumque
1581 692 1886 783 discipuli
1927 695 2057 762 illis
2085 716 2245 785 quas
2287 694 2646 764 fundabant

368 821 401 858 <a
429 795 738 883 ecclesiiS,
773 797 957 864 initio
1006 798 1222 866 statim
1274 799 1780 888 praefecerunt...
1829 798 2017 867 Hisce
2059 801 2391 867 enimvero
2440 803 2644 892 majo-

368 927 400 963 κ
432 902 612 968 ribus
644 904 846 969 nostri
871 904 996 970 orti
1034 909 1189 970 sunt
1216 904 1553 986 canonici3
1597 925 1672 970 ex
1698 904 1878 971 hisce
1904 910 2078 974 recta
2115 906 2292 979 ,linea
2316 905 2645 973 descendit

368 1031 399 1067 «
429 1012 792 1074 nostrarum
825 1009 1295 1077 cathedralium
1329 1011 1753 1077 ecclesiarum
1788 1011 2030 1090 clerus;
2081 1012 2152 1078 in
2192 1032 2418 1078 eorum
2461 1032 2643 1100 pres-

366 1138 399 1174 «
436 1111 834 1200 hyteriorum
865 1114 1111 1197 locum,
1141 1122 1511 1183 nostrorum
1538 1120 1912 1205 temporum
1943 1139 2299 1184 successere
2327 1118 2633 1206 capitula.

365 1246 396 1279 «
435 1216 617 1295 Quod
648 1220 701 1284 si
732 1225 1102 1309 temporum
1131 1221 1315 1310 lapsu
1347 1228 1538 1310 atque
1561 1223 1842 1289 decursu
1870 1244 2002 1290 non
2033 1222 2383 1289 minimam
2411 1221 2641 1310 capitis

364 1350 396 1385 <a
434 1323 938 1391 diminutionem
958 1347 1141 1415 passa
1161 1331 1336 1408 sunt,
1364 1326 1418 1392 si
1442 1347 1477 1391 e
1503 1346 1619 1392 suo
1648 1326 2020 1416 principatu
2046 1326 2314 1414 dejecta,
2339 1327 2393 1393 si
2417 1327 2483 1393 in
2510 1348 2643 1394 ser-

362 1455 396 1491 «
427 1429 696 1496 vitutem
725 1430 1025 1514 adducta,
1059 1452 1190 1498 non
1231 1453 1462 1520 genuS,
1499 1431 1608 1498 sed
1640 1431 1899 1499 fortuna
1939 1453 2170 1499 eorum
2207 1431 2394 1499 desiit
2422 1432 2643 1522 digni—

364 1558 397 1594 «
426 1533 536 1600 tati
593 1532 706 1624 (l).
762 1534 895 1603 Nec
940 1537 1118 1604 varia
1168 1537 1315 1604 vitae
1368 1559 1606 1626 genera
1667 1538 2206 1625 mutationesque,
2258 1557 2377 1604 nec
2442 1543 2644 1606 status

361 1642 892 1720 «conversiones,
917 1663 1036 1708 nec
1086 1663 1313 1709 rerum
1363 1647 1865 1731 temporumque
1907 1640 2363 1709 inclinationes
2388 1641 2643 1711 efficere

362 1770 394 1805 «
425 1767 715 1834 unquam
742 1753 1033 1836 possunt,
1086 1750 1310 1837 utqui
1357 1750 1483 1816 orti
1531 1754 1683 1816 sunt
1718 1770 1796 1816 ex
1844 1747 2039 1838 stirpe
2069 1748 2540 1836 antiquissima,
2591 1749 2643 1816 ii

360 1877 393 1913 «
431 1852 723 1940 ejusdem
765 1854 980 1943 stirpis
1027 1876 1101 1921 ac
1160 1856 1418 1942 generis
1487 1877 1622 1922 esse
1672 1855 1988 1922 desinant.
2042 1852 2137 1921 De
2178 1853 2641 1921 canonicorum

360 1981 392 2018 «
424 1956 624 2044 igitur
644 1959 907 2048 Juribus
955 1960 1368 2051 disputaturi,
1403 1962 1486 2028 ab
1514 1962 1879 2051 apostolicis
1905 1960 2036 2027 illis
2074 1959 2459 2050 presbyteris
2491 1981 2639 2026 cur-

360 2089 394 2125 «
421 2084 568 2129 sum
598 2066 1042 2153 auspicemur,
1069 2088 1143 2133 ac
1172 2089 1288 2156 per
1315 2089 1540 2135 omnes
1569 2087 1796 2134 eorum
1823 2068 2297 2134 vicissitudines
2321 2089 2639 2155 casusque

360 2193 393 2231 «
425 2169 888 2255 discurramus,
917 2172 1122 2241 donec
1150 2173 1229 2240 ad
1261 2174 1559 2262 sequiora
1581 2175 1722 2241 haec
1753 2181 1965 2241 nostra
1996 2173 2232 2240 saecula
2251 2179 2636 2262 perventum

356 2299 390 2336 «
422 2274 688 2342 fuerit.»
719 2276 954 2368 (Politi,
977 2278 1516 2370 Jurisprudentia
1548 2278 1983 2347 ecclesiastica
2007 2279 2340 2364 universa,
2372 2277 2632 2366 tom.V,

348 2387 575 2468 quaest.
615 2381 678 2468 1,
703 2407 852 2473 pag.
887 2385 954 2464 2,
988 2386 1140 2452 edit.
1183 2385 1414 2453 Venet.
1455 2385 1683 2473 1790.)

434 2484 577 2564 Quo
602 2487 672 2553 in
718 2495 1120 2557 antecessum
1161 2489 1485 2571 adnotato,
1516 2489 1744 2555 citatus
1776 2496 2000 2555 auctor
2047 2494 2253 2554 varios
2292 2486 2633 2554 canonico-

345 2613 499 2657 rum
539 2598 736 2660 status
784 2596 1085 2663 historice
1113 2596 1456 2682 distinguit
1484 2594 1606 2661 hoc
1643 2595 1833 2662 modo
1867 2618 1883 2661 ε

431 2697 696 2765 Primus
766 2709 979 2766 status
1031 2723 1055 2765 .·
1103 2701 1165 2766 A
1227 2699 1441 2789 primo
1491 2698 1747 2766 exordio
1804 2700 2225 2767 ecclesiarum
2283 2720 2490 2787 usque
2548 2699 2631 2765 ad

344 2824 596 2872 annum
642 2804 753 2888 61,
806 2827 937 2894 quo
981 2826 1231 2895 coepere
1273 2803 1575 2894 Episcopi
1621 2802 1973 2872 dioecesani
2012 2804 2295 2873 ecclesiis
2347 2802 2628 2894 praefici,

345 2910 848 2979 christianorum
918 2912 1115 2980 coetui
1185 2910 1451 2978 cuilibet
1516 2916 1785 3001 praeerat
1839 2913 2340 2979 constitutorum
2397 2910 2490 2977 ibi
2549 2909 2633 2977 ab

341 3016 669 3105 Apostolis
745 3017 1272 3107 presbyterorum
1327 3016 1699 3105 collegium.
1770 3014 1874 3083 Illi
1939 3039 2175 3108 nempe
2230 3017 2582 3107 presbyteri
2610 3067 2627 3095 ,

341 3120 643 3189 divinum
689 3122 1111 3191 Eucharistiae
1150 3121 1549 3196 ,sacrificium
1590 3122 2027 3211 celebrabant,
2074 3129 2472 3191 sacramenta
2503 3123 2632 3188 mi-

342 3228 728 3307 nistrabant,
777 3227 1202 3297 concionibus
1242 3234 1304 3295 et
1339 3228 1781 3296 catechesibus
1809 3229 2147 3311 vacabant,
2181 3234 2243 3294 et
2270 3250 2422 3295 cum
2451 3226 2629 3293 fideli

264 3368 268 3372 ·
345 3334 579 3424 populo
607 3357 853 3402 sacram
883 3334 1158 3423 agebant
1182 3333 1252 3400 in
1277 3334 1547 3425 hymnis
1577 3340 1640 3401 et
1666 3333 1937 3402 canticis
1965 3332 2431 3425 spiritualibus
2459 3331 2629 3420 psal-

339 3441 652 3509 modiam.
690 3441 795 3509 Ab
825 3443 905 3509 iis
937 3463 1129 3531 porro
1168 3442 1518 3531 primitivis
1547 3441 1957 3532 presbyteris,
2004 3441 2325 3509 existimat
2354 3439 2626 3525 Politus,

338 3548 519 3614 nulla
590 3535 903 3637 unquam*
964 3549 1329 3638 interrupta
1406 3548 1808 3616 successione
1836 3597 1856 3626 ,
1947 3546 2293 3614 canonicos
2373 3545 2629 3613 exordia

339 3654 716 3743 sumpsisse.
851 3651 859 3658 ’
1473 3658 1475 3660 ’

428 3757 759 3845 Secundus
776 3769 1006 3828 ‘status
1043 3786 1066 3827 .·
1110 3747 1143 3824 ‘«
1171 3759 1408 3853 Incipit
1430 3759 1512 3827 ab
1544 3780 1716 3826 anno
1741 3758 1855 3839 61,
1890 3782 2020 3849 quo
2048 3760 2373 3826 decretum
2403 3757 2527 3824 fuit
2557 3762 2626 3823 ut

344 3887 376 3927 α
411 3861 931 3952 presbyterorum
949 3890 1124 3935 unus
1150 3869 1392 3936 caeteris
1419 3868 1874 3956 praeficeretur,
1909 3865 2022 3952 qui
2043 3862 2443 3930 dioecesanus
2469 3860 2626 3951 Epi-

400 4105 466 4164 (1)
499 4102 694 4154 Nimius
722 4108 774 4155 in
811 4106 907 4156 hoc
940 4107 1050 4157 loco
1089 4108 1275 4157 citatus
1309 4108 1485 4156 auctor
1512 4126 1523 4154 ι
1549 4105 1683 4169 quod
1720 4109 1858 4157 enim
1887 4118 1919 4155 a
1947 4106 2110 4170 prisca
2135 4107 2408 4157 eminentia
2429 4108 2479 4153 et
2501 4115 2625 4166 prae-

332 4184 672 4245 rogativarum
699 4183 1030 4250 amplitudine
1066 4189 1312 4250 tantisper
1345 4186 1619 4238 defecerint
1656 4187 1896 4249 capitula,
1937 4186 1989 4235 id
2015 4199 2117 4236 non
2148 4185 2363 4236 fortunae
2391 4184 2624 4234 tribuen-

331 4264 456 4315 dum
476 4301 489 4324 ,
521 4264 610 4314 sed
641 4268 1008 4328 sapientissimo
1052 4279 1251 4329 semper
1280 4270 1334 4315 et
1372 4280 1639 4329 nunquam
1676 4278 1780 4316 non
1809 4264 2063 4315 laudando
2095 4264 2328 4314 Ecclesiae
2358 4265 2621 4325 regimini,

328 4357 440 4406 quae
469 4357 559 4407 pro
584 4349 869 4409 temporum
899 4348 1095 4395 ratione
1117 4345 1392 4408 disciplinae
1415 4346 1712 4416 universalis
1730 4344 1928 4406 regulas
1951 4343 2152 4393 modern
2162 4347 2243 4393 tur
2265 4348 2418 4407 atque
2442 4347 2622 4393 attem-

330 4431 492 4484 perat.
