2930 4982
1252 358 1331 404 DE
1376 354 1705 404 culmus.
2496 342 2619 402 379

332 477 539 547 ductis
567 478 808 544 iterum
844 477 1071 544 multis
1108 475 1618 558 auetoritatibuS,
1651 473 1742 542 sic
1776 476 1988 565 pergit
2012 473 2319 543 laudatus
2348 483 2619 545 auctor:

333 598 376 648 ἰ(
418 581 821 672 possuntque
879 582 1202 666 canonici,
1254 583 1501 671 absque
1561 580 1689 647 alia
1728 579 2052 666 facultate,
2097 585 2377 649 statuere
2430 603 2627 672 super

344 715 378 754 «
422 688 1223 777 divisione'oblationum3
1270 688 1446 756 circa
1493 686 1969 755 ordinationem
2020 686 2201 756 chori
2248 693 2312 755 et
2351 688 2621 756 modum

342 821 377 859 ι(
419 794 850 863 distribuendi
897 795 1110 862 officia
1166 795 1336 862 inter
1377 793 1804 886 capitulares3
1865 792 2146 881 quande,
2201 816 2331 883 quo
2379 794 2519 866 loco
2563 801 2626 863 et

341 927 376 966 (ι
411 901 737 990 quomodo
761 901 1036 970 debeant
1060 901 1439 990 congregari
1462 923 1479 981 3
1509 922 1639 989 quo
1665 903 1848 990 pacto
1865 896 1955 965 ibi
1978 897 2360 987 suffragium
2386 899 2620 983 terant;

337 1033 377 1073 «
421 1030 551 1096 quo
581 1009 812 1075 ordine
841 1007 1085 1091 sedere,
1116 1014 1181 1075 et
1207 1029 1368 1096 quas
1396 1012 1601 1074 vestes
1651 1004 1946 1072 chorales
1977 1003 2227 1072 deferre
2260 1004 2532 1074 debeant
2555 1006 2621 1074 in

339 1138 378 1176 α
416 1113 725 1203 capitulo.
1189 1133 1194 1139 '

439 1245 475 1283 «
514 1219 728 1308 Atque
763 1219 991 1286 iisdem
1030 1219 1358 1287 canonicis
1382 1218 1668 1285 liberum
1715 1221 1809 1283 est
1862 1215 2240 1305 hujusmodi
2287 1223 2520 1284 statuta
2570 1227 2630 1285 et

339 1347 380 1386 α
428 1324 859 1391 ordinationes
891 1325 1266 1412 juramento
1307 1323 1590 1407 vallare3
1651 1344 1727 1390 ac
1756 1343 1980 1413 poenas
2010 1328 2235 1390 contra
2257 1328 2623 1413 transgres-

340 1454 378 1494 (ι
424 1450 594 1496 sores
640 1429 943 1518 adjicere,
976 1430 1335 1497 dummodo
1376 1451 1606 1496 omnes
1636 1433 1698 1495 et
1742 1427 1988 1517 singuli
2034 1427 2417 1519 capitulares
2463 1452 2623 1496 con·

339 1560 378 1601 α
419 1537 713 1603 sentiant.

430 1667 466 1706 «
512 1639 644 1708 Nec
674 1646 890 1728 urget,
922 1640 978 1707 si
1022 1640 1278 1707 dicatur
1322 1640 1585 1707 nullum
1636 1661 1875 1731 corpus
1911 1640 2047 1707 sive
2072 1638 2421 1730 collegium
2450 1663 2632 1732 posse

338 1772 376 1811 «
415 1747 665 1836 aliquid
702 1746 1046 1814 decernere
1074 1745 1212 1814 sine
1254 1768 1371 1814 suo
1393 1747 1599 1838 capite
1643 1746 2014 1837 principali,
2050 1750 2124 1813 ut
2165 1745 2526 1816 desumitur
2553 1769 2628 1816 ex

340 1880 378 1919 ε(
425 1853 634 1944 capite
685 1853 856 1919 Cum
897 1862 1086 1933 esset,
1126 1851 1208 1919 de
1233 1853 1494 1919 constit.
1527 1872 1555 1934 ;
1585 1874 1736 1919 nam
1765 1853 1890 1919 hoc
1919 1853 2304 1941 intelligitur
2332 1854 2403 1922 in
2434 1854 2629 1922 rebus

339 1987 379 2026 a
425 1960 857 2049 gravioribuS,
891 1959 1112 2025 nonin
1140 1958 1513 2025 minoribus
1539 1958 1881 2026 insinuatis
1909 1965 1972 2025 et
1994 1959 2349 2041 similibus,
2383 1961 2453 2026 in
2484 1963 2626 2048 qui·

341 2092 378 2130 «
426 2065 548 2133 bus
578 2063 939 2154 capitulum
972 2067 1066 2130 est
1095 2061 1476 2129 distinctum
1510 2061 1590 2127 ab
1617 2060 1958 2151 Episcopo.

438 2197 473 2234 α
518 2171 731 2259 Atque
771 2168 1078 2260 praedicta
1109 2167 1378 2258 capituli
1418 2174 1481 2235 et
1505 2168 1978 2236 canonicorum
2015 2170 2358 2236 auctoritas
2390 2170 2630 2256 hujus-—

351 2301 388 2339 «
426 2275 600 2341 modi
648 2279 877 2341 statuta
931 2281 991 2341 et
1029 2275 1282 2341 decreta
1315 2274 1665 2356 condendi,
1712 2272 2000 2363 procedit
2032 2280 2162 2340 tam
2229 2274 2307 2340 de
2340 2272 2667 2340 canonicis

343 2409 381 2446 «
433 2381 784 2470 collegiatae
813 2402 1011 2469 quam
1040 2380 1420 2449 cathedralis
1456 2380 1762 2448 ecclesiae.

436 2516 471 2554 «
518 2485 915 2578 Hujusmodi
944 2494 1154 2554 tamen
1197 2487 1453 2556 decreta
1485 2510 1619 2554 non
1666 2484 1994 2553 inducunt
2021 2490 2411 2576 perpetuum
2436 2493 2634 2554 statu·

348 2621 381 2659 α
428 2602 570 2662 tum
605 2596 673 2662 in
700 2616 1112 2678 successoreS,
1141 2594 1252 2661 sed
1282 2594 1575 2683 obligant
1607 2593 2063 2661 tantummodo
2100 2599 2472 2673 statuenteS‚
2506 2594 2632 2661 nisi

351 2727 386 2765 α
432 2701 528 2769 illi
554 2703 627 2768 in
655 2724 880 2770 eorum
908 2703 1274 2791 receptione
1291 2701 1657 2790 juraverint
1682 2700 2045 2768 observare.

446 2831 481 2868 a
525 2807 898 2895 Capitulum
936 2830 1067 2874 non
1105 2813 1310 2896 potest
1359 2809 1440 2875 ab
1480 2808 1803 2898 Episcopo
1847 2807 2090 2895 privari
2137 2811 2283 2872 ante
2329 2803 2496 2871 dicta
2545 2804 2636 2869 fa-

290 2909 293 2912 ’
357 2936 392 2973 «
441 2909 674 2978 cultate
720 2912 1037 2977 statuendi
1087 2913 1260 2978 circa
1286 2913 1585 2996 minora3
1635 2935 1755 2981 nec
1776 2916 1915 3003 jam
1944 2913 2111 2981 edita
2139 2916 2369 2980 statuta
2398 2908 2635 2978 similia

301 3013 304 3020 ”
353 3043 388 3081 «
430 3016 685 3083 auferre
718 3016 945 3107 (potest
967 3016 1377 3106 Episcopus),
1409 3019 1537 3084 nisi
1589 3019 1829 3085 fuerint
1855 3018 2300 3087 ecclesiasticis
2327 3016 2637 3085 institutis

352 3149 386 3188 α
432 3123 778 3190 contraria.

441 3252 476 3291 «
521 3226 613 3294 De
645 3226 749 3293 his
793 3232 1012 3294 tamen
1059 3227 1334 3295 decretis
1385 3232 1447 3295 et
1494 3226 2014 3295 ordinationibus
2062 3228 2309 3294 bonum
2356 3230 2499 3311 erit,
2553 3228 2632 3294 ad

353 3361 386 3398 ι(
432 3334 744 3421 majorem
796 3331 1211 3421 obligationis
1254 3354 1522 3419 nexum,
1576 3340 1789 3424 petere
1848 3333 1931 3399 ab
1981 3332 2294 3424 Episcopo
2337 3334 2632 3424 ipsorum

354 3464 387 3501 ς(
433 3435 1015 3525 confirmationem,
1074 3440 1223 3508 licet
1277 3462 1409 3509 non
1458 3441 1540 3508 sit
1569 3441 1647 3509 de
1693 3442 2080 3510 necessitate.
2121 3439 2210 3509 Ita
2256 3440 2489 3510 Suarez
2518 3441 2634 3528 (De

352 3572 386 3608 ι(
431 3544 710 3635 leqibzes,
740 3544 790 3630 l,
820 3547 862 3614 4
891 3597 909 3628 ,
938 3567 996 3611 o.
1034 3544 1124 3636 6).

445 3679 479 3717 «
517 3650 797 3719 Possunt
841 3651 1034 3720 etiam
1080 3652 1379 3719 canonici
1427 3652 1669 3742 absque
1724 3654 1890 3721 scitu
1942 3653 2271 3744 Episcopi,
2309 3652 2389 3720 de
2423 3672 2531 3742 per
2570 3673 2635 3715 se

354 3785 390 3823 «
426 3764 733 3825 statutum
782 3758 949 3825 ferre
1000 3758 1170 3826 circa
1218 3780 1293 3825 ea
1341 3780 1490 3847 quae
1531 3760 1610 3825 de
1639 3762 1786 3849 jure
1839 3762 2180 3828 communi
2218 3760 2637 3850 reperiuntur

360 3891 394 3929 «
435 3863 769 3954 disposita,
827 3863 1194 3931 innovando
1240 3863 1530 3947 canonis,
1581 3864 1712 3931 sive
1768 3865 2113 3955 pontificiae
2164 3863 2638 3931 constitutionis

356 3994 389 4035 «
430 3970 925 4037 ordinationem.
979 3965 1060 4038 Et
1103 3964 1672 4059 licetquibusdam
1717 3971 2010 4039 videatur
2058 3971 2182 4037 tale
2212 3975 2521 4038 statutum
2554 3969 2633 4037 ad

360 4102 394 4140 «
442 4076 724 4143 nihilum
767 4077 978 4144 valere
1022 4082 1083 4143 et
1129 4077 1363 4145 frustra
1412 4077 2253 4167 occuparemembranam‚
2293 4077 2387 4144 nil
2412 4069 2635 4144 'secius

360 4208 393 4247 a
440 4182 718 4250 arbitror
756 4204 887 4262 non
924 4206 1058 4252 esse
1085 4184 1439 4251 dicendum
1476 4201 2032 4271 supervacaneum
2069 4204 2391 4273 :namque
2417 4201 2637 4270 opera-

329 4312 391 4352 «‹
435 4292 545 4354 tur
567 4288 816 4378 prinw,
871 4290 1046 4377 quod
1091 4289 1284 4356 multi
1337 4288 1693 4355 nescientes
1714 4288 1831 4376 jus
1875 4299 2250 4370 commune,
2303 4287 2636 4355 audientes

357 4417 394 4458 ι(
440 4398 751 4463 statutum
800 4394 891 4463 sic
922 4391 1297 4485 disponens,
1334 4394 1500 4463 illud
1543 4379 1904 4467 addiscunt.
1943 4394 2270 4476 Secundo,
2304 4392 2451 4481 plus
2480 4389 2637 4454 solet
