2930 4982
380 340 460 396 86
1357 344 1696 393 ‘rnAcrArus

466 466 590 535 Pro
652 464 968 533 sententia
1026 468 1241 532 tamen
1301 467 1579 551 negante
1631 466 1879 530 exstant
1927 460 2070 530 aliae
2124 462 2530 532 auctoritates
2581 464 2669 536 ita

376 573 701 659 decisivae,
741 577 815 638 ut
858 592 1050 639 causa
1076 571 1216 660 jam
1245 574 1558 656 tanquam
1605 568 1790 635 finita
1817 566 2044 634 haberi
2075 566 2323 636 debeat.
2359 568 2670 661 Inprimis

380 686 595 749 autem
612 678 885 746 celebris
899 675 1232 767 responsio
1250 673 1614 742 lnnocentii
1635 673 1718 741 lll
1735 674 1811 742 ad
1835 672 2225 741 Auriensem
2243 673 2665 768 Episcopum,

381 808 525 877 quae
547 785 945 876 reperiturin
966 782 1247 873 Corpore
1254 781 1667 873 juris(capite
1679 781 1876 849 unico
1886 778 1966 847 de
1981 779 2376 873 Scrutinio),
2401 787 2671 873 etquam

383 894 453 962 in
464 893 947 962 continuatione
956 890 1314 957 Annalium
1323 888 1584 956 Baronii
1598 886 2164 975 refertRaynaldus
2177 887 2277 979 (ad
2290 910 2446 957 ann.
2469 892 2493 957 1
2508 890 2666 970 206,

384 1009 456 1067 n⁰
486 998 596 1089 36)
628 998 731 1064 his
757 996 1012 1064 verbis:
1058 1020 1092 1060 «
1131 994 1499 1075 Quaesivisti
1531 1015 1646 1084 per
1672 994 1892 1061 sedem
1916 993 2356 1083 Apostolicam
2381 995 2663 1083 edoceri,

391 1128 428 1169 «
475 1108 548 1170 ut
571 1123 723 1169 cum
749 1100 1047 1191 Episcopi
1075 1100 1155 1167 ad
1185 1099 1695 1168 consecrationes
1730 1097 2197 1189 Episcoporum
2223 1099 2305 1166 ab
2332 1098 2671 1192 Archiepi-

397 1234 431 1273 «
482 1229 676 1298 scopo
730 1228 847 1274 suo
896 1206 1000 1272 vel
1045 1206 1240 1273 etiam
1298 1204 1424 1272 alio
1480 1209 1854 1284 evocentur,
1912 1207 1977 1270 et
2024 1203 2150 1293 ipsi
2187 1207 2673 1297 metropolitano

394 1338 430 1379 «
472 1314 750 1381 electum
793 1311 1065 1379 offerant
1107 1310 1649 1389 consecrandum,
1699 1308 2013 1394 dicentes,
2063 1309 2409 1378 reverende
2447 1324 2673 1402 pater,

398 1444 432 1483 «
470 1414 785 1507 postulat
812 1427 1046 1483 sancta
1074 1417 1288 1484 Mater
1317 1415 1618 1483 Ecclesia
1655 1414 1833 1481 hunc
1862 1412 2145 1481 electum
2172 1414 2244 1482 in
2269 1416 2678 1509 Episcopum

399 1549 433 1589 α
474 1521 863 1609 consecrari,
893 1527 956 1589 et
983 1521 1420 1611 interrogante
1448 1520 1975 1611 Archiepiscopo,
2002 1522 2056 1588 si
2084 1522 2293 1588 sciant
2323 1523 2513 1591 illum
2543 1546 2681 1594 esse
2727 1524 2738 1533 ”

399 1656 435 1695 «
476 1630 777 1718 dignum,
800 1629 1251 1719 respondeant,
1278 1628 1450 1717 quod
1471 1628 1662 1695 illum
1684 1626 1901 1695 sciunt
1919 1632 1981 1694 et
2001 1626 2275 1694 credunt
2290 1627 2527 1718 pariter
2544 1651 2683 1700 esse

403 1759 437 1801 «
482 1734 789 1821 dignum;
822 1738 885 1800 et
917 1734 1075 1801 teia
1104 1734 1520 1824 responsione
1553 1733 1936 1823 hujusmodi
1966 1755 2049 1800 ne
2078 1733 2436 1803 offenderes
2464 1737 2682 1806 homi·-

403 1867 439 1907 «
471 1862 646 1924 nem,
673 1839 882 1908 Deum
916 1841 1238 1909 existimes
1266 1839 1634 1924 offendisse,
1661 1839 2057 1930 quandoque
2091 1844 2315 1907 contra
2343 1842 2685 1910 conscien-

404 1972 437 2011 «
481 1948 643 2014 tiam
669 1947 1140 2038 respondendo,
1177 1969 1331 2015 cum
1359 1947 1546 2014 electi
1572 1946 1971 2014 conversatio
1996 1946 2353 2013 autminus
2373 1946 2537 2014 bene
2563 1948 2685 2016 tibi

406 2076 441 2116 «
487 2053 767 2140 cognita,
796 2059 909 2119 aut
928 2052 1185 2143 penitus
1206 2051 1290 2119 sit
1317 2050 1538 2141 ignota
1561 2079 1580 2140 ;
1621 2052 1902 2140 qualiter
1921 2052 1993 2117 in
2016 2050 2394 2140 hujusmodi
2414 2054 2690 2121 interro-

406 2182 442 2223 «
486 2158 856 2246 gationibus
926 2158 1098 2226 salva
1149 2158 1545 2226 conscientia
1600 2158 1813 2226 valeas
1863 2157 2251 2249 respondere
2284 2186 2302 2246 3
2369 2159 2450 2227 ad
2510 2160 2689 2250 quod

408 2286 444 2326 «
490 2261 870 2329 fraternitati
904 2268 1031 2330 tuae
1074 2261 1286 2330 taliter
1332 2262 1638 2331 duximus
1689 2262 2259 2354 respondendum:
2300 2262 2488 2343 Quod
2531 2286 2692 2332 cum

408 2390 443 2430 «
487 2389 604 2434 nos
633 2367 920 2455 aliquem
942 2368 1012 2434 in
1033 2367 1383 2436 diaconum
1402 2369 1506 2436 vel
1530 2369 1979 2460 presbyterum
1999 2390 2476 2460 promovemus,
2510 2370 2696 2460 prior

412 2497 446 2537 «
487 2470 910 2540 diaconorum
934 2472 1049 2561 qui
1078 2473 1267 2541 nobis
1292 2475 1556 2559 assistit,
1590 2476 1787 2544 dicit:
1807 2474 2202 2565 postulat...
2237 2473 2320 2539 Et
2357 2474 2547 2541 nobis
2581 2476 2698 2545 in-

414 2603 451 2642 «
495 2579 970 2667 terrogantibus
994 2578 1049 2646 si
1072 2601 1224 2647 eum
1244 2582 1619 2668 cognoverit
1637 2602 1772 2648 esse
1797 2581 2099 2668 dignum,
2129 2579 2301 2646 idem
2317 2578 2694 2669 respondet,

415 2706 450 2746 «
494 2684 666 2770 quod
692 2688 1009 2771 quantum
1046 2684 1334 2752 humana
1368 2686 1683 2772 fragilitas
1727 2706 1911 2752 nosse
1950 2684 2130 2764 sinit,
2178 2688 2241 2750 et
2270 2686 2390 2752 scit
2415 2691 2479 2753 et
2513 2689 2700 2755 testi-

415 2811 449 2852 «
500 2788 733 2857 ficatur
763 2790 951 2857 illum
988 2791 1070 2859 ad
1109 2792 1494 2882 hujusmodi
1531 2813 1697 2860 onus
1734 2813 1869 2859 esse
1902 2792 2201 2880 dignum.
2244 2792 2430 2861 Unde
2473 2793 2545 2860 in
2577 2795 2694 2862 tali

413 2919 449 2960 «
492 2896 907 2986 responsione
935 2897 1218 2987 aliquem
1243 2920 1506 2988 peccare
1530 2920 1662 2965 non
1694 2898 2049 2982 credimuS‚
2084 2898 2440 2967 dummodo
2470 2906 2697 2968 contra

416 3026 451 3066 ι(
494 3005 952 3071 conscientiam
1005 3026 1135 3073 non
1194 3006 1540 3094 loquatur3
1591 3005 1749 3093 quia
1798 3025 1933 3071 non
1986 3006 2373 3096 simpliciter
2415 3027 2479 3073 se
2527 3007 2696 3096 scire

415 3135 450 3175 «
490 3109 678 3177 illum
706 3112 927 3177 asserit
953 3133 1086 3179 esse
1118 3112 1423 3201 dignum,
1456 3111 1568 3179 sed
1603 3113 1673 3179 in
1704 3118 2029 3200 quantum
2063 3112 2351 3180 humana
2378 3113 2695 3201 fragilitas

417 3242 450 3278 «
488 3238 671 3284 nosse
707 3216 898 3304 sinit3
940 3238 1093 3284 cum
1136 3217 1328 3285 illum
1365 3239 1563 3306 quem
1594 3217 1949 3306 indignum
1984 3239 2120 3285 esse
2164 3240 2296 3286 non
2332 3220 2541 3304 novit,
2582 3219 2697 3287 di-

415 3347 451 3385 «
492 3343 699 3408 gnum
741 3323 965 3390 debeat
1004 3328 1342 3393 aestimare.
1377 3323 1635 3413 ‚Datum
1680 3324 1900 3391 Romae
1927 3323 2109 3414 'apud
2150 3323 2215 3392 S.
2263 3325 2551 3408 Petrum,
2583 3325 2691 3394 -id.

415 3452 449 3491 «
496 3426 681 3495 Mart.
714 3450 886 3496 anno
909 3427 1018 3497 1Χ.
1073 3457 1109 3496 »
1651 3495 1656 3496 ff

495 3533 831 3623 Tanquam
882 3541 1130 3604 certum
1173 3540 1395 3606 asserit
1435 3536 1823 3626 Benedictus
1859 3535 2014 3606 XlV
2058 3538 2435 3628 praedictam
2464 3538 2697 3606 archi·

409 3642 662 3711 diaconi
698 3644 1160 3711 attestationem
1197 3667 1332 3712 esse
1373 3664 1555 3711 nunc
1593 3666 1851 3711 merum
1888 3644 2090 3711 ritum
2121 3651 2184 3711 et
2214 3646 2696 3730 caeremoniam,

411 3753 499 3818 ita
542 3755 618 3817 ut
666 3756 801 3818 tuto
864 3752 1064 3841 possit
1112 3751 1606 3819 archidiaconus
1655 3750 2072 3818 idoneitatem
2131 3751 2478 3839 affirmare,
2548 3752 2702 3819 licet

412 3855 716 3941 ignorans
738 3877 820 3922 an
846 3856 1248 3924 ordinandus
1267 3856 1509 3943 dignus
1530 3858 1612 3922 sit
1642 3855 1745 3921 vel
1773 3855 2107 3942 indignus,

508 3983 542 4022 «
583 3958 992 4050 Quamquam
1016 3968 1231 4031 autem
1254 3982 1434 4028 nunc
1454 3962 1527 4027 in
1549 3962 1688 4050 ipso
1707 3961 2127 4029 ordinationis
2146 3968 2287 4030 actu
2302 3960 2701 4030 scrutinium

400 4053 453 4125 '«
498 4081 631 4129 non
683 4066 815 4148 fiat,
877 4075 1158 4136 attamen
1211 4074 1285 4134 ut
1337 4066 1802 4156 antiquissimae
1854 4068 2034 4136 illius
2089 4069 2446 4160 disciplinae
2496 4089 2699 4157 quam

421 4189 456 4230 «
496 4174 1167 4257 commemoravimus,
1209 4173 1524 4241 memoria
1559 4179 1777 4259 exstet,
1818 4180 1882 4241 et
1920 4174 2144 4241 saltem
2176 4175 2444 4263 vestigia
2480 4194 2699 4242 rema-

420 4295 456 4336 «
501 4280 720 4361 neant,
780 4274 1134 4366 Episcopus
1195 4278 1611 4346 diaconatum
1664 4283 1780 4345 aut
1835 4278 2264 4346 sacerdotium
2314 4278 2695 4361 collaturuS,

418 4402 452 4441 «
499 4379 722 4470 populi
753 4379 1193 4451 testimonium
1235 4383 1533 4474 exquirit,
1578 4385 1839 4453 dicens:
1884 4384 2064 4467 Quid
2093 4384 2173 4453 de
2216 4408 2466 4470 eorum,
2508 4389 2696 4453 etc...
