<?xml version="1.0" encoding="UTF-8"?>
<!DOCTYPE html PUBLIC "-//W3C//DTD XHTML 1.0 Transitional//EN"
    "http://www.w3.org/TR/xhtml1/DTD/xhtml1-transitional.dtd">
<html xmlns="http://www.w3.org/1999/xhtml" xml:lang="en" lang="en">
 <head>
  <title>
</title>
<meta http-equiv="Content-Type" content="text/html;charset=utf-8" />
  <meta name='ocr-system' content='tesseract 3.04.00' />
  <meta name='ocr-capabilities' content='ocr_page ocr_carea ocr_par ocr_line ocrx_word'/>
</head>
<body>
  <div class='ocr_page' id='page_1' title='image "./tractatusdecapi00bouigoog_0427.png"; bbox 0 0 2930 4982; ppageno 0'>
   <div class='ocr_carea' id='block_1_1' title="bbox 1165 273 2543 332">
    <p class='ocr_par' dir='ltr' id='par_1_1' title="bbox 1165 273 2543 332">
     <span class='ocr_line' id='line_1_1' title="bbox 1165 273 2543 332; baseline 0.002 -4"><span class='ocrx_word' id='word_1_1' title='bbox 1165 282 1245 329; x_wconf 75' lang='lat' dir='ltr'><strong>ns</strong></span> <span class='ocrx_word' id='word_1_2' title='bbox 1290 282 1617 330; x_wconf 62' lang='lat' dir='ltr'><strong>cunnus.</strong></span> <span class='ocrx_word' id='word_1_3' title='bbox 2419 273 2543 332; x_wconf 78' lang='lat'><strong>³89</strong></span> 
     </span>
    </p>
   </div>
   <div class='ocr_carea' id='block_1_2' title="bbox 240 398 2552 4407">
    <p class='ocr_par' dir='ltr' id='par_1_2' title="bbox 255 398 2544 807">
     <span class='ocr_line' id='line_1_2' title="bbox 260 398 2542 491; baseline 0.002 -25"><span class='ocrx_word' id='word_1_4' title='bbox 260 420 327 467; x_wconf 90' lang='lat' dir='ltr'><strong>eo</strong></span> <span class='ocrx_word' id='word_1_5' title='bbox 355 419 575 482; x_wconf 82' lang='lat' dir='ltr'><strong>sensu,</strong></span> <span class='ocrx_word' id='word_1_6' title='bbox 604 398 776 488; x_wconf 90' lang='lat' dir='ltr'><strong>quod</strong></span> <span class='ocrx_word' id='word_1_7' title='bbox 807 399 1176 489; x_wconf 86' lang='lat' dir='ltr'><strong>capitulum</strong></span> <span class='ocrx_word' id='word_1_8' title='bbox 1205 421 1339 468; x_wconf 92' lang='lat' dir='ltr'><strong>non</strong></span> <span class='ocrx_word' id='word_1_9' title='bbox 1360 400 1562 491; x_wconf 79' lang='lat' dir='ltr'><strong>possit</strong></span> <span class='ocrx_word' id='word_1_10' title='bbox 1583 420 1700 490; x_wconf 89' lang='lat' dir='ltr'><strong>per</strong></span> <span class='ocrx_word' id='word_1_11' title='bbox 1727 399 1996 469; x_wconf 88' lang='lat' dir='ltr'><strong>modum</strong></span> <span class='ocrx_word' id='word_1_12' title='bbox 2018 400 2258 490; x_wconf 84' lang='lat' dir='ltr'><strong>judicii</strong></span> <span class='ocrx_word' id='word_1_13' title='bbox 2284 406 2347 469; x_wconf 80' lang='lat' dir='ltr'><strong>et</strong></span> <span class='ocrx_word' id='word_1_14' title='bbox 2369 400 2542 470; x_wconf 82' lang='lat' dir='ltr'><strong>viam</strong></span> 
     </span>
     <span class='ocr_line' id='line_1_3' title="bbox 259 504 2542 596; baseline 0 -22"><span class='ocrx_word' id='word_1_15' title='bbox 259 507 666 574; x_wconf 84' lang='lat' dir='ltr'><strong>contentiosae</strong></span> <span class='ocrx_word' id='word_1_16' title='bbox 687 506 1166 595; x_wconf 81' lang='lat' dir='ltr'><strong>jurisdictionis</strong></span> <span class='ocrx_word' id='word_1_17' title='bbox 1197 527 1422 596; x_wconf 89' lang='lat' dir='ltr'><strong>poenas</strong></span> <span class='ocrx_word' id='word_1_18' title='bbox 1467 505 1539 573; x_wconf 92' lang='lat' dir='ltr'><strong>in</strong></span> <span class='ocrx_word' id='word_1_19' title='bbox 1576 504 2016 595; x_wconf 79' lang='lat' dir='ltr'>delinquentes</span> <span class='ocrx_word' id='word_1_20' title='bbox 2044 511 2362 590; x_wconf 81' lang='lat' dir='ltr'><strong>statuere3</strong></span> <span class='ocrx_word' id='word_1_21' title='bbox 2413 527 2542 575; x_wconf 91' lang='lat' dir='ltr'><strong>non</strong></span> 
     </span>
     <span class='ocr_line' id='line_1_4' title="bbox 255 611 2544 703; baseline 0.001 -24"><span class='ocrx_word' id='word_1_22' title='bbox 255 617 462 680; x_wconf 89' lang='lat' dir='ltr'><strong>autem</strong></span> <span class='ocrx_word' id='word_1_23' title='bbox 493 633 570 679; x_wconf 93' lang='lat' dir='ltr'><strong>eo</strong></span> <span class='ocrx_word' id='word_1_24' title='bbox 601 633 792 679; x_wconf 91' lang='lat' dir='ltr'><strong>sensu</strong></span> <span class='ocrx_word' id='word_1_25' title='bbox 823 612 997 700; x_wconf 89' lang='lat' dir='ltr'><strong>quod</strong></span> <span class='ocrx_word' id='word_1_26' title='bbox 1028 633 1159 679; x_wconf 94' lang='lat' dir='ltr'><strong>non</strong></span> <span class='ocrx_word' id='word_1_27' title='bbox 1195 611 1395 702; x_wconf 82' lang='lat' dir='ltr'><strong>possit</strong></span> <span class='ocrx_word' id='word_1_28' title='bbox 1428 632 1656 702; x_wconf 86' lang='lat' dir='ltr'><strong>poenas</strong></span> <span class='ocrx_word' id='word_1_29' title='bbox 1692 611 1939 700; x_wconf 89' lang='lat' dir='ltr'><strong>aliquas</strong></span> <span class='ocrx_word' id='word_1_30' title='bbox 1965 611 2214 681; x_wconf 86' lang='lat' dir='ltr'><strong>sancire</strong></span> <span class='ocrx_word' id='word_1_31' title='bbox 2241 618 2304 681; x_wconf 91' lang='lat' dir='ltr'><strong>et</strong></span> <span class='ocrx_word' id='word_1_32' title='bbox 2333 612 2544 703; x_wconf 86' lang='lat' dir='ltr'><strong>appli-</strong></span> 
     </span>
     <span class='ocr_line' id='line_1_5' title="bbox 255 716 2268 807; baseline 0 -21"><span class='ocrx_word' id='word_1_33' title='bbox 255 739 392 786; x_wconf 85' lang='lat' dir='ltr'><strong>care</strong></span> <span class='ocrx_word' id='word_1_34' title='bbox 419 717 988 807; x_wconf 86' lang='lat' dir='ltr'><strong>extrajudicialiter</strong></span> <span class='ocrx_word' id='word_1_35' title='bbox 1014 722 1077 784; x_wconf 89' lang='lat' dir='ltr'><strong>et</strong></span> <span class='ocrx_word' id='word_1_36' title='bbox 1103 739 1221 807; x_wconf 93' lang='lat' dir='ltr'><strong>per</strong></span> <span class='ocrx_word' id='word_1_37' title='bbox 1242 718 1418 785; x_wconf 84' lang='lat' dir='ltr'><strong>viam</strong></span> <span class='ocrx_word' id='word_1_38' title='bbox 1448 716 1812 807; x_wconf 83' lang='lat' dir='ltr'><strong>disciplinae</strong></span> <span class='ocrx_word' id='word_1_39' title='bbox 1836 718 2268 786; x_wconf 81' lang='lat' dir='ltr'><strong>oeconomicae.</strong></span> 
     </span>
    </p>

    <p class='ocr_par' dir='ltr' id='par_1_3' title="bbox 240 823 2552 1657">
     <span class='ocr_line' id='line_1_6' title="bbox 332 823 2544 915; baseline 0.002 -24"><span class='ocrx_word' id='word_1_40' title='bbox 332 824 400 891; x_wconf 78' lang='lat'><strong>2⁰</strong></span> <span class='ocrx_word' id='word_1_41' title='bbox 428 823 620 904; x_wconf 86' lang='lat' dir='ltr'><strong>Quod</strong></span> <span class='ocrx_word' id='word_1_42' title='bbox 662 829 878 892; x_wconf 88' lang='lat' dir='ltr'><strong>tamen</strong></span> <span class='ocrx_word' id='word_1_43' title='bbox 908 844 1041 891; x_wconf 92' lang='lat' dir='ltr'><strong>non</strong></span> <span class='ocrx_word' id='word_1_44' title='bbox 1078 823 1277 914; x_wconf 78' lang='lat' dir='ltr'><strong>possit</strong></span> <span class='ocrx_word' id='word_1_45' title='bbox 1307 824 1610 893; x_wconf 81' lang='lat' dir='ltr'>excedere</span> <span class='ocrx_word' id='word_1_46' title='bbox 1641 845 1864 914; x_wconf 87' lang='lat' dir='ltr'><strong>poenas</strong></span> <span class='ocrx_word' id='word_1_47' title='bbox 1895 823 2040 891; x_wconf 87' lang='lat' dir='ltr'><strong>illas</strong></span> <span class='ocrx_word' id='word_1_48' title='bbox 2067 846 2226 913; x_wconf 88' lang='lat' dir='ltr'><strong>quas</strong></span> <span class='ocrx_word' id='word_1_49' title='bbox 2258 824 2544 915; x_wconf 75' lang='lat' dir='ltr'><strong>legitime</strong></span> 
     </span>
     <span class='ocr_line' id='line_1_7' title="bbox 249 929 2546 1021; baseline 0.002 -24"><span class='ocrx_word' id='word_1_50' title='bbox 249 930 572 1020; x_wconf 87' lang='lat' dir='ltr'><strong>infligeret</strong></span> <span class='ocrx_word' id='word_1_51' title='bbox 594 929 962 1020; x_wconf 89' lang='lat' dir='ltr'><strong>jurisdictio</strong></span> <span class='ocrx_word' id='word_1_52' title='bbox 1007 931 1362 1021; x_wconf 85' lang='lat' dir='ltr'><strong>improprie</strong></span> <span class='ocrx_word' id='word_1_53' title='bbox 1408 931 1580 998; x_wconf 85' lang='lat' dir='ltr'><strong>dicta</strong></span> <span class='ocrx_word' id='word_1_54' title='bbox 1626 952 1745 999; x_wconf 87' lang='lat' dir='ltr'><strong>seu</strong></span> <span class='ocrx_word' id='word_1_55' title='bbox 1784 951 1964 998; x_wconf 91' lang='lat' dir='ltr'><strong>mere</strong></span> <span class='ocrx_word' id='word_1_56' title='bbox 1999 931 2416 1017; x_wconf 80' lang='lat' dir='ltr'><strong>oeconomica,</strong></span> <span class='ocrx_word' id='word_1_57' title='bbox 2451 938 2546 1002; x_wconf 85' lang='lat' dir='ltr'><strong>est</strong></span> 
     </span>
     <span class='ocr_line' id='line_1_8' title="bbox 247 1034 2546 1126; baseline 0 -23"><span class='ocrx_word' id='word_1_58' title='bbox 247 1038 435 1104; x_wconf 85' lang='lat' dir='ltr'><strong>etiam</strong></span> <span class='ocrx_word' id='word_1_59' title='bbox 484 1035 783 1104; x_wconf 86' lang='lat' dir='ltr'><strong>doctrina</strong></span> <span class='ocrx_word' id='word_1_60' title='bbox 820 1035 989 1102; x_wconf 87' lang='lat' dir='ltr'><strong>inter</strong></span> <span class='ocrx_word' id='word_1_61' title='bbox 1018 1036 1307 1104; x_wconf 87' lang='lat' dir='ltr'><strong>doctores</strong></span> <span class='ocrx_word' id='word_1_62' title='bbox 1345 1038 1786 1106; x_wconf 89' lang='lat' dir='ltr'><strong>communiter</strong></span> <span class='ocrx_word' id='word_1_63' title='bbox 1832 1040 2109 1126; x_wconf 86' lang='lat' dir='ltr'><strong>recepta.</strong></span> <span class='ocrx_word' id='word_1_64' title='bbox 2162 1034 2343 1103; x_wconf 86' lang='lat' dir='ltr'><strong>Licet</strong></span> <span class='ocrx_word' id='word_1_65' title='bbox 2370 1038 2546 1104; x_wconf 90' lang='lat' dir='ltr'><strong>enim</strong></span> 
     </span>
     <span class='ocr_line' id='line_1_9' title="bbox 243 1140 2552 1233; baseline -0.001 -22"><span class='ocrx_word' id='word_1_66' title='bbox 243 1143 466 1233; x_wconf 91' lang='lat' dir='ltr'><strong>plures</strong></span> <span class='ocrx_word' id='word_1_67' title='bbox 507 1142 795 1232; x_wconf 87' lang='lat' dir='ltr'><strong>capitulo</strong></span> <span class='ocrx_word' id='word_1_68' title='bbox 836 1141 1126 1209; x_wconf 87' lang='lat' dir='ltr'><strong>tribuant</strong></span> <span class='ocrx_word' id='word_1_69' title='bbox 1175 1140 1271 1233; x_wconf 91' lang='lat' dir='ltr'><strong>(ut</strong></span> <span class='ocrx_word' id='word_1_70' title='bbox 1316 1164 1433 1210; x_wconf 93' lang='lat' dir='ltr'><strong>nos</strong></span> <span class='ocrx_word' id='word_1_71' title='bbox 1471 1146 1664 1211; x_wconf 87' lang='lat' dir='ltr'><strong>etiam</strong></span> <span class='ocrx_word' id='word_1_72' title='bbox 1706 1142 1876 1210; x_wconf 79' lang='lat' dir='ltr'><strong>infra</strong></span> <span class='ocrx_word' id='word_1_73' title='bbox 1920 1141 2291 1230; x_wconf 82' lang='lat' dir='ltr'><strong>tribuimus)</strong></span> <span class='ocrx_word' id='word_1_74' title='bbox 2337 1142 2552 1231; x_wconf 87' lang='lat' dir='ltr'><strong>juris-</strong></span> 
     </span>
     <span class='ocr_line' id='line_1_10' title="bbox 240 1246 2549 1339; baseline 0 -25"><span class='ocrx_word' id='word_1_75' title='bbox 240 1248 608 1316; x_wconf 81' lang='lat' dir='ltr'><strong>dictionem</strong></span> <span class='ocrx_word' id='word_1_76' title='bbox 634 1246 892 1339; x_wconf 88' lang='lat' dir='ltr'><strong>proprie</strong></span> <span class='ocrx_word' id='word_1_77' title='bbox 918 1248 1181 1334; x_wconf 88' lang='lat' dir='ltr'><strong>dictam‚</strong></span> <span class='ocrx_word' id='word_1_78' title='bbox 1207 1248 1389 1339; x_wconf 80' lang='lat' dir='ltr'><strong>illam</strong></span> <span class='ocrx_word' id='word_1_79' title='bbox 1421 1254 1637 1317; x_wconf 86' lang='lat' dir='ltr'><strong>tamen</strong></span> <span class='ocrx_word' id='word_1_80' title='bbox 1664 1249 1750 1315; x_wconf 87' lang='lat' dir='ltr'><strong>ita</strong></span> <span class='ocrx_word' id='word_1_81' title='bbox 1778 1248 2126 1315; x_wconf 86' lang='lat' dir='ltr'><strong>limitatam</strong></span> <span class='ocrx_word' id='word_1_82' title='bbox 2154 1268 2290 1315; x_wconf 86' lang='lat' dir='ltr'><strong>esse</strong></span> <span class='ocrx_word' id='word_1_83' title='bbox 2314 1247 2549 1316; x_wconf 90' lang='lat' dir='ltr'><strong>dicunt</strong></span> 
     </span>
     <span class='ocr_line' id='line_1_11' title="bbox 241 1353 2548 1444; baseline 0 -24"><span class='ocrx_word' id='word_1_84' title='bbox 241 1353 349 1440; x_wconf 91' lang='lat' dir='ltr'><strong>(ob</strong></span> <span class='ocrx_word' id='word_1_85' title='bbox 377 1355 592 1421; x_wconf 90' lang='lat' dir='ltr'><strong>finem</strong></span> <span class='ocrx_word' id='word_1_86' title='bbox 615 1353 693 1420; x_wconf 90' lang='lat' dir='ltr'><strong>ad</strong></span> <span class='ocrx_word' id='word_1_87' title='bbox 716 1374 913 1442; x_wconf 90' lang='lat' dir='ltr'><strong>quem</strong></span> <span class='ocrx_word' id='word_1_88' title='bbox 944 1354 1068 1444; x_wconf 91' lang='lat' dir='ltr'><strong>ipsi</strong></span> <span class='ocrx_word' id='word_1_89' title='bbox 1093 1355 1176 1422; x_wconf 90' lang='lat' dir='ltr'><strong>ab</strong></span> <span class='ocrx_word' id='word_1_90' title='bbox 1195 1354 1483 1423; x_wconf 80' lang='lat' dir='ltr'><strong>Ecclesia</strong></span> <span class='ocrx_word' id='word_1_91' title='bbox 1506 1353 1932 1444; x_wconf 85' lang='lat' dir='ltr'><strong>conceditur),</strong></span> <span class='ocrx_word' id='word_1_92' title='bbox 1963 1359 2059 1432; x_wconf 88' lang='lat' dir='ltr'><strong>ut,</strong></span> <span class='ocrx_word' id='word_1_93' title='bbox 2084 1354 2298 1443; x_wconf 89' lang='lat' dir='ltr'><strong>quoad</strong></span> <span class='ocrx_word' id='word_1_94' title='bbox 2325 1374 2548 1443; x_wconf 80' lang='lat' dir='ltr'><strong>poenas</strong></span> 
     </span>
     <span class='ocr_line' id='line_1_12' title="bbox 242 1458 2546 1549; baseline -0 -21"><span class='ocrx_word' id='word_1_95' title='bbox 242 1462 374 1528; x_wconf 88' lang='lat' dir='ltr'><strong>suis</strong></span> <span class='ocrx_word' id='word_1_96' title='bbox 409 1461 736 1528; x_wconf 90' lang='lat' dir='ltr'><strong>membris</strong></span> <span class='ocrx_word' id='word_1_97' title='bbox 762 1458 1177 1549; x_wconf 88' lang='lat' dir='ltr'><strong>infligendas,</strong></span> <span class='ocrx_word' id='word_1_98' title='bbox 1211 1483 1343 1529; x_wconf 91' lang='lat' dir='ltr'><strong>non</strong></span> <span class='ocrx_word' id='word_1_99' title='bbox 1375 1461 1583 1548; x_wconf 89' lang='lat' dir='ltr'><strong>magis</strong></span> <span class='ocrx_word' id='word_1_100' title='bbox 1610 1459 1814 1528; x_wconf 83' lang='lat' dir='ltr'><strong>valeat</strong></span> <span class='ocrx_word' id='word_1_101' title='bbox 1847 1479 2046 1549; x_wconf 88' lang='lat' dir='ltr'><strong>quam</strong></span> <span class='ocrx_word' id='word_1_102' title='bbox 2089 1461 2144 1526; x_wconf 89' lang='lat' dir='ltr'><strong>si</strong></span> <span class='ocrx_word' id='word_1_103' title='bbox 2173 1469 2335 1527; x_wconf 84' lang='lat' dir='ltr'><strong>esset</strong></span> <span class='ocrx_word' id='word_1_104' title='bbox 2370 1480 2546 1527; x_wconf 90' lang='lat' dir='ltr'><strong>mere</strong></span> 
     </span>
     <span class='ocr_line' id='line_1_13' title="bbox 243 1566 1374 1657; baseline -0.001 -22"><span class='ocrx_word' id='word_1_105' title='bbox 243 1566 640 1635; x_wconf 87' lang='lat' dir='ltr'><strong>oeconomica</strong></span> <span class='ocrx_word' id='word_1_106' title='bbox 663 1589 777 1635; x_wconf 91' lang='lat' dir='ltr'><strong>seu</strong></span> <span class='ocrx_word' id='word_1_107' title='bbox 803 1567 1156 1657; x_wconf 88' lang='lat' dir='ltr'><strong>improprie</strong></span> <span class='ocrx_word' id='word_1_108' title='bbox 1180 1566 1374 1634; x_wconf 87' lang='lat' dir='ltr'><strong>dicta.</strong></span> 
     </span>
    </p>

    <p class='ocr_par' dir='ltr' id='par_1_4' title="bbox 241 1670 2548 3877">
     <span class='ocr_line' id='line_1_14' title="bbox 328 1670 2548 1762; baseline -0 -22"><span class='ocrx_word' id='word_1_109' title='bbox 328 1673 715 1741; x_wconf 75' lang='lat' dir='ltr'><strong>Pnorosmo</strong></span> <span class='ocrx_word' id='word_1_110' title='bbox 744 1673 833 1740; x_wconf 74' lang='lat'><strong>5¹¹.</strong></span> <span class='ocrx_word' id='word_1_111' title='bbox 858 1710 947 1723; x_wconf 95' lang='lat'><strong>—</strong></span> <span class='ocrx_word' id='word_1_112' title='bbox 971 1672 1148 1739; x_wconf 83' lang='lat' dir='ltr'><strong>Licet</strong></span> <span class='ocrx_word' id='word_1_113' title='bbox 1166 1671 1540 1762; x_wconf 79' lang='lat' dir='ltr'><strong>Episcopus</strong></span> <span class='ocrx_word' id='word_1_114' title='bbox 1564 1670 1843 1738; x_wconf 71' lang='lat' dir='ltr'><strong>statutis·</strong></span> <span class='ocrx_word' id='word_1_115' title='bbox 1868 1693 1912 1737; x_wconf 91' lang='lat' dir='ltr'><strong>a</strong></span> <span class='ocrx_word' id='word_1_116' title='bbox 1941 1670 2242 1762; x_wconf 85' lang='lat' dir='ltr'><strong>capitulo</strong></span> <span class='ocrx_word' id='word_1_117' title='bbox 2263 1670 2548 1739; x_wconf 82' lang='lat' dir='ltr'><strong>conditis</strong></span> 
     </span>
     <span class='ocr_line' id='line_1_15' title="bbox 244 1778 2546 1872; baseline -0 -24"><span class='ocrx_word' id='word_1_118' title='bbox 244 1781 691 1849; x_wconf 82' lang='lat' dir='ltr'><strong>contradicere</strong></span> <span class='ocrx_word' id='word_1_119' title='bbox 713 1780 956 1872; x_wconf 81' lang='lat' dir='ltr'><strong>possit,</strong></span> <span class='ocrx_word' id='word_1_120' title='bbox 1004 1802 1141 1847; x_wconf 89' lang='lat' dir='ltr'><strong>non</strong></span> <span class='ocrx_word' id='word_1_121' title='bbox 1191 1792 1415 1847; x_wconf 88' lang='lat' dir='ltr'><strong>tamen</strong></span> <span class='ocrx_word' id='word_1_122' title='bbox 1441 1791 1668 1870; x_wconf 86' lang='lat' dir='ltr'><strong>potest</strong></span> <span class='ocrx_word' id='word_1_123' title='bbox 1702 1778 2149 1848; x_wconf 83' lang='lat' dir='ltr'><strong>contradicere</strong></span> <span class='ocrx_word' id='word_1_124' title='bbox 2175 1802 2261 1848; x_wconf 74' lang='lat' dir='ltr'><strong>ea·</strong></span> <span class='ocrx_word' id='word_1_125' title='bbox 2287 1780 2424 1847; x_wconf 87' lang='lat' dir='ltr'><strong>alio</strong></span> <span class='ocrx_word' id='word_1_126' title='bbox 2465 1781 2546 1848; x_wconf 86' lang='lat' dir='ltr'><strong>ti·</strong></span> 
     </span>
     <span class='ocr_line' id='line_1_16' title="bbox 245 1885 2544 1979; baseline 0 -26"><span class='ocrx_word' id='word_1_127' title='bbox 245 1888 384 1955; x_wconf 86' lang='lat' dir='ltr'><strong>tulo</strong></span> <span class='ocrx_word' id='word_1_128' title='bbox 430 1911 640 1979; x_wconf 83' lang='lat' dir='ltr'><strong>quam</strong></span> <span class='ocrx_word' id='word_1_129' title='bbox 682 1885 861 1977; x_wconf 81' lang='lat' dir='ltr'><strong>quod</strong></span> <span class='ocrx_word' id='word_1_130' title='bbox 886 1885 1267 1976; x_wconf 87' lang='lat' dir='ltr'><strong>capitulum</strong></span> <span class='ocrx_word' id='word_1_131' title='bbox 1311 1887 1652 1954; x_wconf 73' lang='lat' dir='ltr'><strong>eaecesserit</strong></span> <span class='ocrx_word' id='word_1_132' title='bbox 1689 1897 2090 1975; x_wconf 88' lang='lat' dir='ltr'><strong>potestatem</strong></span> <span class='ocrx_word' id='word_1_133' title='bbox 2138 1886 2271 1976; x_wconf 90' lang='lat' dir='ltr'><strong>ipsi</strong></span> <span class='ocrx_word' id='word_1_134' title='bbox 2309 1909 2351 1953; x_wconf 92' lang='lat' dir='ltr'><strong>a</strong></span> <span class='ocrx_word' id='word_1_135' title='bbox 2384 1887 2544 1976; x_wconf 84' lang='lat' dir='ltr'><strong>jure</strong></span> 
     </span>
     <span class='ocr_line' id='line_1_17' title="bbox 244 1991 2544 2083; baseline -0 -22"><span class='ocrx_word' id='word_1_136' title='bbox 244 1994 585 2061; x_wconf 85' lang='lat' dir='ltr'><strong>communi</strong></span> <span class='ocrx_word' id='word_1_137' title='bbox 607 2015 996 2061; x_wconf 79' lang='lat' dir='ltr'><strong>concessam.</strong></span> <span class='ocrx_word' id='word_1_138' title='bbox 1024 2030 1117 2044; x_wconf 88' lang='lat'>—</span> <span class='ocrx_word' id='word_1_139' title='bbox 1140 1991 1211 2061; x_wconf 91' lang='lat' dir='ltr'><strong>Si</strong></span> <span class='ocrx_word' id='word_1_140' title='bbox 1240 1993 1419 2059; x_wconf 90' lang='lat' dir='ltr'><strong>enim</strong></span> <span class='ocrx_word' id='word_1_141' title='bbox 1447 2014 1525 2059; x_wconf 86' lang='lat' dir='ltr'><strong>ex</strong></span> <span class='ocrx_word' id='word_1_142' title='bbox 1548 2014 1729 2060; x_wconf 90' lang='lat' dir='ltr'><strong>mero</strong></span> <span class='ocrx_word' id='word_1_143' title='bbox 1755 1992 2161 2082; x_wconf 85' lang='lat' dir='ltr'><strong>beneplacito</strong></span> <span class='ocrx_word' id='word_1_144' title='bbox 2190 2013 2312 2060; x_wconf 86' lang='lat' dir='ltr'><strong>suo</strong></span> <span class='ocrx_word' id='word_1_145' title='bbox 2334 2000 2544 2083; x_wconf 87' lang='lat' dir='ltr'><strong>posset</strong></span> 
     </span>
     <span class='ocr_line' id='line_1_18' title="bbox 241 2097 2545 2191; baseline 0 -25"><span class='ocrx_word' id='word_1_146' title='bbox 241 2099 609 2191; x_wconf 84' lang='lat' dir='ltr'><strong>Episcopus</strong></span> <span class='ocrx_word' id='word_1_147' title='bbox 640 2100 975 2188; x_wconf 86' lang='lat' dir='ltr'><strong>quodlibet</strong></span> <span class='ocrx_word' id='word_1_148' title='bbox 1002 2104 1315 2168; x_wconf 82' lang='lat' dir='ltr'><strong>statutum</strong></span> <span class='ocrx_word' id='word_1_149' title='bbox 1350 2121 1387 2166; x_wconf 88' lang='lat' dir='ltr'><strong>a</strong></span> <span class='ocrx_word' id='word_1_150' title='bbox 1414 2098 1699 2189; x_wconf 84' lang='lat' dir='ltr'><strong>capitulo</strong></span> <span class='ocrx_word' id='word_1_151' title='bbox 1738 2097 2075 2166; x_wconf 84' lang='lat' dir='ltr'><strong>eonditum</strong></span> <span class='ocrx_word' id='word_1_152' title='bbox 2106 2099 2385 2181; x_wconf 88' lang='lat' dir='ltr'><strong>irritare,</strong></span> <span class='ocrx_word' id='word_1_153' title='bbox 2428 2098 2545 2166; x_wconf 77' lang='lat' dir='ltr'><strong>fal-</strong></span> 
     </span>
     <span class='ocr_line' id='line_1_19' title="bbox 245 2205 2547 2296; baseline 0 -24"><span class='ocrx_word' id='word_1_154' title='bbox 245 2228 402 2272; x_wconf 87' lang='lat' dir='ltr'><strong>sum</strong></span> <span class='ocrx_word' id='word_1_155' title='bbox 453 2207 720 2272; x_wconf 90' lang='lat' dir='ltr'><strong>omnino</strong></span> <span class='ocrx_word' id='word_1_156' title='bbox 769 2212 931 2273; x_wconf 80' lang='lat' dir='ltr'><strong>esset</strong></span> <span class='ocrx_word' id='word_1_157' title='bbox 976 2205 1261 2296; x_wconf 89' lang='lat' dir='ltr'><strong>capitulo</strong></span> <span class='ocrx_word' id='word_1_158' title='bbox 1315 2210 1684 2296; x_wconf 80' lang='lat' dir='ltr'><strong>competere</strong></span> <span class='ocrx_word' id='word_1_159' title='bbox 1734 2208 2113 2295; x_wconf 85' lang='lat' dir='ltr'><strong>potestatem</strong></span> <span class='ocrx_word' id='word_1_160' title='bbox 2156 2206 2375 2292; x_wconf 85' lang='lat' dir='ltr'><strong>aliqua</strong></span> <span class='ocrx_word' id='word_1_161' title='bbox 2423 2211 2547 2272; x_wconf 88' lang='lat' dir='ltr'><strong>sta·</strong></span> 
     </span>
     <span class='ocr_line' id='line_1_20' title="bbox 244 2308 2546 2401; baseline -0.001 -24"><span class='ocrx_word' id='word_1_162' title='bbox 244 2311 481 2377; x_wconf 89' lang='lat' dir='ltr'><strong>tuendi</strong></span> <span class='ocrx_word' id='word_1_163' title='bbox 509 2311 649 2377; x_wconf 92' lang='lat' dir='ltr'><strong>sine</strong></span> <span class='ocrx_word' id='word_1_164' title='bbox 690 2332 1009 2388; x_wconf 86' lang='lat' dir='ltr'><strong>consensu</strong></span> <span class='ocrx_word' id='word_1_165' title='bbox 1043 2311 1390 2401; x_wconf 90' lang='lat' dir='ltr'><strong>Episcopi;</strong></span> <span class='ocrx_word' id='word_1_166' title='bbox 1432 2310 1614 2400; x_wconf 86' lang='lat' dir='ltr'><strong>atqui</strong></span> <span class='ocrx_word' id='word_1_167' title='bbox 1645 2331 1720 2377; x_wconf 85' lang='lat' dir='ltr'><strong>ex</strong></span> <span class='ocrx_word' id='word_1_168' title='bbox 1750 2308 2035 2378; x_wconf 87' lang='lat' dir='ltr'><strong>secunda</strong></span> <span class='ocrx_word' id='word_1_169' title='bbox 2071 2330 2147 2377; x_wconf 86' lang='lat' dir='ltr'><strong>ac</strong></span> <span class='ocrx_word' id='word_1_170' title='bbox 2176 2310 2361 2377; x_wconf 91' lang='lat' dir='ltr'><strong>tertia</strong></span> <span class='ocrx_word' id='word_1_171' title='bbox 2402 2329 2546 2398; x_wconf 92' lang='lat' dir='ltr'><strong>pro-</strong></span> 
     </span>
     <span class='ocr_line' id='line_1_21' title="bbox 245 2401 2545 2509; baseline -0.001 -25"><span class='ocrx_word' id='word_1_172' title='bbox 245 2416 570 2509; x_wconf 85' lang='lat' dir='ltr'><strong>positione</strong></span> <span class='ocrx_word' id='word_1_173' title='bbox 618 2422 869 2484; x_wconf 88' lang='lat' dir='ltr'><strong>certum</strong></span> <span class='ocrx_word' id='word_1_174' title='bbox 912 2421 1004 2484; x_wconf 84' lang='lat' dir='ltr'><strong>est</strong></span> <span class='ocrx_word' id='word_1_175' title='bbox 1044 2439 1078 2484; x_wconf 92' lang='lat' dir='ltr'><strong>e</strong></span> <span class='ocrx_word' id='word_1_176' title='bbox 1123 2421 1344 2484; x_wconf 87' lang='lat' dir='ltr'><strong>contra</strong></span> <span class='ocrx_word' id='word_1_177' title='bbox 1394 2401 1579 2508; x_wconf 88' lang='lat' dir='ltr'><strong>posse</strong></span> <span class='ocrx_word' id='word_1_178' title='bbox 1625 2414 1987 2507; x_wconf 85' lang='lat' dir='ltr'><strong>capitulum</strong></span> <span class='ocrx_word' id='word_1_179' title='bbox 2040 2414 2181 2483; x_wconf 90' lang='lat' dir='ltr'><strong>sine</strong></span> <span class='ocrx_word' id='word_1_180' title='bbox 2229 2434 2545 2482; x_wconf 86' lang='lat' dir='ltr'><strong>consensu</strong></span> 
     </span>
     <span class='ocr_line' id='line_1_22' title="bbox 245 2522 2545 2615; baseline -0 -24"><span class='ocrx_word' id='word_1_181' title='bbox 245 2524 555 2615; x_wconf 88' lang='lat' dir='ltr'><strong>Episcopi</strong></span> <span class='ocrx_word' id='word_1_182' title='bbox 601 2524 816 2613; x_wconf 87' lang='lat' dir='ltr'><strong>aliqua</strong></span> <span class='ocrx_word' id='word_1_183' title='bbox 856 2530 1169 2612; x_wconf 83' lang='lat' dir='ltr'><strong>statuere3</strong></span> <span class='ocrx_word' id='word_1_184' title='bbox 1206 2546 1442 2614; x_wconf 88' lang='lat' dir='ltr'><strong>ergo...</strong></span> <span class='ocrx_word' id='word_1_185' title='bbox 1496 2523 1684 2593; x_wconf 91' lang='lat' dir='ltr'><strong>Unde</strong></span> <span class='ocrx_word' id='word_1_186' title='bbox 1721 2528 1927 2615; x_wconf 85' lang='lat' dir='ltr'><strong>potest</strong></span> <span class='ocrx_word' id='word_1_187' title='bbox 1963 2524 2229 2613; x_wconf 90' lang='lat' dir='ltr'><strong>quidem</strong></span> <span class='ocrx_word' id='word_1_188' title='bbox 2270 2528 2332 2591; x_wconf 87' lang='lat' dir='ltr'><strong>et</strong></span> <span class='ocrx_word' id='word_1_189' title='bbox 2357 2522 2545 2591; x_wconf 90' lang='lat' dir='ltr'><strong>debet</strong></span> 
     </span>
     <span class='ocr_line' id='line_1_23' title="bbox 247 2628 2535 2721; baseline -0.001 -25"><span class='ocrx_word' id='word_1_190' title='bbox 247 2629 606 2721; x_wconf 86' lang='lat' dir='ltr'><strong>Episcopus</strong></span> <span class='ocrx_word' id='word_1_191' title='bbox 631 2630 974 2719; x_wconf 86' lang='lat' dir='ltr'><strong>invigilare</strong></span> <span class='ocrx_word' id='word_1_192' title='bbox 998 2652 1080 2698; x_wconf 92' lang='lat' dir='ltr'><strong>ne</strong></span> <span class='ocrx_word' id='word_1_193' title='bbox 1109 2629 1472 2721; x_wconf 89' lang='lat' dir='ltr'><strong>capitulum</strong></span> <span class='ocrx_word' id='word_1_194' title='bbox 1502 2629 1752 2719; x_wconf 87' lang='lat' dir='ltr'><strong>aliquid</strong></span> <span class='ocrx_word' id='word_1_195' title='bbox 1780 2634 2040 2716; x_wconf 89' lang='lat' dir='ltr'><strong>statuat,</strong></span> <span class='ocrx_word' id='word_1_196' title='bbox 2069 2628 2172 2696; x_wconf 83' lang='lat' dir='ltr'><strong>vel</strong></span> <span class='ocrx_word' id='word_1_197' title='bbox 2197 2628 2535 2709; x_wconf 80' lang='lat' dir='ltr'><strong>nocivum,</strong></span> 
     </span>
     <span class='ocr_line' id='line_1_24' title="bbox 251 2735 2543 2823; baseline 0 -26"><span class='ocrx_word' id='word_1_198' title='bbox 251 2735 357 2800; x_wconf 78' lang='lat' dir='ltr'><strong>vel</strong></span> <span class='ocrx_word' id='word_1_199' title='bbox 387 2736 520 2822; x_wconf 78' lang='lat' dir='ltr'><strong>juri</strong></span> <span class='ocrx_word' id='word_1_200' title='bbox 560 2735 895 2801; x_wconf 89' lang='lat' dir='ltr'><strong>communi</strong></span> <span class='ocrx_word' id='word_1_201' title='bbox 940 2735 1363 2816; x_wconf 87' lang='lat' dir='ltr'><strong>contrarium,</strong></span> <span class='ocrx_word' id='word_1_202' title='bbox 1414 2743 1480 2803; x_wconf 91' lang='lat' dir='ltr'><strong>et</strong></span> <span class='ocrx_word' id='word_1_203' title='bbox 1518 2737 1714 2804; x_wconf 85' lang='lat' dir='ltr'><strong>etiarn</strong></span> <span class='ocrx_word' id='word_1_204' title='bbox 1753 2757 1837 2804; x_wconf 91' lang='lat' dir='ltr'><strong>ne</strong></span> <span class='ocrx_word' id='word_1_205' title='bbox 1874 2736 2116 2823; x_wconf 81' lang='lat' dir='ltr'><strong>absque</strong></span> <span class='ocrx_word' id='word_1_206' title='bbox 2163 2755 2283 2801; x_wconf 89' lang='lat' dir='ltr'><strong>sua</strong></span> <span class='ocrx_word' id='word_1_207' title='bbox 2318 2736 2543 2800; x_wconf 86' lang='lat' dir='ltr'><strong>aucto·</strong></span> 
     </span>
     <span class='ocr_line' id='line_1_25' title="bbox 257 2835 2543 2928; baseline 0 -28"><span class='ocrx_word' id='word_1_208' title='bbox 257 2835 443 2901; x_wconf 80' lang='lat' dir='ltr'><strong>ritate</strong></span> <span class='ocrx_word' id='word_1_209' title='bbox 487 2838 787 2903; x_wconf 86' lang='lat' dir='ltr'><strong>decernat</strong></span> <span class='ocrx_word' id='word_1_210' title='bbox 831 2838 909 2904; x_wconf 90' lang='lat' dir='ltr'><strong>de</strong></span> <span class='ocrx_word' id='word_1_211' title='bbox 953 2840 1149 2906; x_wconf 90' lang='lat' dir='ltr'><strong>rebus</strong></span> <span class='ocrx_word' id='word_1_212' title='bbox 1198 2846 1438 2907; x_wconf 88' lang='lat' dir='ltr'><strong>statum</strong></span> <span class='ocrx_word' id='word_1_213' title='bbox 1487 2840 1856 2928; x_wconf 82' lang='lat' dir='ltr'><strong>generalem</strong></span> <span class='ocrx_word' id='word_1_214' title='bbox 1907 2839 2193 2906; x_wconf 86' lang='lat' dir='ltr'><strong>ecclesiae</strong></span> <span class='ocrx_word' id='word_1_215' title='bbox 2240 2841 2352 2902; x_wconf 89' lang='lat' dir='ltr'><strong>aut</strong></span> <span class='ocrx_word' id='word_1_216' title='bbox 2391 2836 2543 2923; x_wconf 77' lang='lat' dir='ltr'><strong>Jura</strong></span> 
     </span>
     <span class='ocr_line' id='line_1_26' title="bbox 249 2938 2540 3032; baseline 0 -27"><span class='ocrx_word' id='word_1_217' title='bbox 249 2938 309 3005; x_wconf 84' lang='lat' dir='ltr'><strong>E</strong></span> <span class='ocrx_word' id='word_1_218' title='bbox 313 2939 667 3030; x_wconf 88' lang='lat' dir='ltr'><strong>piscopalia</strong></span> <span class='ocrx_word' id='word_1_219' title='bbox 691 2943 1133 3029; x_wconf 85' lang='lat' dir='ltr'><strong>tangentibus:</strong></span> <span class='ocrx_word' id='word_1_220' title='bbox 1162 2945 1274 3010; x_wconf 87' lang='lat' dir='ltr'><strong>sed</strong></span> <span class='ocrx_word' id='word_1_221' title='bbox 1297 2945 1367 3011; x_wconf 93' lang='lat' dir='ltr'><strong>in</strong></span> <span class='ocrx_word' id='word_1_222' title='bbox 1396 2965 1552 3010; x_wconf 87' lang='lat' dir='ltr'><strong>casu</strong></span> <span class='ocrx_word' id='word_1_223' title='bbox 1578 2965 1712 3032; x_wconf 87' lang='lat' dir='ltr'><strong>quo</strong></span> <span class='ocrx_word' id='word_1_224' title='bbox 1736 2942 2099 3031; x_wconf 86' lang='lat' dir='ltr'><strong>capitulum</strong></span> <span class='ocrx_word' id='word_1_225' title='bbox 2128 2940 2540 3008; x_wconf 83' lang='lat' dir='ltr'><strong>contenderet</strong></span> 
     </span>
     <span class='ocr_line' id='line_1_27' title="bbox 252 3045 2538 3137; baseline 0 -25"><span class='ocrx_word' id='word_1_226' title='bbox 252 3067 319 3112; x_wconf 87' lang='lat' dir='ltr'><strong>se</strong></span> <span class='ocrx_word' id='word_1_227' title='bbox 342 3067 478 3113; x_wconf 91' lang='lat' dir='ltr'><strong>non</strong></span> <span class='ocrx_word' id='word_1_228' title='bbox 502 3045 841 3113; x_wconf 85' lang='lat' dir='ltr'><strong>excessisse</strong></span> <span class='ocrx_word' id='word_1_229' title='bbox 861 3067 1045 3114; x_wconf 90' lang='lat' dir='ltr'><strong>suam</strong></span> <span class='ocrx_word' id='word_1_230' title='bbox 1071 3052 1471 3137; x_wconf 88' lang='lat' dir='ltr'><strong>potestatem,</strong></span> <span class='ocrx_word' id='word_1_231' title='bbox 1495 3049 1809 3136; x_wconf 87' lang='lat' dir='ltr'><strong>nulloque</strong></span> <span class='ocrx_word' id='word_1_232' title='bbox 1834 3046 1991 3113; x_wconf 83' lang='lat' dir='ltr'><strong>vitio</strong></span> <span class='ocrx_word' id='word_1_233' title='bbox 2015 3066 2211 3113; x_wconf 91' lang='lat' dir='ltr'><strong>suum</strong></span> <span class='ocrx_word' id='word_1_234' title='bbox 2233 3049 2538 3113; x_wconf 87' lang='lat' dir='ltr'><strong>statutum</strong></span> 
     </span>
     <span class='ocr_line' id='line_1_28' title="bbox 251 3149 2538 3241; baseline 0.001 -26"><span class='ocrx_word' id='word_1_235' title='bbox 251 3149 569 3233; x_wconf 88' lang='lat' dir='ltr'><strong>laborare,</strong></span> <span class='ocrx_word' id='word_1_236' title='bbox 621 3156 685 3217; x_wconf 93' lang='lat' dir='ltr'><strong>et</strong></span> <span class='ocrx_word' id='word_1_237' title='bbox 709 3153 1110 3219; x_wconf 87' lang='lat' dir='ltr'><strong>contrarium</strong></span> <span class='ocrx_word' id='word_1_238' title='bbox 1152 3151 1544 3219; x_wconf 84' lang='lat' dir='ltr'><strong>existimaret</strong></span> <span class='ocrx_word' id='word_1_239' title='bbox 1572 3151 1955 3241; x_wconf 79' lang='lat' dir='ltr'><strong>EpiscopuS,</strong></span> <span class='ocrx_word' id='word_1_240' title='bbox 1997 3150 2078 3218; x_wconf 91' lang='lat' dir='ltr'><strong>ad</strong></span> <span class='ocrx_word' id='word_1_241' title='bbox 2105 3149 2392 3218; x_wconf 86' lang='lat' dir='ltr'><strong>tribunal</strong></span> <span class='ocrx_word' id='word_1_242' title='bbox 2432 3170 2538 3217; x_wconf 90' lang='lat' dir='ltr'><strong>su·</strong></span> 
     </span>
     <span class='ocr_line' id='line_1_29' title="bbox 256 3247 2536 3349; baseline 0.002 -29"><span class='ocrx_word' id='word_1_243' title='bbox 256 3256 471 3342; x_wconf 89' lang='lat' dir='ltr'><strong>perius</strong></span> <span class='ocrx_word' id='word_1_244' title='bbox 496 3278 596 3324; x_wconf 91' lang='lat' dir='ltr'><strong>res</strong></span> <span class='ocrx_word' id='word_1_245' title='bbox 618 3247 965 3326; x_wconf 78' lang='lat' dir='ltr'><strong>deserenda</strong></span> <span class='ocrx_word' id='word_1_246' title='bbox 984 3265 1178 3338; x_wconf 90' lang='lat' dir='ltr'><strong>esset;</strong></span> <span class='ocrx_word' id='word_1_247' title='bbox 1213 3259 1389 3347; x_wconf 90' lang='lat' dir='ltr'><strong>quod</strong></span> <span class='ocrx_word' id='word_1_248' title='bbox 1412 3280 1705 3349; x_wconf 88' lang='lat' dir='ltr'><strong>expresse</strong></span> <span class='ocrx_word' id='word_1_249' title='bbox 1729 3258 2032 3326; x_wconf 86' lang='lat' dir='ltr'><strong>admonet</strong></span> <span class='ocrx_word' id='word_1_250' title='bbox 2049 3278 2243 3347; x_wconf 88' lang='lat' dir='ltr'><strong>supra</strong></span> <span class='ocrx_word' id='word_1_251' title='bbox 2272 3255 2536 3325; x_wconf 87' lang='lat' dir='ltr'><strong>citatum</strong></span> 
     </span>
     <span class='ocr_line' id='line_1_30' title="bbox 255 3361 2541 3454; baseline 0.001 -27"><span class='ocrx_word' id='word_1_252' title='bbox 255 3361 517 3428; x_wconf 89' lang='lat' dir='ltr'><strong>concilii</strong></span> <span class='ocrx_word' id='word_1_253' title='bbox 557 3361 833 3429; x_wconf 88' lang='lat' dir='ltr'><strong>Romani</strong></span> <span class='ocrx_word' id='word_1_254' title='bbox 872 3363 1230 3431; x_wconf 87' lang='lat' dir='ltr'><strong>decretum.</strong></span> <span class='ocrx_word' id='word_1_255' title='bbox 1265 3363 1348 3430; x_wconf 89' lang='lat' dir='ltr'><strong>Et</strong></span> <span class='ocrx_word' id='word_1_256' title='bbox 1373 3364 1521 3432; x_wconf 92' lang='lat' dir='ltr'><strong>ideo</strong></span> <span class='ocrx_word' id='word_1_257' title='bbox 1541 3363 1874 3454; x_wconf 82' lang='lat' dir='ltr'><strong>jushabet</strong></span> <span class='ocrx_word' id='word_1_258' title='bbox 1900 3362 2253 3454; x_wconf 85' lang='lat' dir='ltr'><strong>Episcopus</strong></span> <span class='ocrx_word' id='word_1_259' title='bbox 2295 3363 2541 3454; x_wconf 87' lang='lat' dir='ltr'><strong>capitu-</strong></span> 
     </span>
     <span class='ocr_line' id='line_1_31' title="bbox 253 3467 2544 3560; baseline -0.001 -26"><span class='ocrx_word' id='word_1_260' title='bbox 253 3467 418 3535; x_wconf 89' lang='lat' dir='ltr'><strong>lares</strong></span> <span class='ocrx_word' id='word_1_261' title='bbox 438 3470 711 3557; x_wconf 87' lang='lat' dir='ltr'><strong>cogendi</strong></span> <span class='ocrx_word' id='word_1_262' title='bbox 740 3474 816 3536; x_wconf 90' lang='lat' dir='ltr'><strong>ut</strong></span> <span class='ocrx_word' id='word_1_263' title='bbox 840 3471 1057 3537; x_wconf 90' lang='lat' dir='ltr'><strong>omnia</strong></span> <span class='ocrx_word' id='word_1_264' title='bbox 1080 3493 1197 3538; x_wconf 91' lang='lat' dir='ltr'><strong>sua</strong></span> <span class='ocrx_word' id='word_1_265' title='bbox 1219 3476 1451 3539; x_wconf 79' lang='lat' dir='ltr'><strong>statuta</strong></span> <span class='ocrx_word' id='word_1_266' title='bbox 1472 3476 1536 3538; x_wconf 91' lang='lat' dir='ltr'><strong>et</strong></span> <span class='ocrx_word' id='word_1_267' title='bbox 1561 3471 1817 3539; x_wconf 89' lang='lat' dir='ltr'><strong>decreta</strong></span> <span class='ocrx_word' id='word_1_268' title='bbox 1839 3470 1964 3560; x_wconf 90' lang='lat' dir='ltr'><strong>ipsi</strong></span> <span class='ocrx_word' id='word_1_269' title='bbox 1985 3469 2354 3553; x_wconf 83' lang='lat' dir='ltr'><strong>ostendant3</strong></span> <span class='ocrx_word' id='word_1_270' title='bbox 2386 3467 2544 3556; x_wconf 89' lang='lat' dir='ltr'><strong>quia</strong></span> 
     </span>
     <span class='ocr_line' id='line_1_32' title="bbox 253 3575 2540 3667; baseline -0.001 -28"><span class='ocrx_word' id='word_1_271' title='bbox 253 3596 490 3663; x_wconf 83' lang='lat' dir='ltr'><strong>nempe</strong></span> <span class='ocrx_word' id='word_1_272' title='bbox 510 3578 622 3664; x_wconf 89' lang='lat' dir='ltr'><strong>jus</strong></span> <span class='ocrx_word' id='word_1_273' title='bbox 649 3575 841 3642; x_wconf 87' lang='lat' dir='ltr'><strong>habet</strong></span> <span class='ocrx_word' id='word_1_274' title='bbox 867 3576 1254 3665; x_wconf 86' lang='lat' dir='ltr'><strong>invigilandi</strong></span> <span class='ocrx_word' id='word_1_275' title='bbox 1278 3599 1361 3644; x_wconf 91' lang='lat' dir='ltr'><strong>ne</strong></span> <span class='ocrx_word' id='word_1_276' title='bbox 1383 3577 1745 3667; x_wconf 90' lang='lat' dir='ltr'><strong>capitulum</strong></span> <span class='ocrx_word' id='word_1_277' title='bbox 1772 3577 2109 3665; x_wconf 87' lang='lat' dir='ltr'><strong>illegitima</strong></span> <span class='ocrx_word' id='word_1_278' title='bbox 2134 3580 2421 3657; x_wconf 87' lang='lat' dir='ltr'><strong>attentet,</strong></span> <span class='ocrx_word' id='word_1_279' title='bbox 2453 3579 2540 3657; x_wconf 86' lang='lat' dir='ltr'><strong>et,</strong></span> 
     </span>
     <span class='ocr_line' id='line_1_33' title="bbox 258 3679 2540 3772; baseline -0.002 -26"><span class='ocrx_word' id='word_1_280' title='bbox 258 3680 308 3747; x_wconf 89' lang='lat' dir='ltr'><strong>si</strong></span> <span class='ocrx_word' id='word_1_281' title='bbox 338 3681 702 3766; x_wconf 87' lang='lat' dir='ltr'><strong>excesserit,</strong></span> <span class='ocrx_word' id='word_1_282' title='bbox 747 3679 966 3771; x_wconf 88' lang='lat' dir='ltr'><strong>ipsum</strong></span> <span class='ocrx_word' id='word_1_283' title='bbox 989 3681 1271 3769; x_wconf 88' lang='lat' dir='ltr'><strong>juridice</strong></span> <span class='ocrx_word' id='word_1_284' title='bbox 1305 3681 1629 3772; x_wconf 90' lang='lat' dir='ltr'><strong>plectendi</strong></span> <span class='ocrx_word' id='word_1_285' title='bbox 1669 3687 1732 3751; x_wconf 82' lang='lat' dir='ltr'><strong>et</strong></span> <span class='ocrx_word' id='word_1_286' title='bbox 1771 3682 2138 3751; x_wconf 87' lang='lat' dir='ltr'><strong>coarctandi</strong></span> <span class='ocrx_word' id='word_1_287' title='bbox 2176 3683 2350 3749; x_wconf 88' lang='lat' dir='ltr'><strong>intra</strong></span> <span class='ocrx_word' id='word_1_288' title='bbox 2390 3697 2540 3765; x_wconf 90' lang='lat' dir='ltr'><strong>pro·</strong></span> 
     </span>
     <span class='ocr_line' id='line_1_34' title="bbox 254 3787 713 3877; baseline 0 -23"><span class='ocrx_word' id='word_1_289' title='bbox 254 3790 428 3877; x_wconf 85' lang='lat' dir='ltr'><strong>prios</strong></span> <span class='ocrx_word' id='word_1_290' title='bbox 444 3787 713 3854; x_wconf 76' lang='lat' dir='ltr'><strong>limites,</strong></span> 
     </span>
    </p>

    <p class='ocr_par' dir='ltr' id='par_1_5' title="bbox 256 3889 2544 4407">
     <span class='ocr_line' id='line_1_35' title="bbox 346 3889 2536 3985; baseline -0.003 -22"><span class='ocrx_word' id='word_1_291' title='bbox 346 3895 724 3963; x_wconf 77' lang='lat' dir='ltr'><strong>Pnorosmo</strong></span> <span class='ocrx_word' id='word_1_292' title='bbox 770 3891 858 3959; x_wconf 75' lang='lat'><strong>6⁸.</strong></span> <span class='ocrx_word' id='word_1_293' title='bbox 910 3930 998 3942; x_wconf 92' lang='lat'>-</span> <span class='ocrx_word' id='word_1_294' title='bbox 1038 3896 1262 3961; x_wconf 88' lang='lat' dir='ltr'><strong>Potest</strong></span> <span class='ocrx_word' id='word_1_295' title='bbox 1309 3893 1705 3985; x_wconf 84' lang='lat' dir='ltr'><strong>capitulum,</strong></span> <span class='ocrx_word' id='word_1_296' title='bbox 1749 3894 2125 3961; x_wconf 86' lang='lat' dir='ltr'><strong>inconsulto</strong></span> <span class='ocrx_word' id='word_1_297' title='bbox 2173 3889 2536 3983; x_wconf 82' lang='lat' dir='ltr'><strong>Episcopo,</strong></span> 
     </span>
     <span class='ocr_line' id='line_1_36' title="bbox 256 3996 2544 4089; baseline -0.002 -20"><span class='ocrx_word' id='word_1_298' title='bbox 256 4013 549 4070; x_wconf 77' lang='lat' dir='ltr'><strong>statuere</strong></span> <span class='ocrx_word' id='word_1_299' title='bbox 584 3999 788 4068; x_wconf 84' lang='lat' dir='ltr'><strong>etiam</strong></span> <span class='ocrx_word' id='word_1_300' title='bbox 821 3998 996 4067; x_wconf 84' lang='lat' dir='ltr'><strong>circa</strong></span> <span class='ocrx_word' id='word_1_301' title='bbox 1022 3998 1235 4069; x_wconf 88' lang='lat' dir='ltr'><strong>ardua</strong></span> <span class='ocrx_word' id='word_1_302' title='bbox 1259 4013 1323 4068; x_wconf 88' lang='lat' dir='ltr'><strong>et</strong></span> <span class='ocrx_word' id='word_1_303' title='bbox 1346 4012 1601 4069; x_wconf 88' lang='lat' dir='ltr'><strong>statum</strong></span> <span class='ocrx_word' id='word_1_304' title='bbox 1624 4000 1915 4068; x_wconf 71' lang='lat' dir='ltr'><strong>ecclesiae</strong></span> <span class='ocrx_word' id='word_1_305' title='bbox 1944 4009 2009 4065; x_wconf 91' lang='lat' dir='ltr'><strong>et</strong></span> <span class='ocrx_word' id='word_1_306' title='bbox 2024 4000 2195 4087; x_wconf 85' lang='lat' dir='ltr'><strong>jura</strong></span> <span class='ocrx_word' id='word_1_307' title='bbox 2216 3996 2544 4089; x_wconf 82' lang='lat' dir='ltr'><strong>Episcopi</strong></span> 
     </span>
     <span class='ocr_line' id='line_1_37' title="bbox 264 4102 2538 4198; baseline -0.001 -24"><span class='ocrx_word' id='word_1_308' title='bbox 264 4107 617 4198; x_wconf 78' lang='lat' dir='ltr'><strong>tanqentia</strong></span> <span class='ocrx_word' id='word_1_309' title='bbox 637 4126 661 4172; x_wconf 91' lang='lat'><strong>.·</strong></span> <span class='ocrx_word' id='word_1_310' title='bbox 680 4104 795 4172; x_wconf 89' lang='lat' dir='ltr'><strong>sed</strong></span> <span class='ocrx_word' id='word_1_311' title='bbox 808 4105 999 4172; x_wconf 87' lang='lat' dir='ltr'><strong>nulla</strong></span> <span class='ocrx_word' id='word_1_312' title='bbox 1023 4120 1086 4173; x_wconf 92' lang='lat' dir='ltr'><strong>et</strong></span> <span class='ocrx_word' id='word_1_313' title='bbox 1110 4107 1312 4174; x_wconf 84' lang='lat' dir='ltr'><strong>irrita</strong></span> <span class='ocrx_word' id='word_1_314' title='bbox 1337 4117 1688 4175; x_wconf 87' lang='lat' dir='ltr'><strong>remanent</strong></span> <span class='ocrx_word' id='word_1_315' title='bbox 1718 4104 1887 4180; x_wconf 87' lang='lat' dir='ltr'><strong>talia</strong></span> <span class='ocrx_word' id='word_1_316' title='bbox 1913 4115 2175 4171; x_wconf 88' lang='lat' dir='ltr'><strong>statuta</strong></span> <span class='ocrx_word' id='word_1_317' title='bbox 2193 4102 2394 4172; x_wconf 86' lang='lat' dir='ltr'><strong>donec</strong></span> <span class='ocrx_word' id='word_1_318' title='bbox 2419 4127 2538 4172; x_wconf 90' lang='lat' dir='ltr'><strong>ac·-</strong></span> 
     </span>
     <span class='ocr_line' id='line_1_38' title="bbox 265 4207 2542 4303; baseline -0.003 -26"><span class='ocrx_word' id='word_1_319' title='bbox 265 4211 518 4279; x_wconf 89' lang='lat' dir='ltr'><strong>cesserit</strong></span> <span class='ocrx_word' id='word_1_320' title='bbox 545 4232 889 4278; x_wconf 87' lang='lat' dir='ltr'><strong>consensus</strong></span> <span class='ocrx_word' id='word_1_321' title='bbox 916 4213 1259 4303; x_wconf 82' lang='lat' dir='ltr'><strong>Episcopi,</strong></span> <span class='ocrx_word' id='word_1_322' title='bbox 1291 4213 1537 4279; x_wconf 87' lang='lat' dir='ltr'><strong>saltem</strong></span> <span class='ocrx_word' id='word_1_323' title='bbox 1562 4207 1827 4288; x_wconf 88' lang='lat' dir='ltr'><strong>tacitus,</strong></span> <span class='ocrx_word' id='word_1_324' title='bbox 1864 4220 1927 4275; x_wconf 90' lang='lat' dir='ltr'><strong>et</strong></span> <span class='ocrx_word' id='word_1_325' title='bbox 1958 4210 2200 4277; x_wconf 87' lang='lat' dir='ltr'><strong>saltem</strong></span> <span class='ocrx_word' id='word_1_326' title='bbox 2225 4232 2306 4277; x_wconf 75' lang='lat' dir='ltr'><strong>ex</strong></span> <span class='ocrx_word' id='word_1_327' title='bbox 2335 4210 2542 4294; x_wconf 74' lang='lat' dir='ltr'><strong>lonqa</strong></span> 
     </span>
     <span class='ocr_line' id='line_1_39' title="bbox 269 4309 2540 4407; baseline -0.002 -25"><span class='ocrx_word' id='word_1_328' title='bbox 269 4317 632 4386; x_wconf 87' lang='lat' dir='ltr'><strong>tolerantia</strong></span> <span class='ocrx_word' id='word_1_329' title='bbox 660 4319 1178 4407; x_wconf 53' lang='lat' dir='ltr'><strong>suppositus2—</strong></span> <span class='ocrx_word' id='word_1_330' title='bbox 1205 4318 1297 4386; x_wconf 84' lang='lat' dir='ltr'><strong>lta</strong></span> <span class='ocrx_word' id='word_1_331' title='bbox 1322 4318 1604 4384; x_wconf 84' lang='lat' dir='ltr'><strong>collectae</strong></span> <span class='ocrx_word' id='word_1_332' title='bbox 1629 4315 1700 4382; x_wconf 92' lang='lat' dir='ltr'><strong>in</strong></span> <span class='ocrx_word' id='word_1_333' title='bbox 1728 4317 2112 4405; x_wconf 84' lang='lat' dir='ltr'><strong>praecedenti</strong></span> <span class='ocrx_word' id='word_1_334' title='bbox 2139 4309 2540 4405; x_wconf 83' lang='lat' dir='ltr'><strong>paragrapho</strong></span> 
     </span>
    </p>
   </div>
  </div>
 </body>
</html>
