2930 4982
365 325 441 379 26
453 327 488 378 4
1334 332 1675 379 TRAGTATUS

362 453 446 521 22
494 452 994 537 cathedralibuS‚
1047 458 1109 519 et
1147 459 1451 542 praeterea
1484 453 1680 520 unius
1721 454 2133 520 canonicatus
2173 474 2248 520 ex
2276 451 2354 520 iis
2393 454 2509 541 qui
2539 453 2661 521 di-

363 564 603 628 cuntur
636 558 714 625 de
743 559 971 649 qratia
1005 560 1075 626 in
1106 560 1374 646 reliquis
1411 558 1721 626 omnibus
1765 559 2091 649 capitulis,
2126 560 2218 626 sic
2247 580 2367 650 pro
2405 559 2659 628 caeteris

364 664 728 755 praebendis
766 664 1067 731 statuitur
1100 688 1116 730 :
1159 688 1195 727 «
1221 662 1324 731 Ad
1362 663 1745 752 dignitatem
1790 664 2018 732 decani
2050 665 2121 731 in
2154 665 2408 732 cunctis
2445 664 2660 732 eccle-

374 798 409 839 «
446 772 581 858 siis,
607 777 670 839 et
698 769 926 859 quovis
950 776 1077 837 tem
1087 791 1239 859 pore
1260 792 1336 839 ac
1365 771 1557 839 modo
1583 776 1787 858 vacet,
1817 773 1997 859 regia
2024 770 2318 861 Maiestas
2344 776 2662 861 perpetuo
2712 762 2719 768 ⁸

374 904 409 942 ι(
440 876 828 945 nominabit.
866 874 1383 944 Canonicatuum
1423 876 1504 945 de
1544 877 1766 967 officio
1808 877 1896 967 (1)
1943 877 2223 966 provisio
2251 878 2332 945 ad
2362 877 2664 966 praelatos

373 1008 407 1047 ε(
440 989 503 1051 et
528 980 807 1071 capitula
840 982 1081 1069 praevio
1105 1004 1427 1050 concursu
1451 982 1820 1073 pertinebit.
1846 981 2105 1050 Caeteris
2127 981 2550 1070 dignitatibus
2575 1003 2661 1050 ac

375 1110 411 1151 «
450 1085 939 1153 canonicatibus
965 1086 1256 1176 Majestas
1281 1110 1396 1156 sua
1414 1096 1477 1156 et
1503 1088 1998 1179 Archiepiscopi
2029 1094 2092 1157 et
2111 1088 2412 1180 Episcopi
2440 1090 2664 1157 stricte

374 1217 409 1257 «
450 1192 827 1261 alternando
863 1194 1321 1283 providebunt.
1362 1221 1395 1260 »

1451 1417 1570 1495 §4

786 1571 859 1608 AN
887 1572 950 1609 ET
978 1571 1098 1616 QUAE
1129 1570 1408 1610 Episcopus
1436 1572 1696 1611 CAPITULO
1729 1573 2029 1611 PRAECIPERE
2053 1572 2232 1611 Possm·

464 1725 527 1790 1⁰
553 1724 763 1792 Potest
784 1724 1149 1815 Episcopus
1178 1726 1456 1816 capitulo
1482 1728 1834 1817 praecipere
1858 1732 1919 1794 et
1937 1728 2018 1795 ad
2036 1725 2465 1795 obediendum
2487 1725 2668 1793 obli-

373 1849 523 1918 gare
542 1856 562 1916 3
614 1830 808 1898 modo
850 1836 1068 1899 tamen
1099 1852 1174 1899 ea
1206 1836 1462 1898 tantum
1503 1831 1861 1922 praecipiat,
1901 1833 1983 1901 ad
2011 1854 2159 1921 quae
2194 1830 2555 1922 praestanda
2583 1852 2667 1899 ex

364 1936 513 2025 jure
535 1936 852 2003 canonico
882 1941 1183 2004 tenentur
1210 1937 1538 2005 canonici.

472 2066 507 2105 «
546 2040 864 2110 Probatur
905 2043 1117 2133 prima
1146 2066 1295 2135 pars
1323 2068 1397 2112 ex
1426 2044 1632 2135 capite
1675 2046 2145 2134 Conquerente,
2178 2043 2257 2112 de
2285 2044 2506 2134 officio
2535 2044 2667 2110 Or-

382 2174 416 2212 «
457 2145 730 2235 dinarii,
764 2148 880 2217 ubi
907 2150 1323 2238 assignantur
1352 2155 1414 2218 et
1441 2158 1912 2219 enumerantur
1928 2154 2080 2241 jura
2108 2150 2435 2219 Ordinarii
2465 2172 2665 2240 supra

384 2278 417 2316 «
460 2253 756 2321 ecclesias
785 2254 906 2322 sibi
934 2256 1276 2346 subjectas,
1310 2255 1468 2325 Item
1491 2279 1568 2325 ex
1594 2257 1873 2340 ratione3
1905 2257 2060 2346 quia
2086 2255 2444 2346 Episcopus
2470 2255 2667 2321 habet

384 2384 417 2421 «
458 2359 530 2424 in
553 2380 668 2426 sua
697 2358 955 2427 dioecesi
984 2366 1357 2450 potestatem
1372 2361 1847 2449 jurisdictionis
1877 2383 2007 2429 non
2038 2362 2251 2429 solum
2279 2362 2348 2427 in
2373 2360 2668 2448 singulos

380 2490 414 2530 ι(
460 2463 756 2544 clericOS,
799 2465 909 2535 sed
951 2467 1022 2535 in
1061 2468 1281 2558 ipsum
1337 2467 1701 2557 capitulum
1743 2468 2147 2553 cathedraliS,
2202 2466 2388 2558 cujus
2430 2466 2483 2534 si
2526 2487 2666 2556 qua

384 2596 419 2636 «
457 2572 617 2639 olim
665 2572 858 2639 fuerit
906 2575 1257 2664 exemptio,
1303 2574 1557 2642 sublata
1602 2580 1695 2641 est
1745 2597 1860 2663 per
1912 2575 2246 2642 decretum
2302 2573 2670 2640 Tridentini

379 2678 550 2768 (sess,
583 2679 651 2760 6,
684 2702 741 2747 c.
779 2681 820 2747 4
846 2683 941 2746 De
962 2680 1120 2770 ref.)

403 2787 404 2790 ’
477 2809 511 2849 «
549 2785 865 2854 Probatur
910 2788 1191 2854 secunda
1231 2809 1380 2877 pars
1425 2787 1517 2877 (2)
1561 2809 1639 2854 ex
1677 2788 1903 2856 eodem
1940 2769 2159 2878 capite
2191 2790 2664 2878 Conquerente,

385 2915 419 2956 (ε
465 2892 581 2959 ubi
621 2891 913 2961 Pontifex
957 2895 1047 2961 ait
1083 2920 1098 2963 ε
1136 2893 1237 2960 Tu
1266 2895 1370 2962 his
1395 2895 1663 2983 juribus
1693 2900 2059 2981 contentus,
2085 2917 2218 2962 non
2255 2895 2538 2985 amplius
2577 2891 2663 2958 ab

386 3023 420 3060 ι(
462 2997 552 3063 eis
570 2998 809 3087 exigas.
832 2999 913 3067 Et
936 3022 1184 3068 canone
1211 3000 1386 3083 Quia
1411 3000 1834 3089 coqnovimus
1858 3000 1949 3090 (6,
1968 3022 2178 3068 causae
2198 3000 2304 3083 10,
2328 3023 2395 3089 q.
2420 2998 2514 3088 3),
2544 2995 2665 3064 ubi

389 3125 421 3165 «
463 3104 814 3171 concilium
847 3104 1233 3175 Toletanum
1264 3108 1562 3198 praecipit
1590 3129 1673 3174 ne
1700 3106 2001 3197 Episcopi
2029 3107 2176 3197 plus
2205 3108 2467 3194 exigant
2497 3104 2666 3171 ultra

389 3232 421 3270 «
467 3210 919 3300 praescriptum
949 3235 986 3279 a
1016 3214 1212 3281 sacris
1246 3199 1629 3281 canonibus.
1678 3213 1947 3280 Accedit
1982 3213 2324 3279 auctoritas
2370 3208 2667 3300 Fagnani

389 3336 420 3374 «
458 3312 556 3398 (in
583 3336 722 3404 cap.
766 3317 1235 3409 Conquerente)
1270 3319 1608 3387 asserentis
1637 3317 1988 3408 Episcopos
2031 3339 2166 3385 non
2197 3339 2383 3407 posse
2411 3317 2664 3405 exigere

387 3441 423 3482 ι(
464 3438 504 3486 a
541 3419 792 3488 clericis
830 3444 964 3491 suae
1001 3425 1292 3493 dioecesis
1329 3426 1549 3513 aliqua
1587 3425 1843 3492 servitia
1870 3446 2017 3511 quae
2045 3424 2115 3490 in
2155 3424 2305 3512 jure
2344 3445 2481 3490 non
2510 3427 2665 3489 sunt

390 3547 422 3586 «
467 3544 779 3613 expressa.
826 3526 1008 3597 Ratio
1036 3536 1153 3616 est,
1185 3532 1338 3619 quia
1373 3529 1743 3618 jurisdictio
1772 3528 2241 3619 Episcoporum
2283 3528 2598 3615 dependet
2624 3549 2664 3594 a

389 3655 425 3694 «
470 3627 745 3701 Summo
794 3632 1106 3704 Pontifice
1152 3635 1222 3701 in
1267 3634 1699 3722 assignatione
1743 3631 2025 3699 materiae
2068 3639 2131 3699 et
2173 3632 2590 3701 subditorum
2638 3653 2655 3695 ε

388 3760 423 3800 «
466 3735 778 3808 Summus
804 3747 1020 3809 autem
1058 3739 1354 3809 Pontifex
1384 3740 1478 3831 (in
1522 3741 1714 3807 citato
1754 3741 1959 3827 capite
1998 3739 2471 3830 Conquerente)
2510 3738 2664 3806 assi-

385 3868 418 3905 «
465 3848 689 3931 gnavit
732 3848 1070 3918 materiam
1129 3848 1200 3915 in
1248 3870 1449 3938 quam
1495 3846 1796 3937 Episcopi
1851 3867 2032 3912 suam
2083 3844 2319 3912 debent
2370 3862 2664 3913 exercere

442 3998 506 4062 (i)
538 4000 822 4055 Praebendae
845 4007 899 4057 in
918 4006 1155 4069 Hispania
1177 4006 1426 4069 triplicem
1445 4006 1501 4053 in
1526 4004 1736 4054 classem
1760 4002 1997 4063 distingui
2020 4000 2218 4050 solent:
2251 4005 2302 4050 ιο
2324 4000 2666 4062 Dignitatum;

379 4083 431 4128 2ο
462 4084 822 4135 canonicorum
861 4088 923 4136 de
955 4087 1134 4152 officie,
1165 4089 1256 4149 qui
1283 4089 1403 4136 sunt
1431 4088 1670 4147 quatuor,
1696 4082 2014 4145 magistralis,
2040 4081 2326 4141 doctoralis,
2350 4081 2598 4132 lectoralis
2612 4085 2671 4129 et

379 4159 813 4224 poenitentiarius·;
848 4170 902 4215 et
937 4166 993 4216 hi
1029 4173 1247 4230 quatuor
1275 4168 1430 4218 etiam
1460 4179 1524 4215 ex
1555 4167 1746 4214 recenti
1769 4162 2068 4212 concordato
2099 4163 2351 4212 nominari
2376 4162 2562 4213 debent
2580 4173 2670 4223 per

379 4251 701 4290 concursum.
748 4243 800 4290 30
831 4244 1168 4298 canonicatus
1196 4248 1376 4311 reliqui
1404 4246 1647 4295 dicuntur
1675 4244 1736 4292 de
1764 4244 1965 4307 qratia.

444 4320 508 4384 (2)
544 4318 735 4384 Nempe
766 4326 1066 4385 potestatem
1098 4327 1416 4388 praecipiendi
1448 4337 1603 4388 quam
1628 4324 1778 4373 habet
1804 4322 2237 4386 Episcopus,-non
2270 4323 2479 4373 extendi
2509 4319 2571 4371 ad
2603 4330 2668 4367 ea

375 4405 430 4453 in
450 4401 633 4464 quihus
656 4415 719 4454 ex
736 4404 853 4464 jure
874 4405 1113 4453 canonico
1134 4417 1239 4454 non
1259 4409 1464 4455 tenetur
1480 4404 1687 4455 obedire
1711 4404 2012 4466 capitulum.
