2930 4982
1104 404 1178 448 nn
1226 403 1552 449 carneus.
2354 396 2470 452 531

278 526 358 594 ll.
389 526 662 607 Quando
687 524 951 593 nullitas
974 522 1269 614 provenit
1293 543 1368 589 ex
1385 521 1725 589 violatione
1747 523 2181 614 dispositionis
2211 523 2486 594 Triden-

189 636 367 717 tinae,
417 656 501 700 an
536 633 660 701 hoc
721 634 859 722 ipso
899 631 1116 698 statim
1154 630 1352 719 possit
1394 627 1944 717 Metropolitanus,
1990 631 2094 698 vel
2132 634 2487 723 respective

191 740 521 828 antiquior
547 762 624 806 ex
666 738 1111 826 suffraganeis,
1144 737 1244 803 vel
1274 735 1557 803 vicinior
1590 732 1966 825 EpiscopuS,
2001 735 2135 825 ipse
2166 739 2488 807 vicarium

193 846 615 936 capitularem
652 846 1008 935 deputare?
1038 882 1129 895 —
1159 842 1369 911 Potest
1405 841 1673 931 quidem
1720 842 1806 908 ita
1835 842 2047 908 statim
2079 844 2380 933 deputare
2420 847 2489 914 in

194 974 347 1020 casu
378 953 630 1037 omissae
654 951 1006 1041 electionis,
1039 955 1112 1017 ut
1139 949 1426 1016 vidimus
1454 969 1672 1038 supra.
1697 945 1929 1015 Statim
1959 947 2203 1015 scilicet
2230 951 2493 1039 expletis

193 1065 339 1129 octo
366 1060 597 1127 diebus
632 1063 837 1148 potest
869 1058 976 1124 ille
1006 1058 1083 1124 ad
1124 1079 1320 1144 quem
1362 1055 1589 1123 electio
1619 1054 1984 1122 devolvitur
2013 1054 2333 1122 vicarium
2378 1055 2494 1122 eli-

197 1189 349 1256 gere
373 1173 432 1233 et
457 1166 868 1234 constituere.
908 1165 997 1234 At
1022 1166 1090 1232 in
1116 1165 1316 1233 altero
1346 1187 1497 1232 casu
1528 1185 1658 1253 quo
1684 1163 1902 1230 locum
1927 1160 2121 1229 habet
2144 1160 2494 1243 devolutiO,

199 1275 272 1340 in
300 1295 452 1357 casu
475 1295 710 1362 nempe
735 1272 921 1339 electi
946 1294 1080 1339 non
1108 1270 1392 1338 doctoris
1421 1271 1522 1338 vel
1548 1292 1682 1339 non
1711 1267 1956 1351 idonei,
1990 1289 2073 1334 an
2095 1270 2308 1335 statim
2329 1267 2498 1337 vica-

198 1381 377 1447 rium
408 1379 713 1470 deputare
746 1377 996 1469 possit‘?
1042 1377 1573 1447 Controvertitur.
1618 1375 1968 1467 Duplicem
2011 1375 2187 1442 enim
2217 1376 2387 1444 circa
2423 1376 2500 1443 il-

197 1487 349 1553 lum
379 1508 601 1553 casum
636 1485 996 1575 reperimus
1032 1485 1443 1551 sententiam.

295 1593 483 1661 Juxta
516 1592 896 1661 sententiam
925 1589 1267 1680 Pignatelli
1299 1613 1433 1658 non
1463 1593 1669 1680 potest
1695 1590 1765 1657 in
1792 1591 1917 1657 hoc
1942 1612 2097 1658 casu
2129 1587 2506 1678 metropoli-

203 1709 395 1770 tanus
450 1702 582 1790 ipse
637 1700 851 1791 statim
910 1698 1218 1787 deputare
1268 1697 1588 1766 vicarium
1638 1697 1718 1764 ad
1770 1694 2121 1784 regendam
2172 1694 2504 1762 ecclesiam

205 1809 678 1897 suffraganeam
721 1809 1054 1873 vacantem
1087 1828 1103 1885 ;
1139 1804 1247 1872 sed
1275 1805 1463 1872 debet
1493 1826 1757 1873 monere
1789 1804 2152 1893 capitulum
2190 1802 2270 1869 de
2297 1802 2504 1869 nulli-

204 1921 329 1982 tate
372 1913 696 1982 electionis
738 1912 933 1989 factae,
969 1916 1030 1978 et
1066 1910 1191 2000 ipsi
1227 1911 2002 1978 terminunrconstituere
2033 1910 2113 1975 ad
2153 1930 2388 1976 novam
2415 1908 2506 1975 fa-

205 2021 502 2087 ciendam
564 2020 972 2086 electionem.
1011 2015 1201 2096 Quod
1247 2017 1340 2084 sic
1374 2016 1635 2106 exponit
1671 2022 1732 2084 et
1761 2012 2252 2106 probationibus
2291 2014 2513 2079 firmat

201 2126 560 2213 praedictus
585 2132 835 2191 auctor:
1792 2136 1799 2142 ’

310 2230 644 2298 «Videtur
691 2251 1058 2320 repugnare
1110 2228 1221 2318 (ait
1264 2227 1687 2317 PignatelluS,
1731 2233 1777 2294 t.
1825 2226 2003 2307 VIII,
2050 2227 2329 2293 consult.
2392 2225 2504 2309 34,

218 2360 251 2396 «
284 2357 355 2402 n.
389 2333 481 2425 8),
509 2357 642 2402 non
667 2335 881 2402 solum
912 2335 1191 2403 concilio
1213 2333 1626 2422 Tridentino,
1657 2333 1764 2402 sed
1795 2334 1989 2401 etiam
2014 2333 2128 2400 toti
2147 2332 2285 2422 juri
2317 2353 2513 2400 cano·

215 2467 248 2505 «
278 2440 454 2529 nicO,
498 2447 569 2509 ut
606 2442 899 2534 superior
936 2443 1012 2511 ad
1057 2464 1254 2531 quem
1299 2441 1664 2510 devolvitur
1705 2440 1932 2509 electio
1981 2440 2077 2508 vel
2125 2440 2382 2508 collatio
2430 2439 2514 2509 ob

216 2574 253 2613 «
282 2549 745 2638 negligentiam
801 2551 905 2618 vel
962 2549 1203 2616 malam
1260 2548 1643 2616 electionem
1704 2546 2054 2628 inferioriS,
2118 2568 2250 2613 non
2312 2548 2516 2638 possit

220 2682 256 2721 «
288 2657 607 2735 conferre,
655 2656 764 2724 sed
807 2656 1033 2723 debeat
1067 2657 1282 2723 eidem
1315 2655 1611 2722 inferiori
1662 2676 1902 2722 novam
1946 2654 2361 2722 collationem
2408 2655 2514 2724 vel

220 2790 256 2829 «
290 2763 666 2831 electionem
691 2762 1111 2830 demandare.
1150 2762 1274 2830 Hic
1311 2762 1491 2829 enim
1531 2767 1624 2829 est
1661 2761 1926 2829 effectus
1959 2761 2411 2844 devolutioniS,
2443 2767 2518 2829 ut

223 2894 257 2932 «
289 2890 364 2935 ea
397 2867 667 2935 facultas
699 2889 846 2955 quae
877 2867 1172 2935 inferiori
1216 2868 1618 2957 competebat
1657 2872 1934 2934 transeat
1971 2868 2041 2934 in
2084 2866 2511 2956 superiorem,

224 3002 259 3038 c<
292 2974 533 3061 illaque
561 2994 678 3061 pro
709 2994 781 3038 ea
803 2971 944 3039 vice
973 2973 1314 3040 destitutus
1342 2978 1673 3039 remaneat
1694 2971 1964 3039 inferior
1993 2972 2062 3038 in
2094 2994 2355 3061 poenam
2383 2994 2514 3040 suae

226 3076 709 3166 «negligentiae
757 3075 859 3144 vel
906 3076 1112 3166 culpae
1160 3078 1229 3143 in
1288 3099 1423 3143 non
1478 3076 1867 3145 conferendo
1917 3079 2016 3145 vel
2073 3079 2243 3145 male
2294 3078 2515 3145 conse-

226 3209 263 3249 «
291 3182 520 3250 rendo.
549 3206 586 3245 ³>
623 3181 807 3249 Hanc
844 3184 1157 3274 rationem
1187 3187 1529 3273 postquam
1556 3185 1792 3251 evolvit
1820 3186 2048 3253 citatus
2076 3191 2323 3269 auctor,
2362 3207 2515 3253 con-

222 3287 435 3355 cludit
460 3287 890 3354 nihilominus
914 3287 981 3354 in
1003 3288 1429 3366 contrarium,
1456 3288 1562 3355 his
1583 3289 1796 3356 verbis
1820 3314 1836 3357 z

318 3420 354 3458 «
380 3394 498 3462 His
522 3400 739 3460 tamen
761 3394 1035 3461 minime
1058 3395 1484 3478 obstantibus,
1511 3417 1738 3463 censeo
1759 3397 2305 3487 respondendum,
2333 3418 2518 3466 men-

229 3529 262 3566 «
291 3509 431 3569 tem
455 3501 712 3569 concilii
739 3501 933 3569 fuisse
957 3503 1265 3571 inducere
1281 3502 1523 3571 dictam
1544 3504 2017 3572 devolu-tionem
2034 3504 2115 3572 ad
2139 3503 2520 3593 metropoli-

227 3633 261 3671 «
297 3615 527 3676 tanum
580 3608 652 3674 in
715 3630 872 3675 casu
924 3631 1058 3677 non
1109 3610 1291 3676 factae
1340 3610 1670 3696 electionis
1735 3611 1903 3676 intra
1957 3609 2318 3677 terminum
2377 3615 2520 3678 octo

229 3741 261 3778 «
293 3715 596 3796 dierum3
639 3735 772 3780 non
808 3720 1025 3781 tamen
1063 3715 1117 3782 si
1148 3717 1219 3782 in
1252 3720 1543 3805 tempore
1583 3717 1744 3784 facta
1774 3718 1968 3785 suerit
2001 3718 2111 3784 sed
2147 3717 2411 3783 nulliter
2442 3716 2520 3784 de

232 3846 264 3884 «
294 3842 437 3889 non
472 3820 753 3903 doctore,
802 3821 1220 3889 existentibus
1252 3822 1648 3890 doctoribus.
1687 3822 2027 3890 Devolutio
2065 3822 2242 3889 enim
2288 3823 2520 3912 hujus-

231 3953 265 3991 «
294 3927 479 3995 modi
520 3933 613 3994 est
647 3949 836 4017 poena
869 3927 1166 4017 imposita
1201 3929 1643 4019 principaliter
1669 3930 1751 3997 ob
1794 3930 2260 4018 negligentiam
2295 3931 2363 3996 in
2407 3952 2520 4021 ge-

234 4061 266 4099 «
296 4033 504 4101 rendo
529 4040 671 4102 actu
692 4059 708 4118 ;
732 4056 877 4123 quae
897 4057 1027 4102 non
1046 4034 1233 4102 debet
1255 4037 1506 4104 extendi
1527 4039 1605 4104 ad
1636 4059 1858 4105 casum
1892 4059 2021 4125 quo
2047 4044 2226 4104 actus
2255 4038 2522 4126 quidem

235 4146 519 4229 «gestus
555 4140 700 4227 fuit,
755 4143 863 4209 sed
894 4142 1160 4209 nulliter
1181 4170 1199 4230 ;
1258 4166 1411 4210 cum
1445 4146 1667 4212 minus
1710 4144 1790 4212 sit
1814 4166 2075 4234 peccare
2104 4146 2175 4212 in
2218 4147 2525 4234 qualitate

234 4270 269 4309 «
299 4267 506 4338 quam
539 4246 606 4312 in
637 4247 1035 4335 substantia3
1083 4251 1365 4317 maxime
1400 4252 1555 4339 quia
1579 4256 1864 4317 erratum
1896 4249 2019 4317 fuit
2045 4252 2115 4318 in
2143 4251 2520 4338 intelligen-

244 4353 391 4419 «tia
446 4353 908 4437 concilii‚dum
947 4357 1326 4424 credebatur
1372 4379 1446 4424 ex
1483 4357 1700 4425 verbis
1751 4357 1933 4426 illius
1984 4356 2385 4425 alternativis
2426 4352 2521 4441 (1)

297 4475 364 4539 (1)
402 4476 500 4537 Qui
518 4477 590 4526 sit
613 4477 791 4528 doctor
818 4477 899 4529 vel
918 4478 1055 4528 alias
1083 4481 1304 4533 idoneus.
