2930 4982
1105 347 1182 393 nn
1228 346 1559 394 cam-uus.
2352 346 2470 404 291

215 464 551 560 praebendae
592 465 865 534 solvitur
895 466 1121 556 pensio
1152 487 1188 535 a
1222 465 1593 552 Guberni03
1626 490 1780 537 nam
1825 470 2210 561 pensionem
2240 471 2486 564 huJ'us-

214 573 372 643 modi
396 577 698 640 naturam
722 577 783 639 et
812 573 1131 641 rationem
1168 594 1336 642 verae
1382 574 1748 665 praebendae
1777 576 2014 646 habere
2042 599 2241 670 supra
2267 585 2479 650 osten·

213 682 446 764 dimus3
495 685 558 747 et
590 680 856 769 insuper
889 678 1199 767 dubium,
1248 680 1302 748 si
1349 682 1525 770 quod
1563 702 1700 750 esse
1733 687 1967 773 posset,
2010 705 2129 774 pro
2156 683 2366 755 Gallia
2404 687 2474 757 in

214 786 570 879 particulari
597 786 718 853 fuit
739 786 1040 876 decisum
1062 787 1292 878 paucis
1318 787 1564 857 abhinc
1593 788 1787 858 annis
1808 812 1847 858 a
1875 788 1944 859 S.
1971 788 2479 881 Congregatione

215 895 446 963 rituum
471 893 596 962 hoc
617 894 811 963 modo
845 917 863 962 t

293 1025 328 1066 (ι
356 998 526 1067 Cum
574 999 1157 1068 reverendissimus
1213 998 1699 1070 Cameracensis
1743 1000 2109 1093 Episcopus
2148 1023 2483 1075 sacrorum

222 1133 249 1173 «
273 1106 517 1174 rituum
537 1104 1124 1196 Congregationem
1150 1106 1335 1174 enixe
1348 1107 1606 1196 rogavit
1629 1112 1705 1174 ut
1727 1107 2052 1177 declarare
2072 1108 2483 1199 dignaretur,

220 1240 248 1279 a<
274 1218 493 1281 utrum
525 1212 856 1282 canonicis
892 1216 1141 1303 prouta
1169 1215 1458 1303 tempore
1491 1211 1919 1282 concordatus
1950 1213 2114 1282 1801
2152 1213 2219 1282 in
2254 1214 2483 1284 Galliis

220 1347 249 1385 «
281 1319 549 1387 instituti
581 1325 755 1403 sunt,
808 1319 1148 1388 incumbat
1188 1317 1522 1408 obligatio,
1570 1338 1705 1386 non
1740 1323 1997 1387 tantum
2037 1321 2376 1390 assistendi
2414 1322 2487 1391 in

221 1457 248 1494 «
274 1430 464 1499 choro
495 1428 913 1498 celebrationi
942 1427 1325 1496 divinarum
1345 1425 1622 1494 laudum
1669 1431 1867 1517 prout
1899 1426 1971 1494 in
2001 1426 2271 1496 diversis
2315 1429 2490 1520 capi-

221 1561 250 1601 a
276 1537 423 1605 tulis
446 1541 542 1604 est
558 1536 870 1621 instituta,
896 1535 1006 1605 sed
1025 1535 1228 1603 etiam¹
1248 1532 1560 1602 cantandi
1585 1532 1778 1601 horas
1797 1532 2139 1602 canonicas
2159 1533 2230 1601 in
2254 1533 2487 1621 choro3

219 1671 249 1710 «
278 1644 357 1711 ita
379 1649 453 1711 ut
480 1643 830 1711 canonicus
855 1642 928 1711 in
968 1639 1196 1711 Galliis
1227 1641 1530 1710 assistens
1558 1639 1830 1731 quidem
1863 1640 1935 1709 in
1963 1641 2185 1729 choro,
2215 1643 2324 1711 sed
2350 1664 2489 1712 non

217 1777 247 1815 «
276 1751 613 1817 decantans
629 1748 923 1839 publicas
948 1769 1163 1842 preces
1189 1745 1533 1816 canonicas
1540 1797 1559 1834 ,
1587 1751 1805 1837 peccet
1824 1746 2182 1816 mortaliter
2201 1753 2263 1816 et
2281 1754 2494 1818 tenea-

216 1883 247 1921 «
276 1861 380 1923 tur
410 1857 487 1924 ad
516 1856 991 1924 restitutionem
1025 1854 1363 1922 fructuum
1403 1852 1746 1920 omissioni
1776 1854 2492 1944 col-respondentem—

216 1987 248 2026 «
276 1960 839 2030 Eminentissimus
875 1958 1236 2028 Cardinalis
1280 1958 1634 2026 Praefectus
1662 1957 1931 2026 rescribi
1961 1960 2299 2029 mandavit
2328 1986 2345 2029 z
2382 1983 2490 2031 ca-

214 2094 245 2134 «
276 2070 590 2137 nonicum
618 2067 690 2134 in
720 2088 899 2146 casu,
924 2066 1113 2155 juxta
1147 2064 1306 2132 alias
1343 2063 1624 2142 decreta,
1662 2061 2047 2152 obligationi
2087 2087 2219 2136 non
2248 2066 2498 2136 satisfa-

211 2199 241 2237 «
273 2197 442 2242 cere.
472 2174 596 2241 Die
624 2173 711 2239 22
733 2171 891 2239 maii
923 2169 1119 2238 1841.
1156 2192 1192 2233 ›>
1233 2167 1332 2258 (ln
1360 2167 1778 2236 Gardelliana
1803 2168 2202 2253 collectione,
2238 2179 2288 2238 t.
2313 2172 2494 2256 Vm,

202 2304 270 2347 n·
297 2279 617 2451 ggfflssci
642 2378 947 2471 compelli
969 2382 1305 2468 nequeunt
1334 2376 1412 2445 ad
1440 2349 1735 2466 vesperas
1765 2381 1825 2445 et
1846 2377 2059 2447 officia
2081 2380 2502 2470 persolvenda

202 2515 359 2562 cum
388 2497 586 2559 cantu
612 2513 629 2574 ;
657 2494 752 2558 sat
779 2494 873 2556 est
897 2491 969 2556 ut
987 2487 1144 2575 alta,
1167 2485 1376 2567 clara,
1412 2483 1812 2574 intelligibili
1838 2507 1994 2555 voce
2017 2487 2288 2557 recitent
2311 2487 2502 2580 (Con-

206 2598 491 2690 gregatio
523 2598 774 2666 rituum
804 2633 897 2648 —
929 2595 1105 2687 apud
1133 2592 1520 2676 Gardellini,
1556 2613 1623 2659 n.
1687 2590 1876 2683 141);
1933 2594 2043 2662 sed
2092 2595 2355 2666 obedire
2402 2603 2501 2668 te-

206 2714 445 2775 nentur
462 2705 808 2797 EpiscopO,
834 2705 888 2773 si
904 2703 1129 2794 jubeat
1158 2722 1311 2770 cum
1337 2703 1535 2770 cantu
1558 2700 1839 2789 persolvi
1862 2700 1937 2766 in
1966 2702 2492 2772 solemnioribus,

205 2812 395 2984 (lbllii.⁸
411 2809 836 2996 billisbiffsit
861 2919 1091 2980 cantus
1116 2908 1532 2978 ecclesiastici
1558 2907 1735 2985 finis,
1768 2912 1832 2975 et
1855 2928 2160 2996 quaenam
2186 2909 2333 2977 inde
2357 2932 2508 2979 con·

211 3023 479 3093 sectaria
504 3025 539 3089 ⁶?
561 3058 652 3072 -
680 3019 953 3088 Sanctus
979 3015 1267 3085 Thomas
1309 3013 1406 3103 (in
1435 3012 1581 3091 2-2,
1623 3016 1847 3101 quaest.
1901 3012 2014 3098 91,
2062 3020 2183 3082 art.
2241 3015 2317 3106 1)
2346 3039 2507 3087 con-

217 3136 517 3220 gruenter
545 3128 629 3197 ab
656 3124 945 3196 Ecclesia
982 3124 1320 3212 receptum
1373 3117 1576 3186 fuisse
1622 3117 1897 3185 canendi
1934 3140 2130 3187 usum
2177 3122 2507 3191 concludit

221 3258 287 3304 ex
312 3259 385 3306 ea
424 3237 701 3314 ratione,
752 3231 926 3322 quod
955 3233 1154 3299 cantu
1183 3227 1292 3319 pio
1315 3230 1383 3294 et
1408 3225 1638 3293 devoto
1660 3222 1944 3293 *affectus
1972 3225 2323 3295 hominum
2350 3250 2501 3320 pro.

225 3351 522 3414 vocentur
562 3344 633 3410 in
661 3341 901 3429 Deum,
931 3343 993 3408 et
1033 3336 1485 3406 infirmiorum
1510 3330 1839 3423 praecipue
1864 3332 2072 3401 animi
2099 3335 2179 3403 ad
2203 3337 2503 3427 spiritua-

225 3449 340 3518 lem
386 3449 794 3520 devotionem
824 3444 1030 3536 magis
1058 3441 1445 3514 excitentur.
1481 3437 2046 3510 Salutaremhanc
2085 3441 2292 3510 animi
2322 3466 2502 3512 com-

229 3559 572 3626 motionem
619 3578 685 3624 se
740 3558 1077 3643 expertum
1132 3571 1293 3636 esse,
1350 3549 1514 3615 dum
1574 3547 1649 3612 in
1709 3544 1980 3613 ecclesia
2034 3545 2501 3616 Mediolanensi

230 3661 466 3734 divinas
493 3663 715 3733 laudes
745 3663 1081 3728 canentem
1126 3658 1374 3722 clerum
1426 3651 1708 3735 audiret,
1751 3654 2020 3716 testatur
2067 3657 2323 3717 sanctus
2369 3653 2509 3718 Au-

161 3844 168 3849 ,
232 3772 516 3856 gustinus
578 3795 593 3838 :
647 3769 832 3838 Flere
879 3764 957 3832 in
1005 3758 1280 3852 hymnis
1334 3768 1398 3824 et
1454 3754 1737 3821 canticis
1786 3752 1924 3820 tuis
1963 3774 2165 3820 suave
2213 3757 2512 3825 sonantis

233 3876 499 3946 ecclesiae
542 3891 677 3945 tuae
717 3874 975 3943 vocibus
1011 3875 1378 3938 commotus
1426 3860 1676 3929 acriter
1699 3857 1941 3952 (Confi,
1963 3860 2012 3925 1.
2046 3859 2166 3948 xx.)
2202 3860 2511 3933 Adducor

235 3980 548 4050 cantandi
576 3977 1121 4051 consuetudinem
1166 3970 1545 4065 approbare
1584 3967 1660 4035 in
1700 3965 1993 4049 ecclesia,
2042 3977 2120 4032 ut
2142 3989 2271 4058 per
2299 3969 2505 4040 oblec-

239 4095 527 4157 tamenta
558 4090 859 4170 aurium,
893 4081 1353 4177 infirmiorum
1377 4076 1662 4145 animus
1706 4074 1781 4142 in
1821 4073 2139 4164 affectum
2170 4091 2502 4169 assurqat.

240 4189 450 4286 (lbid.‚
499 4199 547 4266 l.
604 4196 695 4288 x.)
745 4194 1099 4264 Utilitatem
1151 4192 1381 4259 cantus
1435 4179 1874 4267 ecclesiastici,
1931 4202 2064 4285 non
2122 4184 2518 4276 experientia

240 4306 507 4390 tantum,
542 4309 608 4373 et
646 4302 909 4395 physica
936 4296 1224 4368 hominis
1252 4298 1517 4375 natura,
1553 4293 1624 4359 et
1653 4293 2025 4357 sanctorum
2052 4289 2331 4357 Patrum„
2350 4298 2526 4387 com-

245 4411 588 4495 mendatio,
622 4400 799 4478 sedet
828 4400 1082 4492 antiqui
1139 4395 1549 4468 Testamenti
1621 4395 2077 4484 frequentatio,
2114 4402 2177 4458 et
2222 4384 2519 4453 Eccleslae
