2930 4982
389 327 424 381 2
437 328 465 381 3
480 330 512 382 4
1366 334 1706 382 TRAcrAws

394 481 427 519 «
469 455 598 523 sive
621 453 1046 543 regularibus.
1064 475 1100 516 >³
1135 451 1254 543 (De
1261 451 1601 542 parochis,
1631 451 1930 520 discursu
1954 446 2288 540 Xl.)Idem
2312 450 2404 519 sic
2435 451 2671 524 clarius

388 562 704 652 reperitur
741 562 808 628 in
851 562 1056 650 capite
1091 558 1313 641 unico,
1349 556 1429 626 de
1456 558 1741 650 capellis
1778 556 2284 637 monachorum,
2328 557 2398 625 in
2425 562 2631 629 Sexto
2649 586 2670 628 .·

386 665 787 757 Presbyteri,
839 663 958 756 qui
1009 661 1105 731 ad
1149 685 1381 731 curam
1420 663 1672 755 populi
1721 685 1851 754 per
1920 660 2278 729 monachos
2326 662 2399 729 in
2445 687 2673 735 eorum

385 772 659 859 eeclesiis
683 781 1182 863 proesentantur
1219 769 1561 862 Episcopis
1598 781 1662 838 et
1689 768 2138 838 instituuntur
2175 766 2260 835 ab
2302 767 2462 858 ipsis
2503 770 2674 861 (cum

387 876 667 946 debeant
721 898 850 944 esse
877 875 1216 967 perpetui,
1267 876 1733 944 consuetudine
1782 875 1892 942 vel
1932 885 2191 942 statuto
2240 876 2470 965 quovis
2522 899 2674 947 con-

389 981 596 1048 trario
651 1003 786 1049 non
811 981 1164 1072 obstante),
1222 980 1306 1048 ab
1367 980 1609 1050 iisdem
1660 991 1993 1072 nequeunt
2040 979 2320 1048 ecclesiis
2371 981 2503 1049 nisi
2557 1006 2674 1074 per

387 1086 748 1178 Episcopos
772 1097 835 1154 et
859 1109 939 1154 eoe
965 1109 1166 1154 causa
1194 1085 1587 1154 rationabili
1625 1085 1945 1154 amoveri.
1979 1084 2061 1153 Et
2092 1086 2353 1154 tandem
2383 1086 2673 1157 Clemen-

389 1190 524 1261 tina
582 1197 668 1261 Ut
711 1193 1123 1280 constitutio,
1179 1191 1259 1260 de
1306 1192 1465 1283 jure
1523 1204 1968 1283 patronatus,
2021 1192 2210 1281 cujus
2259 1190 2672 1264 Clementinae

389 1309 621 1389 scopus
658 1299 781 1367 suit
820 1300 1025 1391 magis
1067 1299 1498 1366 determinare
1542 1300 1835 1389 primum
1865 1302 2107 1391 textum
2147 1320 2345 1390 supra
2384 1299 2668 1381 citatum,

391 1427 684 1496 expresse
734 1406 926 1474 illum
976 1403 1285 1495 intelligit
1335 1405 1413 1472 de
1465 1405 1751 1473 ecclesiis
1811 1417 1955 1474 tam
2009 1404 2429 1494 reqularium
2477 1429 2671 1497 quam

387 1510 813 1578 saecularium
826 1562 839 1577 .

479 1617 596 1685 llla
636 1624 854 1686 autem
913 1616 1089 1707 juris
1138 1617 1532 1685 documenta
1591 1614 1865 1684 concilio
1922 1613 2303 1683 Tridentino
2363 1615 2675 1685 anteriora

392 1745 851 1809 memoramuS,
897 1745 1030 1792 non
1068 1724 1242 1812 quod
1288 1721 1649 1792 necessaria
1683 1721 1814 1790 sint
1853 1721 1935 1791 ad
1977 1721 2419 1813 probationem
2450 1723 2669 1804 thesiS‚

390 1852 534 1920 quae
559 1830 843 1914 aliunde,
868 1834 943 1897 ut
969 1829 1162 1897 modo
1182 1828 1531 1913 videbitur,
1564 1829 1866 1896 firmatur
1895 1827 2295 1918 plenissime,
2329 1829 2438 1896 sed
2468 1834 2542 1896 ut
2573 1830 2670 1897 in-

388 1936 718 2026 telligatur
739 1938 849 2027 jus
874 1935 1041 2004 illud
1072 1937 1510 2027 capitulorum
1549 1933 1833 2024 eligendi
1855 1941 1917 2001 et
1955 1933 2342 2003 nominandi
2383 1933 2669 2022 vicarioS,

388 2064 549 2132 quos
615 2043 740 2111 sibi
787 2042 1267 2111 substituebant
1327 2044 1588 2133 quando
1651 2043 1961 2110 nolebant
2021 2064 2137 2133 per
2193 2042 2401 2133 seipsa
2458 2062 2673 2110 curam

391 2171 706 2235 exercere,
746 2150 817 2217 in
863 2156 992 2218 tota
1034 2156 1204 2218 retro
1248 2150 1631 2240 antiquitate
1674 2148 1977 2239 viguisse.
2035 2147 2219 2229 Quod
2259 2151 2374 2238 jus
2415 2148 2674 2218 minime

391 2254 668 2323 mutavit
709 2255 1209 2341 Tridentinum3
1262 2257 1373 2324 sed
1419 2261 1673 2323 tantum
1717 2256 2000 2323 decrevit
2045 2276 2272 2323 curam
2310 2254 2671 2322 ‘animarum

389 2360 463 2429 in
491 2367 822 2453 posterum
850 2363 1273 2432 exercendam
1308 2362 1469 2450 sore,
1515 2383 1648 2429 non
1677 2383 1793 2452 per
1819 2366 2029 2429 totum
2059 2359 2257 2427 simul
2285 2357 2666 2450 capitulum,

389 2474 503 2535 aut
539 2490 653 2559 per
697 2468 1042 2538 canonicos
1086 2468 1225 2538 vice
1261 2467 1538 2558 quisque
1581 2490 1698 2536 sua
1737 2466 1810 2534 in
1862 2465 2340 2557 parochialibus
2381 2463 2666 2533 sibisuc·

393 2574 718 2661 cedenteS,
751 2576 860 2643 sed
890 2597 1004 2665 per
1031 2574 1233 2641 fixum
1260 2580 1321 2641 et
1348 2574 1858 2643 determinatum
1885 2573 2174 2661 aliquem
2195 2568 2533 2639 vicarium.

481 2679 561 2746 11.
608 2680 923 2749 Probatur
960 2681 1418 2749 constitutione
1456 2682 1662 2749 sancti
1688 2680 1789 2747 Pii
1808 2678 1894 2748 V.
1919 2678 2105 2747 -ln
2126 2678 2306 2747 bulla
2325 2697 2561 2766 nempe
2580 2673 2683 2744 Ad

394 2785 868 2877 eoeequendum,
903 2791 932 2856 1
980 2788 1350 2856 novembris
1386 2788 1584 2872 1567,
1624 2789 1719 2855 sic
1746 2786 2116 2855 decernitur
2153 2809 2169 2853 :
2215 2784 2530 2851 Volumus
2570 2781 2675 2852 in-

392 2914 589 2983 super
618 2905 681 2960 et
709 2894 807 2961 ita
850 2893 1278 2983 mandam2c3‚
1313 2894 1496 2985 quod
1519 2894 1682 2962 dicti
1716 2893 1957 2961 vicarii
1970 2890 2291 2984 perpetui
2324 2913 2458 2958 non
2489 2886 2577 2956 ad
2597 2886 2674 2953 li-

398 2998 622 3066 beram
642 3000 1150 3069 ordinariorum
1166 3001 1577 3087 electionem,
1605 2998 1722 3067 sed
1740 2998 1834 3066 ad
1851 2998 2381 3068 nominationem
2406 2995 2670 3063 illorum

393 3105 462 3174 in
482 3128 764 3196 quorum
781 3107 1064 3174 ecclesiis
1080 3106 1284 3174 unitis
1290 3129 1510 3197 ponen
1517 3096 1650 3187 tur}
1677 3127 1828 3173 cum
1843 3104 2142 3195 ipsorum
2171 3100 2672 3171 Ordinariorum

392 3233 504 3277 seu
541 3234 767 3279 eorum
795 3211 1194 3279 vicariorum
1214 3213 1476 3302 pree-oio
1506 3202 1815 3279 eassamine
1843 3221 1907 3278 et
1933 3207 2442 3301 approbatione,
2472 3203 2670 3295 depu-

398 3324 615 3382 tentur
641 3315 758 3406 (1).
791 3316 948 3397 Quae
966 3318 1067 3385 lex
1093 3318 1250 3387 adeo
1281 3317 1454 3386 clara
1483 3322 1599 3401 est,
1630 3323 1872 3384 utrem
1896 3315 2169 3383 omnino
2199 3313 2484 3398 definiat,
2508 3307 2670 3399 quod

394 3426 457 3486 et
486 3441 802 3488 consensu
835 3424 1133 3492 unanimi
1159 3425 1457 3492 ‘fatentur
1497 3415 1808 3492 doctores,
1841 3422 2152 3516 Expressa
2183 3421 2431 3490 scilicet
2466 3418 2669 3486 decer-

396 3524 494 3593 nit
516 3526 609 3593 ibi
634 3525 702 3595 S.
732 3525 884 3596 Pius
907 3528 995 3616 V,
1028 3531 1098 3596 1⁰
1116 3528 1495 3597 electionem
1525 3534 1587 3596 et
1615 3530 2128 3616 nominationem
2157 3526 2483 3594 dictorum
2513 3520 2669 3588 vica-

395 3633 645 3703 riorum
673 3656 807 3703 non
855 3637 1174 3726 pertinere
1202 3636 1283 3704 ad
1313 3635 1743 3727 Episcopum3
1784 3635 1852 3703 2⁰
1876 3635 2199 3725 pertinere
2247 3653 2401 3700 vero
2438 3630 2515 3699 ad
2549 3646 2664 3707 e08‚

396 3762 682 3830 quorum
708 3741 993 3811 ecclesiis
1026 3764 1274 3810 annexa
1310 3747 1403 3810 est
1430 3764 1590 3810 cura
1612 3741 2012 3827 animarum,
2047 3761 2120 3808 ac
2151 3738 2427 3830 proinde
2471 3735 2548 3802 ad
2580 3750 2670 3799 ca·

399 3848 711 3937 pitulum,
759 3849 1017 3939 quando
1042 3850 1323 3941 capitulo
1352 3871 1600 3918 annexa
1624 3856 1717 3917 est
1740 3870 1916 3918 cura.
1963 3846 2029 3916 3⁰
2047 3845 2236 3916 Unde
2261 3842 2554 3934 sequitur
2573 3836 2671 3905 de-

399 3958 649 4020 cretum
668 3953 1036 4024 Tridentini
1054 3955 1133 4022 de
1156 3955 1455 4041 habendo
1479 3976 1801 4024 concursu
1825 3954 2101 4026 minime
2124 3952 2442 4040 attingere
2459 3947 2570 4035 huj
2580 3963 2671 4010 us-

400 4059 579 4127 modi
602 4059 874 4134 vicarias
889 4069 1232 4155 perpetuas
1253 4088 1286 4149 ;..
1307 4084 1463 4131 nam
1489 4064 1546 4131 si
1576 4064 1732 4132 tales
1752 4062 1980 4134 vicarii
2001 4066 2153 4129 sunt
2174 4059 2256 4127 ad
2285 4051 2671 4125 nominatio-

402 4186 553 4232 nem
578 4167 871 4256 capituli‚
904 4190 1035 4237 non
1064 4176 1219 4239 sunt
1242 4192 1356 4260 per
1383 4171 1664 4238 sormam
1688 4189 2042 4238 concursus
2069 4164 2378 4255 eligendi,
2399 4168 2473 4231 ut
2493 4159 2665 4251 patet.

465 4406 531 4468 (1)
569 4404 856 4454 Bullarium
890 4402 1184 4465 Romanum,
1212 4408 1338 4458 tom.
1365 4408 1449 4469 IV,
1470 4411 1602 4472 part.
1632 4422 1687 4471 11,
1716 4421 1831 4472 pag.
1852 4410 1967 4460 402.
