2930 4982
1365 404 1573 451 mnnx.
2490 398 2613 456 619

459 524 510 574 1⁰
540 524 717 574 Causae
744 528 1044 574 excusantes
1065 526 1137 574 ita
1165 526 1223 574 ut
1252 523 1430 573 absens
1450 523 1677 573 lucretur
1702 525 1752 572 et
1777 523 1967 574 tructus
1985 525 2266 587 praebendae
2289 529 2339 576 et
2362 527 2463 577 dis-

515 603 816 653 tributiones
845 603 2237 665 quotidianas.................................;
2254 641 2455 656 .......
2531 610 2620 657 304

452 689 509 734 2ο
541 683 716 734 Causae
749 686 818 732 ita
851 687 1149 733 excusantes
1178 686 1236 731 111
1259 686 1429 730 tamen
1454 682 1634 731 absens
1653 695 1754 731 non
1780 681 2006 731 lucretur
2027 683 2426 736 distributiones.
2446 722 2457 736 .
2533 690 2624 737 310

453 766 506 812 30
538 761 713 812 Causae
741 761 924 824 aIIquae
956 762 1019 811 de
1051 760 1235 822 quibus
1264 760 1475 809 dubium
1510 772 1618 809 esse
1650 763 1819 822 posset
1847 774 1912 810 an
1942 767 2182 811 excusent
2214 775 2244 813 a
2267 766 2468 814 servitio

510 841 649 891 chori
673 874 2461 893 .........................................................
2536 846 2622 893 311

391 919 420 980 ξ
457 923 531 969 14.
567 919 745 968 Causae
772 922 1070 968 excusantes
1092 930 1122 967 a
1142 918 1435 967 recitatione
1454 918 1612 967 divini
1632 918 1776 968 0111611
1788 953 2464 972 ......................
2536 925 2627 974 313

388 1000 420 1060 ἓ
457 1001 534 1046 15.
571 997 816 1059 Obligatio
838 998 1005 1059 quoad
1030 998 1312 1060 legitimum
1334 998 1641 1047 breviarium
1659 1001 1711 1047 61
1730 997 2010 1060 legitimam
2030 998 2188 1047 officia
2208 999 2470 1051 ordinandi

453 1079 505 1125 et
528 1074 813 1125 celebrandi
836 1075 1063 1135 regulam
1096 1076 1387 1136 (remissive)
1412 1109 2465 1128 ..................................
2537 1080 2629 1128 314

393 1156 424 1219 ἓ
461 1159 534 1205 16.
571 1155 767 1205 Eximia
795 1149 1072 1205 Clementis
1106 1155 1169 1205 Xl
1198 1157 1409 1206 monitio
1449 1155 1512 1205 de
1544 1159 1678 1205 recte
1708 1155 2042 1222 persolvendo
2066 1158 2372 1208 a‚canonicis
2402 1156 2472 1206 di·

454 1237 571 1286 vino
595 1235 752 1284 officio
776 1269 1294 1287 .................
1314 1273 1322 1280 .
1345 1269 2467 1287 ....................................
2539 1240 2631 1288 316

328 1324 528 1375 CAPUT
562 1323 644 1374 iii.
679 1323 923 1386 obligatio
952 1324 1118 1385 quoad
1142 1326 1348 1374 missam
1369 1325 1758 1375 conventualem
1765 1359 2467 1377 .......................
2540 1329 2631 1377 316

458 1404 495 1452 Ι.
532 1403 607 1452 An
643 1404 869 1453 canonici
902 1406 1173 1453 teneantur
1197 1403 1261 1453 ad
1287 1403 1637 1465 quotidianam
1658 1404 2046 1454 celebrationem
2070 1406 2235 1454 missae
2256 1416 2472 1454 conven-

519 1482 673 1531 tualis
699 1494 818 1531 cum
847 1485 1036 1531 cantu?
1046 1517 2467 1537 .............................................
2541 1485 2632 1534 316

455 1563 520 1611 11.
556 1565 632 1611 An
674 1562 938 1631 aliquoties
977 1566 1248 1612 teneantur
1280 1564 1508 1612 canonici
1537 1563 1601 1612 ad
1627 1561 1799 1626 plures
1832 1562 2008 1613 eadem
2040 1562 2120 1612 die
2153 1562 2476 1612 celebrandas

518 1642 699 1690 missas
723 1640 1121 1691 conventuales?
1131 1676 2470 1692 ...........................................
2543 1643 2634 1691 319

458 1718 543 1768 111.
578 1718 653 1768 An
680 1722 905 1768 canonici
940 1725 992 1768 et
1026 1720 1327 1782 beneficiati,
1355 1734 1446 1783 pro
1482 1723 1637 1771 missa
1673 1721 2013 1781 conventuali,
2035 1734 2125 1784 pro
2153 1734 2255 1784 qua
2282 1719 2476 1770 emolu-

521 1801 754 1846 mentum
775 1801 827 1847 61
849 1796 1227 1848 distributiones
1256 1800 1523 1861 recipiunt,
1547 1801 1739 1861 possint
1763 1799 1914 1848 aliam
1949 1799 2324 1862 eleemosynam
2353 1801 2478 1849 reci-

516 1887 637 1939 pere
661 1879 713 1926 et
736 1873 1037 1925 sacrificium
1058 1876 1203 1927 alteri
1223 1877 1473 1939 applicare
1487 1879 1511 1924 ?
1536 1910 2470 1929 ..............................
2543 1880 2635 1928 320

455 1954 539 2006 IV.
574 1955 650 2005 An
681 1954 818 2004 idem
849 1954 1139 2012 dicendum,
1160 1955 1245 2001 ubi
1268 1954 1421 2001 nullae
1438 1953 1572 2000 fiunt
1590 1954 1894 2015 quotidianae
1917 1954 2329 2005 distributiones?
2332 1991 2469 2006 .....
2543 1959 2628 2006 321

460 2032 517 2081 V.
554 2034 630 2080 An
658 2034 812 2080 missa
843 2029 1192 2079 conventualis
1222 2029 1456 2092 suppleat
1483 2042 1611 2078 onus
1644 2029 1848 2092 parochi
1886 2030 2189 2079 cathedralis
2220 2033 2297 2081 vel
2330 2032 2477 2081 colle-

527 2111 673 2171 giatae
699 2108 982 2172 applicandi
1001 2122 1092 2170 pro
1114 2109 1429 2171 parochianis
1453 2108 1630 2157 diebus
1653 2108 1829 2158 festis?
1833 2144 2474 2162 .....................
2546 2112 2638 2160 322

461 2188 542 2236 vi.
580 2188 690 2251 Quo
713 2191 941 2251 tempore
964 2189 1192 2238 canenda
1215 2191 1281 2237 sit
1304 2189 1457 2237 missa
1479 2187 1864 2236 conventualis?
1888 2223 2471 2240 ...................
2545 2191 2637 2239 322

464 2266 568 2315 vii.
604 2266 680 2315 An
712 2269 908 2318 ratione
926 2270 1213 2330 exiguitatis
1234 2266 1496 2317 redituum
1520 2268 1675 2329 possit
1698 2268 1851 2315 missa
1877 2267 2227 2316 conventualis
2245 2270 2358 2317 cani
2377 2272 2485 2317 tan·

526 2347 793 2396 tummodo
816 2346 994 2396 diebus
1017 2346 1195 2396 festis?
1214 2378 2478 2398 .........................................
2550 2348 2641 2398 322

464 2424 596 2475 vin.
630 2426 706 2475 An
742 2429 940 2477 ratione
973 2428 1113 2490 parvi
1149 2432 1349 2477 numeri
1378 2427 1738 2476 canonicorum
1762 2425 1963 2475 tolerari
1987 2428 2146 2489 possit
2174 2426 2486 2477 consuetudo

528 2506 766 2557 cantandi
791 2510 1001 2556 missam
1020 2506 1409 2556 conventualem
1434 2504 1578 2555 festis
1596 2505 1866 2555 dumtaxat
1889 2505 2066 2554 diebus
2080 2507 2104 2554 ?
2114 2542 2477 2558 ............
2550 2507 2640 2555 323

469 2583 551 2634 ΙΧ.
587 2585 722 2647 Quid
754 2586 1068 2636 censendum
1096 2586 1159 2635 de
1187 2586 1414 2649 Episcopi
1441 2586 1669 2643 decreto,
1709 2598 1809 2647 quo
1846 2585 2030 2635 tollens
2064 2586 2486 2637 consuetudinem

530 2676 635 2712 non
659 2664 897 2715 cantandi
920 2669 1127 2715 missam
1146 2666 1533 2715 conventualem
1554 2666 1649 2713 nisi
1676 2664 1851 2714 diebus
1878 2663 2040 2721 festis,
2066 2664 2160 2714 sub
2189 2668 2413 2715 censuris
2434 2668 2487 2716 61

527 2740 637 2790 61113
658 2744 819 2804 poenis
839 2746 1088 2793 statueret
1106 2743 1294 2792 dictam
1317 2744 1527 2793 missam
1552 2756 1582 2792 a
1609 2742 1831 2806 capitulo
1851 2742 2076 2804 quotidie
2095 2745 2327 2790 cantari?
2339 2776 2478 2792 .....
2551 2743 2641 2791 325

469 2817 528 2866 Χ.
567 2819 697 2881 Quid
725 2821 788 2869 de
814 2821 1068 2871 hodiernis
1096 2822 1331 2885 capitulis
1355 2821 1549 2880 Galliae,
1572 2834 1687 2883 quae
1716 2822 1922 2868 missam
1951 2819 2338 2869 conventualem
2360 2832 2486 2881 quo-

532 2898 653 2947 tidie
679 2911 783 2948 non
815 2904 1041 2961 cantant,
1061 2901 1142 2950 vel
1169 2914 1273 2951 non
1297 2914 1475 2950 omnes
1502 2902 1683 2949 missas
1706 2899 2061 2953 conventuales
2088 2911 2179 2961 pro
2202 2898 2378 2948 eodem
2404 2899 2485 2949 die

536 2989 567 3026 a
592 2977 793 3028 rubrica
808 2982 1159 3043 praescriptas?
1169 3015 1402 3033 ........
1408 3022 1411 3023 ⁷
1422 3012 2480 3032 ..................................
2552 2981 2645 3030 325

472 3055 560 3105 XI·
591 3054 671 3106 An
703 3060 926 3107 canonici
955 3062 1223 3108 teneantur
1247 3059 1488 3108 inservire
1514 3071 1606 3121 pro
1630 3056 1842 3107 diacono
1866 3061 1917 3106 61
1942 3057 2247 3107 3111)(11660110
2267 3058 2484 3119 DignIta·

533 3135 670 3186 tibus
693 3140 745 3186 et
763 3149 940 3186 earum
962 3137 1336 3198 coadjutoribus
1352 3139 1377 3186 ?
1402 3137 1463 3185 Et
1485 3149 1552 3185 an
1576 3138 1683 3185 vice
1709 3148 1853 3185 versa
1869 3138 1893 3182 Ξ)
1903 3169 2045 3185 .....
2066 3178 2070 3182 .
2091 3170 2477 3186 .............
2551 3138 2643 3186 326

473 3214 572 3266 xii.
608 3216 759 3267 Sexta
790 3220 843 3267 et
870 3229 1007 3267 nona
1039 3217 1296 3269 recitanda
1318 3221 1394 3266 est
1429 3220 1481 3266 in
1512 3216 1666 3265 choro
1693 3219 1807 3278 post
1838 3216 2044 3264 missam
2079 3214 2483 3277 conventualem,

535 3308 701 3358 neque
726 3296 909 3346 36113111
942 3297 1235 3360 obligationi
1261 3301 1302 3346 si
1327 3300 1605 3346 recitentur
1633 3286 1858 3359 tempore
1882 3298 2048 3345 missae
2079 3295 2445 3346 conventualis.
2464 3311 2493 3345 ‚⁴
2550 3298 2639 3346 327

312 3406 317 3409 ι
350 3380 557 3430 CAPUT
590 3382 669 3432 lv.
705 3383 947 3446 obligatio
968 3385 1240 3444 residendi,
1262 3385 1398 3436 etde
1414 3385 1760 3435 vacationibus
1780 3398 1811 3435 a
1839 3387 1955 3445 Jure
1977 3387 2227 3435 concessis
2245 3419 2479 3436 ........
2549 3385 2639 3434 327

415 3458 447 3521 5
489 3465 531 3510 1.
567 3460 808 3521 Quaenam
827 3466 892 3513 sit
914 3465 1165 3514 residendi
1187 3465 1270 3515 lex
1295 3498 2478 3519 ......................................
2554 3467 2640 3514 327

415 3538 446 3601 ἓ
479 3544 528 3590 2.
561 3539 633 3590 De
658 3544 819 3604 poenis
851 3547 1026 3594 contra
1056 3548 1322 3595 canonicos
1346 3558 1451 3596 non
1484 3545 1780 3606 residentes,
1815 3549 1869 3595 et
1899 3545 2154 3608 quomodo
2175 3548 2227 3594 in
2254 3546 2483 3595 613111111-

474 3619 649 3681 gendis
671 3620 1045 3683 procedendum
1055 3656 2482 3676 ..............................................
2554 3625 2641 3673 331

350 3706 557 3757 CAPUT
589 3707 649 3757 V.
682 3707 927 3770 Obligatio
962 3710 1226 3760 emittendi
1250 3709 1613 3774 professionem
1638 3710 1758 3761 fidei
1768 3743 2479 3762 .......................
2554 3714 2646 3761 334

414 3786 446 3849 5
482 3790 527 3836 1.
560 3785 943 3850 Exponam-jus
964 3802 1232 3840 commune
1243 3824 2479 3843 ........................................
2534 3792 2645 3850 ,334

414 3864 446 3928 §
481 3869 528 3916 2.
561 3865 641 3916 An
670 3869 724 3916 in
748 3871 888 3917 statu
907 3871 1142 3931 praesenti
1169 3870 1494 3920 eeclesiarum
1520 3870 1694 3921 Galliae
1719 3872 1897 3933 urgeat
1923 3870 2162 3933 praedicta
2184 3868 2476 3933 0111136110..
2546 3871 2640 3919 336

350 3946 553 3999 CAPUT
583 3948 664 3999 vi.
699 3948 945 4012 obligatio
963 3951 1226 4001 assistendi
1249 3952 1458 4016 capituli
1482 3951 1940 4011 deliberationibus,
1967 3955 2020 4000 et
2036 3953 2175 4001 varia
2201 3952 2377 4000 munia
2400 3962 2483 4000 ac·

415 4029 648 4090 ceptandi
670 4064 2482 4084 ..........................................................
2554 4031 2641 4078 337

308 4124 317 4125 ff
353 4107 558 4158 CAPUT
590 4109 695 4161 vii.
733 4110 978 4174 Obligatio
996 4112 1323 4162 interessendi
1344 4112 1670 4162 concionibus
1693 4112 1942 4162 adventus
1961 4114 2013 4161 et
2031 4110 2472 4174 quadragesimas..
2547 4110 2639 4158 339

360 4207 540 4262 tuns
575 4209 884 4271 ΩυΑΒΤΑ,
920 4206 1053 4270 Quid
1083 4208 1239 4271 possit
1263 4209 1562 4271 capitulum,
1591 4221 1683 4269 seu
1709 4206 1772 4256 de
1804 4207 1960 4270 ipsius
1991 4206 2190 4266 juribus
2215 4209 2263 4256 et
2294 4216 2477 4268 praero-

356 4290 1543 4432 0133111·131311111111·1111111111.
1558 4320 1949 4432 {02225423‘12544
1964 4319 2295 4430 11311311
2311 4317 2484 4412 ists·
2552 4283 2646 4331 ³⁴⁰

418 4449 634 4511 vigentis
651 4460 790 4499 nunc
808 4447 1079 4512 disciplinae
1096 4449 1282 4500 limites
1309 4448 1513 4500 redacta
1524 4476 2475 4500 ...............................
2546 4437 2642 4487 340
