2930 4982
1157 343 1238 390 nn
1283 342 1606 391 carnonis.
2404 338 2530 396 305

270 462 506 532 evidens
543 461 858 531 Ecclesioe
895 461 1172 531 utilitas
1220 476 1587 531 eoecusaret.
1620 462 2039 532 Confirmavit
2063 463 2530 540 Tridentinum

269 568 422 660 (sess,
452 570 561 653 24,
595 590 653 637 c.
703 570 810 660 12)
844 594 862 637 ε
894 573 1105 636 Juxta
1135 570 1497 660 Bonifacii
1534 571 1698 637 VIII
1718 567 2044 637 decretum
2070 571 2252 662 quod
2275 573 2529 667 incipit

268 674 816 760 Consuetudinem,
838 676 1022 766 quod
1033 687 1268 743 sancta
1291 673 1599 766 synodus
1621 676 1695 743 in
1713 696 1908 742 usum
1926 690 2207 750 revocat.⁸
2227 679 2319 748 Ex
2337 702 2532 751 causa

265 786 457 849 autem
495 782 889 849 infirmitatis
935 782 1232 874 absentes
1282 781 1669 871 (generatim
1715 782 2063 873 loquendo)
2115 783 2349 855 lucrari
2400 809 2531 857 non

263 892 495 955 tautum
532 889 780 956 fructus
809 888 1201 977 praebendae,
1230 889 1346 956 sed
1373 894 1435 956 et
1461 888 1950 957 distributiones
1974 892 2403 978 quotidianas,
2429 894 2537 964 de-

259 987 508 1061 claravit
536 992 730 1063 Sacra
755 992 1182 1083 Congregatio
1204 993 1485 1062 concilii
1508 993 1621 1084 <15
1651 994 1878 1083 aprilis
1912 995 2111 1077 1611,
2140 995 2308 1065 libro
2338 1019 2381 1064 ιι
2427 1000 2538 1067 de-

255 1093 597 1183 cretorum,
625 1101 737 1168 fol.
773 1100 861 1167 98
890 1123 927 1167 a
955 1098 1155 1190 tergo)
1188 1122 1204 1166 τ
1231 1102 1382 1167 Eos
1403 1101 1550 1190 qui
1594 1101 1837 1168 absunt
1858 1123 1901 1178 a
1936 1101 2209 1168 servitio
2241 1102 2431 1170 chori
2461 1105 2540 1174 ob

257 1204 509 1295 infirmi
514 1217 743 1274 tatem.
758 1257 773 1273 .
788 1258 803 1275 .
819 1206 1162 1297 percipere
1182 1205 1416 1274 debere
1441 1205 1952 1276 distributiones
1973 1206 2409 1298 quotidianas
2429 1211 2545 1280 sui

252 1312 701 1394 canonicatus,
741 1310 1030 1402 perinde
1073 1335 1155 1380 ac
1191 1313 1252 1379 si
1282 1325 1391 1380 sta
1404 1313 1496 1381 tis
1535 1313 1718 1381 horis
1761 1314 2180 1395 interessent,
2202 1317 2543 1407 percipere

251 1417 439 1485 etiam
468 1430 909 1509 auqmentum
930 1417 1494 1486 distributionum
1529 1441 1697 1508 quas
1719 1420 2060 1486 amittunt
2083 1418 2205 1485 illi
2222 1421 2344 1508 qui
2365 1420 2542 1488 divi·
2592 1481 2610 1498 ,

249 1523 345 1589 nis
385 1547 529 1592 non
556 1525 1036 1615 interfuerunt.
1080 1524 1150 1592 ld
1178 1531 1407 1591 autem
1436 1524 1828 1613 intelligitur
1863 1546 1998 1593 non
2043 1530 2298 1593 tantum
2327 1525 2410 1595 de
2441 1549 2546 1597 ca·

250 1632 512 1713 nouiciS,
539 1632 665 1699 sed
709 1632 903 1699 etiam
930 1632 1011 1698 de
1048 1625 1479 1714 beneficiatis,
1517 1637 1589 1699 ut
1617 1636 1869 1700 constat
1914 1631 2347 1700 declaratione
2368 1634 2543 1724 ejus-

249 1729 381 1805 dem
422 1731 963 1827 congregationis
1012 1738 1076 1821 (2
1120 1737 1488 1806 decembris
1542 1736 1768 1829 1666),
1820 1759 2024 1828 quam
2071 1737 2218 1806 vide
2263 1738 2533 1808 relatam

249 1844 404 1931 apud
448 1843 880 1913 Benedictum
929 1842 1086 1913 XlV
1133 1844 1404 1935 (Institit
1427 1844 1633 1912 tiones
1683 1845 2159 1932 ecclesiasticae,
2191 1846 2341 1936 inst.
2383 1845 2535 1932 107,

249 1944 470 2040 gun).
497 1948 687 2018 Unde
732 1951 1258 2019 concludendum
1301 1951 1671 2037 generatim
1701 1951 2053 2039 loquendo,
2096 1972 2206 2018 eos
2228 1951 2543 2041 qui-leqi-

247 2052 399 2123 time
443 2055 684 2125 absunt
727 2079 801 2125 ex
846 2077 1039 2125 causa
1066 2055 1505 2140 infirmitatis,
1538 2055 1760 2123 eadem
1793 2059 2068 2124 omnino
2111 2058 2353 2124 lucrari
2398 2078 2543 2147 qnae

243 2156 646 2230 lucrarentur
704 2162 758 2230 si
807 2170 1158 2253 praesentes
1216 2167 1455 2230 essent.
1511 2160 1703 2249 (Vide
1752 2162 1950 2229 etiam
2001 2160 2071 2228 S.
2125 2163 2541 2249 Lignorium‚

243 2263 282 2328 l.
320 2266 394 2351 4,
424 2288 480 2332 C.
515 2267 592 2343 25
618 2267 694 2333 ni
733 2267 913 2357 130.)
1638 2292 1663 2299 ’“
1734 2275 1741 2282 ’

327 2370 400 2437 2⁰
447 2371 715 2444 Dictum
751 2377 843 2440 est
886 2371 1258 2463 qeneratim
1300 2369 1626 2462 loquendo
1641 2390 1673 2454 ;
1707 2373 1984 2459 quiaest
2009 2371 2298 2461 exceptio
2334 2373 2540 2460 quoad

243 2496 341 2543 eos
379 2476 679 2546 infirmos
706 2477 822 2568 qui
856 2483 1004 2545 ante
1039 2463 1485 2545 infirmitatem
1523 2476 1697 2545 soliti
1718 2482 1908 2545 erant
1935 2476 2174 2545 abesse.
2210 2475 2539 2558 Quodfir-

244 2589 422 2652 mant
467 2591 803 2674 sequentes
843 2583 1316 2674 Congregation
1332 2587 1385 2652 is
1429 2584 1689 2652 concilii
1732 2582 2220 2668 declaratione&
2256 2600 2291 2652 a·
2318 2584 2535 2655 Bene-

241 2685 404 2757 dicto
444 2688 597 2760 XIV
643 2678 807 2780 (loco
832 2693 1046 2779 citato)
1082 2690 1318 2759 relatie.
1367 2689 1916 2758 Distributiones
1964 2688 2401 2778 quotidianas
2433 2690 2536 2755 ita

240 2789 509 2861 demum
537 2797 788 2862 oratori
818 2795 1347 2885 oeqrotodeberi,
1376 2796 1437 2862 si
1476 2795 1653 2862 acias
1681 2793 1960 2860 ecclesiae
1995 2794 2234 2858 solitus
2261 2803 2406 2856 erat
2428 2791 2542 2856 in-

236 2898 506 2980 servire,
528 2899 724 2987 ¹‘cujus
741 2901 1145 2989 justificatio
1171 2901 1551 2967 remittitur
1607 2898 2039 2966 conscientiae
2065 2890 2412 2985 Episcopi.
2445 2926 2537 2948 --

247 2992 955 3096 Canonicosinfirmos
974 3028 1111 3072 non
1138 3006 1389 3072 lucrari
1413 3004 1925 3071 distributiones
1944 3001 2383 3092 quotidianas
2398 3025 2529 3092 pro

246 3108 497 3180 duabus
509 3111 988 3202 lzorz'sprimiS‚
1015 3111 1257 3206 quibus
1275 3112 1578 3178 interesse
1605 3109 1896 3178 minime
1915 3120 2411 3176 consueverunt.
2443 3146 2534 3161 -—

243 3218 518 3285 'Orator-i
561 3216 857 3285 dandam
901 3238 1031 3285 esse
1070 3215 1591 3285 declarationem
1650 3215 1825 3284 alias
1877 3213 2161 3311 editam,
2194 3215 2525 3305 sequentis

251 3323 488 3390 tenoris
530 3345 554 3390 .·
599 3320 1042 3413 Conqreqatio
1088 3323 1362 3390 concilii
1392 3322 1659 3390 censuit·
1701 3320 2022 3389 canonico
2064 3321 2361 3405 infirme,
2397 3319 2527 3388 du-

243 3439 430 3496 rante
456 3430 600 3519 ejus
620 3429 1037 3520 infirmitate,
1065 3430 1371 3519 quamvis
1395 3430 1591 3497 choro
1616 3444 1750 3496 non
1777 3428 2070 3512 intersit,
2106 3427 2331 3496 deberi·
2345 3430 2527 3517 fruc-

253 3541 347 3598 tus
371 3556 607 3601 omnes
625 3535 735 3601 sui
762 3520 1218 3616 canonicatus,
1242 3557 1500 3601 necnon
1527 3533 2038 3601 distriba-tiones
2066 3532 2521 3621 quotidianas,

251 3658 372 3706 non
409 3660 707 3708 secus-ac
748 3641 810 3708 si
844 3639 1153 3706 omnibus
1196 3636 1375 3704 horis
1395 3638 1656 3704 divinis
1677 3637 2127 3724 personaliter
2158 3637 2520 3720 interesset,

254 3740 598 3813 dummodo
639 3740 799 3814 ante
819 3744 1298 3836 infirmitatem
1326 3741 1544 3832 fuerit
1571 3742 1806 3806 solitus
1827 3728 2167 3805 inservire.
2196 3741 2521 3807 Coeterum

245 3846 716 3937 ‘infir-mitatem
744 3850 961 3940 ipsam
987 3869 1211 3916 coram
1225 3890 1228 3893 «
1228 3845 1462 3938 judice
1472 3840 1922 3935 probandam.

251 3976 272 3991 ·“
330 3954 737 4038 3⁰·Quaenam
763 3958 1102 4023 infirmitas
1126 3952 1274 4021 satis
1300 3954 1517 4040 gravis
1551 3949 1937 4018 aestimanda
1963 3949 2044 4015 sit
2075 3952 2146 4014 th
2187 3951 2522 4039 praedictos

253 4058 500 4130 effectus
522 4063 855 4130 obtineat?
882 4098 972 4112 —
999 4059 1141 4128 Non
1171 4046 1373 4148 potest
1401 4059 1525 4124 alia
1546 4056 1863 4144 assignari
1887 4053 2112 4142 regula
2138 4074 2355 4150 quam
2356 4061 2523 4128 testi—

253 4157 439 4238 matio
458 4169 795 4260 prudentis
816 4170 968 4245 viri;
988 4166 1093 4235 et
1078 4189 1147 4233 1n
1190 4164 1444 4232 casibus
1469 4165 2034 4237 contestationum,
2055 4167 2525 4234 recurrendum

257 4269 328 4335 ad
371 4273 654 4342 tribunal
709 4273 1101 4362 legitimum,
1162 4270 1337 4359 quod
1400 4290 1519 4358 pro
1581 4267 1891 4354 capitulis
1917 4289 2047 4335 non
2081 4275 2392 4358 exemptis
2434 4267 2527 4326 est

253 4374 531 4447 tribunal
561 4379 888 4470 Episcopi.
936 4370 1127 4469 (Vide
1154 4376 1588 4443 Benedictum
1618 4372 1800 4454 XIV,
1818 4375 1973 4442 looo
2004 4376 2221 4453 citato,
2268 4393 2337 4435 n
2381 4360 2489 4425 48·
2498 4355 2520 4440 )

2177 4488 2246 4532 20
