2930 4982
398 366 527 423 546
1373 370 1714 421 mactmus

400 497 575 578 tibus
617 514 789 561 unus
834 491 1190 574 Renerum,
1237 485 1304 559 et'
1340 496 1478 566 tres
1521 485 1634 558 alii
1681 478 2128 559 Christianum
2167 495 2283 584 per
2328 491 2571 581 scripta
2606 491 2689 560 ad

400 601 758 692 capitulum
797 599 1173 667 transmissa
1217 597 1668 666 nominarunt.
1703 597 1815 666 Lis
1859 599 1937 666 ad
1969 597 2053 667 S:
2092 597 2323 665 Rotam
2363 589 2571 665 delata
2619 598 2688 664 in

398 709 682 776 savorem
714 705 948 775 Reneri
990 706 1205 776 decisa
1243 710 1358 772 est.
1393 702 1833 773 Discussionis
1858 712 2078 773 autem
2124 705 2368 788 rotalis,
2402 726 2551 794 quae
2582 726 2690 794 ge-

397 813 634 880 neralis
662 819 758 880 est
779 817 843 880 et
863 811 1226 902 applicatur
1248 810 1520 903 proinde
1544 810 1838 878 electioni
1861 811 2089 879 vicarii
2117 810 2519 902 capitularis,
2550 810 2687 879 haec

389 941 660 987 summa
690 926 783 986 est
815 943 830 986 :
871 944 904 984 α
932 917 1101 986 Cum
1129 920 1336 986 simus
1375 919 1446 985 in
1480 917 1794 986 electione
1820 922 2143 1010 spectante
2170 918 2251 986 ad
2292 917 2682 1007 capitulum,

396 1052 435 1089 «
471 1047 619 1114 quae
643 1025 902 1092 nonnisi
946 1025 1365 1114 collegialiter
1387 1025 1449 1091 et
1476 1024 1792 1092 omnibus
1838 1025 2168 1093 canonicis
2197 1026 2266 1091 in
2295 1045 2511 1091 unum
2537 1044 2685 1090 con-

398 1156 436 1196 «
472 1132 751 1220 gregatis
797 1132 937 1198 fieri
986 1137 1256 1221 poterat,
1296 1152 1455 1199 cum
1504 1130 1609 1198 isti
1642 1130 1901 1221 (nempe
1928 1137 2206 1221 quatuor
2246 1130 2568 1215 absentes)
2594 1130 2681 1197 uti

394 1262 433 1300 «
469 1237 710 1326 singuli
754 1236 1016 1304 nullum
1050 1237 1313 1328 penitus
1337 1237 1580 1305 habere
1609 1238 1866 1305 valeant
1886 1240 1999 1327 jus
2031 1236 2339 1327 eligendi,
2372 1237 2682 1324 nequive-

391 1369 430 1407 «
470 1348 625 1410 runt
666 1343 890 1432 utique
917 1345 1256 1414 memorati
1300 1349 1428 1411 tres
1472 1346 1770 1412 canonici
1801 1344 2223 1433 singulariter
2251 1347 2315 1410 et
2346 1343 2622 1411 seorsim
2650 1367 2685 1411 a

393 1474 428 1514 α
465 1448 751 1539 capitulo
776 1471 1009 1516 eorum
1035 1456 1259 1517 votum
1286 1450 1603 1540 proferre,
1638 1449 1990 1539 minusque
2016 1450 2182 1518 illud
2206 1471 2321 1540 per
2339 1449 2683 1520 schedulas

392 1577 427 1618 «
467 1554 551 1621 ad
580 1554 941 1645 capitulum
969 1555 1041 1621 in
1067 1556 1325 1645 scriptis
1350 1558 1820 1636 transmittere,
1843 1558 2036 1648 juxta
2066 1556 2410 1624 litteralem
2441 1562 2681 1625 textum

394 1684 430 1724 «
470 1660 541 1725 in
571 1661 779 1750 capite
807 1660 888 1728 Si
917 1659 1072 1750 quis
1084 1661 1303 1749 justa,
1334 1659 1415 1727 de
1457 1662 1794 1745 electione,
1828 1662 1904 1729 in
1963 1671 2151 1729 sexto
2171 1682 2202 1746 ;
2252 1662 2468 1752 ibique
2513 1662 2679 1730 Bar-

392 1791 426 1830 «
462 1765 615 1833 bosa
648 1766 739 1855 (n.
788 1765 929 1854 17);
966 1766 1079 1833 ubi
1106 1766 1600 1841 conclusionem
1632 1770 1928 1859 ampliat,
1955 1775 2030 1837 ut
2052 1792 2406 1838 consensus
2436 1771 2683 1861 eligen-

332 1865 337 1872 ’
391 1895 426 1934 ιι
465 1870 661 1948 tium,
690 1870 888 1938 etiam
905 1870 1160 1938 volente
1183 1873 1499 1962 capitulo,
1521 1896 1656 1942 non
1676 1876 1879 1966 possit
1898 1875 2286 1966 per'fflitteras
2304 1879 2676 1967 praestari...

382 2001 420 2038 «ι
457 1974 704 2044 Boerus
748 1977 989 2070 pariter
1029 1977 1303 2068 ampliat
1347 1980 1428 2047 ad
1475 1979 1569 2064 id,
1615 1975 1807 2070 quod
1835 1983 2055 2066 etiam,
2082 1971 2338 2051 volente
2361 1985 2676 2074 capitulo,

383 2109 416 2146 «
456 2082 838 2171 hujusmodi
891 2080 1355 2173 suffragiorum
1415 2088 1737 2182 praestatio
1802 2082 2142 2156 effectuari'
2192 2081 2325 2156 non
2385 2091 2673 2180 potest...
2722 2131 2729 2138 -

377 2213 409 2250 α
447 2187 646 2277 quue
687 2187 973 2278 procedit
1012 2190 1267 2258 etiamsi
1318 2190 1475 2259 dicti
1525 2197 1653 2260 tres
1712 2193 2013 2262 canonici
2051 2194 2328 2278 fuissent
2382 2197 2678 2286 legitimo

385 2318 418 2357 «
447 2294 756 2384 justoque
799 2295 1266 2386 impedimento
1291 2298 1534 2366 detenti
1561 2321 1578 2383 ;
1622 2296 1777 2389 quia
1822 2323 1977 2369 cum
1997 2303 2110 2391 jus
2139 2292 2502 2372 commune
2533 2306 2678 2374 satis

383 2425 414 2462 «
450 2400 820 2467 absentium
869 2402 1281 2470 indemnitati
1329 2405 1682 2495 providerit
1726 2408 2064 2475 statuendo
2101 2409 2390 2489 scilicet,
2449 2417 2528 2479 ut
2586 2413 2676 2480 sic

383 2531 417 2569 «
450 2505 742 2596 legitime
768 2508 1070 2598 impediti
1094 2517 1585 2598 procuratorem
1610 2513 1691 2580 ad
1717 2514 2105 2606 suffragium
2134 2516 2580 2607 praestandum
2601 2522 2675 2588 in

386 2635 419 2673 «
450 2611 733 2699 capitulo
779 2614 1170 2680 constituere
1212 2617 1506 2704 valeant,
1555 2606 1958 2710 consequens
2005 2623 2081 2690 fit
2121 2623 2293 2712 quod
2340 2644 2545 2710 neque
2587 2625 2664 2692 in

384 2716 578 2784 «hoc
631 2734 783 2784 casu
835 2718 1192 2787 valuissent
1240 2722 1325 2811 ad
1378 2722 1587 2791 alium
1646 2728 1922 2807 modum
1972 2722 2237 2797 votandi
2281 2729 2345 2795 in
2395 2729 2668 2818 scriptis

384 2848 416 2886 «
448 2844 781 2891 recurrere
820 2848 836 2892 t
888 2846 964 2893 ex
992 2847 1066 2893 ea
1093 2827 1279 2921 valde
1318 2816 1622 2899 notabilis
1664 2826 2048 2919 differentiae
2076 2837 2343 2919 ratione,
2375 2835 2554 2924 quod
2594 2836 2668 2904 in

386 2956 419 2994 a
455 2930 943 2998 transmissione
989 2931 1283 3022 suffragii
1305 2934 1396 3001 .in
1444 2936 1727 3027 scriptis,
1780 2960 1858 3007 eo
1900 2939 2040 3031 ipso
2070 2942 2409 3010 inducitur
2458 2947 2666 3021 actuS,

385 3062 420 3101 α
458 3055 653 3124 quem
680 3037 928 3126 eligens
955 3043 1134 3106 extra
1170 3040 1534 3131 capitulum
1563 3044 1920 3136 adimplere
1950 3070 2083 3116 non
2119 3042 2347 3137 potest.
2383 3048 2460 3116 lu
2504 3049 2666 3116 elec-

383 3165 417 3205 «
459 3142 637 3209 tione
662 3144 880 3211 autem
912 3148 1369 3233 procuratoris,
1406 3149 1618 3218 dictus
1667 3158 1852 3220 actus
1896 3160 2187 3222 remanet
2222 3155 2293 3221 in
2332 3156 2496 3247 fieri,
2537 3176 2659 3222 nec

382 3274 416 3311 «
457 3249 919 3337 perfectionem
947 3251 1312 3338 assequitur
1337 3253 1463 3322 nisi
1490 3255 1569 3323 de
1601 3263 1895 3349 tempore
1914 3282 2046 3349 quo
2074 3261 2249 3329 idem
2284 3267 2667 3353 procurator

368 3379 417 3417 .«
455 3354 556 3419 sui
580 3355 959 3442 principalis
982 3360 1471 3444 praesentialiter
1485 3361 1556 3428 in
1588 3366 1874 3454 capitulo
1900 3356 2286 3457 suffragium
2315 3374 2661 3459 praestat...

382 3481 414 3518 ι(
450 3454 621 3522 Hinc
649 3459 1072 3545 rejiciendam
1091 3483 1226 3529 esse
1250 3462 1520 3532 Domini
1545 3467 1632 3556 (1)
1662 3463 2051 3540 sententiam
2076 3464 2481 3543 censuerunt
2503 3475 2670 3544 Hos·

386 3588 418 3625 «
456 3561 702 3646 tiensiffi
747 3562 1076 3653 Azorii...‚
1122 3570 1442 3666 intrepide
1489 3573 1904 3674 firmantium
1947 3569 2252 3650 absentes
2282 3573 2355 3650 in
2410 3585 2671 3674 scriptis

381 3695 415 3734 «
465 3692 647 3760 posse
694 3672 773 3738 ad
813 3673 1170 3762 capitulum
1198 3699 1443 3775 ⁵eorum
1499 3681 1806 3774 suffragia
1842 3678 2299 3758 transmittere.
2360 3717 2395 3755 ι)
2469 3692 2672 3760 Addit

376 3774 535 3844 Rota
562 3799 694 3846 non
727 3779 938 3847 valere
967 3780 1392 3872 objectionem
1441 3784 1811 3880 quod‘jura
1850 3793 2120 3885 allegata
2169 3797 2533 3887 loquantur
2583 3800 2670 3868 de

372 3882 677 3952 electione
706 3886 962 3976 proprie
999 3889 1190 3979 dicta,
1242 3894 1503 3981 quando
1534 3887 1871 3986 eligendus
1899 3908 1994 3969 est
2034 3908 2094 3970 vg
2129 3925 2195 3992 g.
2239 3882 2612 3999 Episcopus
2648 3934 2665 3978 ε

364 3987 521 4103 quia
546 3991 873 4154 slufficit‘ut
899 3988 1127 4091 electio⁸
1144 3997 1372 4066 debeat
1393 4001 1530 4068 fieri
1556 4005 2015 4096 capitulariter,
2042 4015 2102 4076 et
2121 3996 2250 4077 non
2283 4015 2483 4102 possit
2517 4015 2668 4084 fieri

359 4109 556 4178 smgu
584 4096 797 4164 ariter.
1015 4107 1021 4117 '
1128 4108 1161 4129 ‘²
1206 4098 1213 4121 ²
1336 4104 1337 4107 ’

419 4324 487 4385 (1)
523 4322 746 4386 Domini,
779 4323 829 4374 id
863 4330 958 4388 est,
992 4329 1244 4383 auditores
1268 4347 1358 4384 seu
1377 4336 1589 4397 judiees.
1630 4341 1697 4391 Εἰ)
1728 4322 1913 4408 quippe
1943 4326 2271 4399 Doniinorum
2296 4355 2508 4402 nomine
2547 4369 2671 4406 ma·

351 4406 593 4463 gis-iratus
619 4406 697 4454 isti
721 4409 1003 4466 nuncupari
1033 4407 1215 4458 solent.
