2930 4982
1119 390 1196 435 ns
1240 389 1570 437 carnotis.
2149 370 2162 377 ’
2401 385 2480 441 65

215 510 452 580 diaconi
484 515 549 576 et
585 509 992 589 subdiaconi.
1043 508 1465 577 Laudabilius
1494 516 1734 595 tamen,
1768 510 1849 577 ad
1901 517 2184 579 mentem
2223 512 2495 582 Triden-

214 617 320 684 tini
347 615 640 699 concilii,
675 616 1028 683 sacerdotes
1068 619 1325 683 tantum
1365 614 1432 681 in
1467 615 1765 704 capitulis
1793 616 2057 684 admissi
2088 625 2262 686 sunt.

291 723 432 790 Jam
462 743 618 789 vero
660 724 887 812 elapsis
916 721 1260 812 plusquam
1308 721 1399 789 40
1440 722 1658 806 annis,
1695 721 2014 791 laudabile
2058 725 2219 793 illud
2253 725 2491 796 factum

218 831 335 898 vim
366 829 868 897 consuetudinis
902 829 1208 914 obtinuit,
1255 849 1403 917 quae
1451 829 1850 895 consuetudo
1877 830 2274 921 ubicumque
2323 856 2501 924 repe-

218 938 403 1004 riatur
435 938 509 1003 in
537 938 749 1026 legem
775 935 1048 1004 omnino
1075 936 1454 1004 servandam
1482 957 1520 1002 a
1544 933 1926 1002 Tridentino
1950 944 2157 1005 erecta
2188 947 2299 1006 est.
2332 940 2501 1030 Ergo

216 1044 371 1132 quod
418 1044 807 1133 potuissent,
857 1048 1095 1111 attento
1119 1045 1268 1133 jure
1299 1042 1666 1124 communi,
1714 1042 1958 1131 priores
2005 1042 2101 1110 illi
2145 1043 2502 1114 Galliarum

218 1151 539 1241 praesules,
575 1151 711 1239 jam
755 1150 1130 1218 nullatenus
1167 1153 1436 1240 possunt
1470 1148 1764 1215 hodierni
1797 1147 2122 1239 Episcopi.
2170 1150 2315 1219 Non
2367 1176 2510 1243 pos·

217 1263 355 1323 sunt
381 1257 636 1323 scilicet
680 1255 930 1342 aliquas
956 1256 1316 1322 canoniales
1352 1253 1724 1344 praebendas
1762 1262 2100 1323 annectere
2136 1257 2504 1326 diaconatui

214 1367 321 1429 aut
341 1362 837 1430 subdiaconatui
864 1388 881 1448 3
915 1361 1025 1429 sed
1053 1383 1128 1428 ex
1169 1361 1306 1451 ipsa
1338 1362 1478 1450 jam
1508 1361 1762 1427 invecta
1785 1363 2253 1431 consuetudine
2278 1387 2505 1432 omnes

216 1472 632 1537 canonicatus
654 1468 1094 1537 sacerdotibus
1109 1468 1482 1536 conferendi
1503 1473 1678 1534 sunt.
1709 1465 1897 1535 Unde
1913 1470 2053 1557 Jam
2081 1471 2339 1538 videtur
2364 1473 2509 1538 nul-

215 1574 335 1642 lam
382 1577 882 1644 existimandam
925 1576 1058 1643 fore
1102 1574 1334 1642 factam
1365 1577 1784 1642 canonicatus
1816 1575 2222 1643 collationem
2274 1579 2512 1646 clerico

217 1698 342 1747 non
371 1681 721 1763 sacerdoti²
747 1687 859 1748 aut
885 1681 1000 1769 qui
1031 1680 1111 1748 ad
1136 1679 1564 1748 sacerdotium
1597 1679 1825 1747 saltem
1851 1678 2020 1747 infra
2045 1702 2294 1749 annum
2325 1683 2509 1751 evehi

217 1794 510 1873 nequeat.

1157 1952 1441 2012 CAPUT
1502 1951 1588 2010 IV

292 2133 370 2177 DE
409 2132 657 2179 NUMERO
688 2131 1126 2190 CANONJGORUM,
1160 2133 1237 2176 m·
1266 2131 1575 2184 QUATENUS
1618 2131 1842 2176 AUGERI
1871 2133 1982 2176 vm.
2024 2134 2198 2178 amm
2241 2136 2437 2181 Possm·

306 2323 338 2387 1
362 2371 377 2385 .
455 2346 491 2381 ιι
532 2318 609 2383 ln
654 2317 1133 2384 cathedralibus
1179 2316 1462 2382 ecclesiis
1500 2321 1590 2382 tot
1631 2336 1908 2382 numero
1948 2318 2244 2385 canonici
2292 2320 2525 2389 debent

220 2450 254 2489 «
277 2446 455 2507 esse,
486 2428 644 2511 quot
671 2443 791 2514 pro
816 2422 1079 2489 servitio
1106 2421 1391 2489 ecclesiae
1427 2423 1786 2490 satisfacere
1816 2423 2079 2513 possint.
2115 2450 2147 2489 »
2192 2426 2520 2518 (Barbosa,

221 2537 310 2600 De
343 2552 537 2608 can„
569 2551 708 2620 cap.
759 2528 825 2613 3,
859 2552 926 2595 n.
983 2528 1072 2619 1.)
1101 2528 1416 2610 Quisnam
1458 2538 1673 2598 autem
1722 2531 1803 2598 sit
1835 2553 2147 2600 numerus
2186 2534 2293 2602 ille
2338 2538 2523 2605 suffi-

227 2641 426 2721 cienS,
484 2659 617 2704 non
656 2633 1125 2704 determinatur
1168 2660 1204 2704 a
1226 2639 1399 2725 jure,
1441 2645 1501 2705 et
1544 2639 1939 2727 relinquitur
1978 2641 2231 2730 judicio
2260 2642 2523 2712 Summi

232 2743 586 2820 pontificis,
616 2744 695 2810 ad
723 2766 922 2833 quem
966 2744 1182 2811 solum
1212 2745 1490 2834 pertinet
1513 2746 1794 2835 capitula
1830 2748 2223 2814 cathedralia
2250 2750 2520 2835 erigere.

313 2850 385 2917 ln
412 2850 863 2937 collegialibus
890 2850 1178 2917 ecclesiis
1206 2851 1375 2917 nihil
1406 2852 1644 2941 pariter
1680 2850 1985 2940 statuitur
2019 2873 2054 2917 a
2073 2853 2255 2938 jure,
2294 2858 2354 2915 et
2382 2873 2516 2916 cer-

239 2961 369 3023 tum
400 2964 503 3028 est
546 2964 801 3023 tantum
850 2957 1255 3043 collegiatam
1305 2957 1468 3043 erigi
1514 2977 1646 3021 non
1693 2977 1877 3043 posse
1919 2976 2073 3020 cum
2117 2955 2527 3044 paucioribus

243 3084 422 3151 quam
449 3065 699 3145 tribus3
731 3062 880 3129 licet
917 3061 1118 3128 semel
1142 3057 1374 3144 erecta,
1410 3060 1754 3126 subsistere
1795 3059 1994 3149 possit
2021 3061 2431 3150 collegialitas
2458 3066 2526 3132 in

246 3167 493 3236 duobus
512 3168 848 3245 membris,
877 3173 942 3233 et
968 3167 1163 3233 etiam
1201 3166 1270 3231 in
1295 3183 1479 3233 uno.·

323 3275 384 3342 2.
440 3276 731 3343 Ecclesia
773 3280 867 3341 est
915 3276 1018 3339 vel
1073 3283 1448 3353 numerata,
1503 3272 1605 3338 vel
1653 3294 1788 3339 non
1831 3286 2206 3343 numerata.
2258 3276 2529 3358 Quando

252 3402 350 3468 per
369 3382 636 3471 aliquod
680 3386 992 3448 statutum
1037 3380 1502 3447 determinatus
1547 3380 1670 3446 fuit
1699 3402 2017 3449 numerus
2060 3384 2529 3454 canonicorum

254 3506 315 3552 ea
343 3488 487 3576 lege
525 3494 599 3554 ut
630 3492 903 3575 nequeat
936 3487 1217 3572 alterari,
1257 3485 1546 3553 Ecclesia
1573 3484 1812 3554 dicitur
1844 3502 2223 3557 numerata.
2257 3490 2534 3570 Quando

258 3595 493 3661 nonita
534 3594 992 3662 determinatus
1030 3593 1154 3659 fuit
1181 3594 1648 3659 canonicorum
1692 3617 2030 3677 numerus,
2073 3595 2361 3662 Ecclesia
2403 3618 2534 3661 non

258 3704 469 3768 estnec
488 3701 730 3767 dicitur
756 3709 1131 3780 numerata.
1159 3696 1346 3785 (Vide
1371 3697 1744 3779 Barbosatn,
1775 3702 1868 3764 De
1887 3700 2244 3782 canoniciS,
2272 3719 2414 3788 cap.
2441 3699 2536 3791 3.)

335 3805 396 3873 3.
461 3806 745 3873 Ecclesia
815 3802 1202 3872 cathedralis
1261 3806 1465 3890 potest
1510 3801 1681 3866 effici
1747 3812 2100 3868 numerata
2146 3803 2486 3893 tripliciter
2518 3833 2533 3876 ε

263 3930 478 4004 nempe
519 3914 623 3980 vel
670 3936 706 3980 a
737 3912 904 4002 Papa
950 3913 1089 4000 ipso
1132 3929 1490 3976 numerum
1542 3906 2002 3974 canonicorum
2042 3908 2539 3995 determinante,

264 4023 316 4081 et
345 4019 637 4086 irritante
662 4039 857 4085 omne
885 4016 954 4082 in
1006 4021 1332 4105 posterum
1387 4014 1584 4102 hujus
1625 4013 1887 4079 numeri
1934 4023 2402 4106 augmentum3
2437 4026 2539 4093 vel

264 4120 336 4188 ab
358 4124 676 4214 Episcopo
721 4123 800 4191 de
844 4120 1111 4189 consilio
1141 4120 1451 4210 capituli3
1495 4119 1598 4185 vel
1643 4141 1679 4185 a
1725 4117 2036 4186 diuturna
2076 4126 2541 4197 consuetudine

267 4226 532 4298 habendi
570 4252 923 4298 numerum
954 4227 1420 4297 canonicorum
1450 4231 1764 4317 tanquam
1793 4225 2294 4297 determinatum
2320 4236 2383 4295 et
2409 4250 2541 4295 non

271 4337 660 4423 augendum.
694 4334 1023 4427 (Barbosa,
1050 4332 1191 4401 loco
1221 4329 1470 4420 citato.)

346 4443 410 4510 4.
438 4442 726 4512 Ecclesia
756 4439 1103 4528 collegialis
1132 4443 1335 4529 potest
1365 4438 1629 4528 insuper
1654 4439 1822 4506 effici
1850 4449 2206 4507 numerata
2234 4456 2350 4523 per
2377 4434 2548 4520 ipso-

2241 4552 2269 4594 δ
