2930 4982
295 343 422 402 398
1269 344 1615 393 τιιΑοτΑτυε

293 473 518 541 suisset
556 474 941 538 statutorum
988 464 1332 543 confectio,
1370 464 1459 531 ita
1495 470 1568 530 ut
1596 462 1926 530 accidente
1948 459 2250 550 Episcopi
2298 461 2585 530 dissensu

183 592 200 605 ⁹
294 576 767 647 recurrendum
809 574 1031 640 fuisset
1073 573 1152 639 ad
1182 570 1480 661 superius
1517 568 2025 638 ecclesiasticum
2057 568 2366 652 tribunal,
2401 591 2589 638 nemo

298 706 429 753 non
453 684 626 751 videt
643 685 964 771 quantum
990 677 1355 746 detrimenti
1386 699 1586 768 passae
1612 677 1879 744 fuissent
1901 674 2261 743 Galliarum
2282 676 2584 744 ecclesiae.

296 790 374 859 Et
408 790 529 857 hac
560 790 655 878 (ut
681 793 1025 855 autumare
1066 785 1161 854 fas
1188 785 1300 875 est)
1335 786 1663 875 praecipue
1690 783 1769 851 de
1809 805 2027 869 causa,
2061 783 2359 851 recedere
2385 804 2420 850 a
2443 784 2592 873 jure

297 895 640 965 communi
676 893 1015 961 aestimavit
1064 892 1494 982 opportunius
1537 890 1883 981 praedictus
1924 889 2215 977 legatus3
2257 889 2346 956 ita
2382 890 2595 958 forsan

297 1000 618 1069 innuente
664 999 827 1068 Sede
865 999 1253 1088 Apostolica.
2456 1061 2468 1070 ,

394 1106 662 1176 Certum
686 1111 781 1174 est
818 1107 1011 1174 etiam
1051 1106 1241 1172 illum
1266 1103 1648 1187 decrevisse,
1684 1107 1755 1171 ut
1780 1106 2011 1169 statuta
2034 1101 2415 1190 hujusmodi
2443 1124 2597 1192 pos-

193 1221 206 1234 '
305 1219 445 1281 sent
472 1235 508 1280 a
538 1212 1015 1280 successoribus
1056 1211 1418 1296 immutari,
1448 1210 1766 1300 requisito
1796 1207 1988 1298 prius
2012 1206 2278 1297 capituli
2298 1208 2593 1291 consiliO,

305 1341 436 1388 non
482 1325 702 1387 autem
759 1340 1101 1386 consensu.
1164 1318 1254 1386 lta
1304 1318 1486 1386 enim
1541 1317 1657 1383 sert
1721 1317 1860 1405 ejus
1907 1315 2234 1382 decretum
2293 1317 2602 1406 expressis

304 1427 635 1496 terminis.

398 1533 598 1624 Ergo,
629 1533 791 1600 dum
816 1531 1177 1623 capitulum
1207 1529 1616 1620 regulariter,
1645 1551 1720 1597 ex
1744 1526 2084 1618 disciplina
2108 1525 2472 1608 communi,
2491 1527 2599 1615 jus

308 1637 502 1704 habet
532 1639 696 1704 utin
730 1638 1121 1726 quibusdam
1152 1636 1524 1725 requiratur
1545 1638 1686 1725 ejus
1720 1655 2094 1710 consensuS,
2128 1637 2191 1700 et
2218 1633 2290 1699 in
2312 1632 2596 1722 pluribus

309 1741 454 1810 aliis
496 1744 635 1831 ejus
688 1742 1059 1820 consilium,
1095 1741 1378 1832 capitula
1407 1741 1533 1808 sub
1579 1740 1814 1831 primis
1850 1739 2396 1830 Episcopisfimno
2436 1735 2597 1805 1802

310 1846 697 1934 constitutis,
724 1847 847 1914 hoc
893 1846 1058 1936 jure·
1082 1852 1459 1915 caruerunt.
1498 1846 1678 1915 Licet
1725 1847 1901 1917 enim
1931 1845 2295 1914 Cardinalis
2336 1843 2606 1934 Capram

311 1951 496 2018 valde
544 1953 955 2019 commendet
995 1951 1123 2020 illis
1155 1952 1555 2021 Praesulibus
1600 1958 1699 2036 ut,
1747 1953 1902 2020 talia
1944 1952 2350 2041 exequendo,
2404 1971 2606 2018 sacros

315 2079 595 2126 canones
625 2080 757 2148 prae
785 2058 990 2125 oculis
1019 2058 1301 2126 habeant
1325 2070 1388 2127 et
1415 2063 1798 2148 sequantur,
1831 2065 2044 2126 tamen
2073 2057 2232 2148 ipsis
2273 2057 2433 2125 solis
2466 2058 2609 2123 inte-

317 2186 504 2254 gram
527 2186 790 2254 prorsus
819 2165 1261 2232 executionem
1282 2169 1345 2232 et
1366 2169 1754 2233 statutorum
1777 2164 2242 2233 confectionem
2262 2163 2604 2253 relinquit3

317 2275 380 2336 et
406 2290 444 2336 a
471 2268 950 2337 successoribus
994 2268 1191 2358 exigit
1215 2275 1472 2337 tantum
1507 2274 1603 2354 ut,
1642 2269 1944 2361 praedicta
1989 2274 2221 2336 statuta
2262 2269 2610 2335 immutare

315 2373 625 2456 volentes,
660 2375 930 2443 consilio
962 2376 1239 2463 *quidem
1275 2376 1545 2466 capituli
1587 2376 1947 2465 indigeant,
1981 2396 2117 2443 non
2148 2379 2365 2443 autem
2395 2372 2611 2442 consi-

316 2477 481 2545 lium
520 2478 682 2547 illud
712 2479 899 2570 sequi
943 2486 1307 2549 teneantur.

406 2581 544 2650 Hoc
587 2589 804 2651 autem
840 2586 953 2671 jus
989 2587 1380 2675 particulare
1416 2609 1549 2655 non
1602 2588 1812 2677 viguit
1861 2610 1936 2655 ex
1977 2588 2227 2655 decreto
2258 2583 2603 2653 Cardinalis

319 2687 613 2777 Caprarae
644 2689 773 2757 nisi
801 2689 1013 2778 quoad
1040 2692 1326 2781 priorem
1352 2693 1774 2761 ecclesiarum
1801 2694 2190 2762 erectionem
2217 2692 2367 2759 anni
2400 2688 2592 2757 1802.

321 2793 395 2863 ln
427 2794 761 2886 posteriori
789 2796 969 2864 enim
995 2797 1314 2865 erectione
1337 2799 1497 2866 anni
1524 2799 1722 2879 1822,
1741 2801 1855 2890 jus
1877 2800 2156 2868 aliorum
2180 2797 2609 2890 capitulorum

321 2906 482 2969 tunc
508 2908 869 2970 erectorum
893 2902 974 2969 ab
1022 2904 1159 2993 ipsa
1186 2901 1419 2972 Sancta
1461 2903 1624 2973 Sede
1655 2906 2161 2974 determinatum
2198 2906 2323 2973 fuit
2365 2926 2440 2973 eo
2489 2922 2613 2994 quo

323 3027 475 3074 mox
503 3007 795 3076 dicemus
820 3008 1039 3076 modo.
1678 3001 1681 3006 ’
1914 3035 1917 3038 ’

414 3111 790 3182 Pnorosmo
814 3115 1002 3182 2³.-
1020 3114 1217 3198 Quod
1230 3114 1518 3184 decrevit
1542 3116 1924 3186 Cardinalis
1942 3119 2251 3207 Capram
2272 3116 2616 3186 desucces·

323 3219 459 3284 sori
465 3219 582 3286 bus
606 3221 983 3309 primorum
1011 3222 1502 3313 Episcoporum
1531 3222 1794 3291 videtur
1818 3222 2333 3313 intelliqendam
2370 3222 2454 3291 de
2480 3246 2616 3294 suc-

326 3324 675 3392 cessoribus
696 3327 1061 3415 prox-imi&
1086 3350 1224 3397 non
1248 3341 1476 3397 autem
1505 3328 1586 3397 de
1612 3331 2080 3399 successoribus
2104 3332 2612 3421 inperpetuum.

324 3464 416 3479 -
456 3428 647 3509 Quod
715 3433 896 3500 enim
937 3433 1235 3524 praedicti
1304 3456 1698 3503 successores
1742 3437 2029 3514 adstricti
2078 3442 2334 3504 tantum
2383 3437 2621 3505 fuerint

326 3536 406 3604 ad
427 3534 894 3625 requirendum
924 3540 1191 3631 capituli
1216 3539 1586 3622 consilium,
1614 3563 1747 3609 non
1763 3564 1913 3622 vero
1933 3561 2323 3611 consensum
2352 3544 2426 3609 in
2448 3542 2532 3611 iis
2559 3543 2619 3610 in

327 3644 567 3733 quibus
615 3643 692 3711 de
734 3645 886 3734 jure
932 3646 1277 3714 communi
1327 3657 1678 3716 consensus
1720 3648 1832 3716 ille
1862 3648 2242 3737 requiritur,
2274 3648 2403 3715 fuit
2445 3650 2622 3717 dero-

328 3750 497 3838 gatio
512 3752 651 3841 juri
671 3752 1007 3820 communi
1032 3778 1051 3834 ;
1081 3753 1262 3842 atqui
1285 3754 1500 3822 omnis
1521 3754 1846 3843 derogatio
1884 3756 2024 3844 juri
2048 3755 2389 3823 communi
2411 3755 2622 3823 stricte

328 3854 803 3946 interpretanda
823 3863 938 3926 est.
962 3856 1108 3926 Jam
1136 3881 1286 3926 vero
1316 3847 1679 3928 Cardinalis
1705 3859 1984 3952 Caprara
2029 3882 2162 3929 non
2186 3862 2370 3949 dixit,
2403 3863 2622 3929 relicta

328 3963 793 4031 successoribus
812 3965 891 4035 *in
909 3976 1313 4056 perpetuum
1370 3970 1761 4033 statutorum
1805 3968 2368 4035 immutandorum
2421 3966 2622 4036 facul-

330 4071 477 4147 tate,
509 4068 616 4133 sed
646 4069 805 4137 dixit
843 4077 1125 4151 tantum,
1152 4070 1655 4153 successoribus;
1686 4074 1857 4161 quod
1877 4096 1953 4146 ex
1970 4056 2372 4164 ‘praesumpta
2402 4073 2473 4141 in
2500 4072 2622 4141 illis

331 4172 834 4243 circumstantiis
878 4179 1019 4265 ejus
1069 4185 1311 4267 mente,
1342 4177 1421 4246 de
1449 4180 1927 4247 successoribus
1951 4178 2368 4265 immediatiS,
2391 4185 2504 4246 aut
2526 4178 2622 4246 his

331 4276 668 4368 proximiS,
697 4284 1035 4349 commode
1076 4285 1483 4377 interpretari
1537 4293 1766 4377 potest.
1818 4286 2041 4377 Ipsius*
2070 4287 2249 4354 enim
2298 4286 2621 4354 intentum

335 4387 585 4456 videtur
615 4386 810 4457 fuisse
855 4390 1376 4460 utecclesiarum
1418 4400 1482 4461 et
1511 4394 1943 4484 capitulorum
1974 4394 2364 4464 ordinationi
2388 4395 2619 4482 absque
