2930 4982
376 291 412 345 4
424 289 453 343 Ξ
467 289 503 343 2
1352 293 1691 340 TRACTATUS

465 412 842 483 Doctrinam
882 411 1087 497 illam,
1136 433 1322 503 posse
1369 411 1614 480 scilicet
1651 411 1954 479 Praelatos
1997 411 2258 501 quando
2317 418 2536 480 errant
2574 415 2651 482 ab

374 520 793 593 inferioribus
820 518 1087 608 corrigi,
1124 518 1356 609 probat
1383 522 1692 609 praeterea
1729 517 1944 608 praxis
1973 515 2276 585 Ecclesiae
2316 523 2651 608 perpetua3

373 650 504 721 qua
537 647 670 694 non
711 632 967 693 tantum
1009 646 1141 692 non
1195 623 1568 715 reprehensi
1617 645 1914 713 unquam
1954 628 2135 711 sunt,
2185 624 2294 691 sed
2350 646 2386 691 e
2440 631 2658 695 contra

372 731 614 802 laudati
643 730 724 799 ab
751 729 1042 798 Ecclesia
1083 751 1339 819 semper
1385 729 1484 796 illi
1513 727 1661 812 viri,
1700 729 1843 818 qui,
1873 728 2025 795 licet
2056 727 2261 817 gradu
2297 727 2658 819 Episcopali

373 837 736 923 inferiores,
767 835 1104 926 Episcopis
1141 834 1211 902 in
1255 834 1535 902 schisma
1581 840 1693 902 aut
1739 834 2066 915 haeresim,
2122 833 2356 900 aliosve
2404 835 2660 904 nocivos

375 963 626 1013 errores
669 942 892 1034 lapsis„
944 943 1182 1030 scripto
1212 947 1273 1008 et
1299 939 1468 1009 facto
1505 941 1752 1009 fortiter
1778 942 2107 1027 restitere3
2141 962 2428 1030 quorum
2458 963 2661 1009 exem-

379 1051 506 1142 plis
533 1050 727 1140 plena
770 1054 863 1116 est
891 1049 1159 1116 historia
1193 1047 1640 1115 ecclesiastica.
1676 1046 1838 1127 Quis
1869 1068 2189 1136 unquam,
2218 1046 2403 1115 verbi
2433 1049 2655 1137 gratia,

377 1154 890 1246 vituperandum
940 1153 1292 1222 somniabit
1339 1153 1671 1222 eruditum
1701 1157 1947 1243 patrem
1978 1152 2354 1239 Zaccharia,
2382 1154 2501 1243 qui
2524 1153 2662 1222 licet

384 1262 656 1353 simplex
689 1260 1007 1348 sacerdOS,
1039 1260 1440 1351 Episcopum
1479 1259 1558 1327 de
1600 1259 1956 1327 Hontheim
1991 1261 2202 1350 quise
2241 1260 2663 1329 orthodoxum

383 1369 532 1440 totis
557 1368 808 1436 viribus
849 1366 1240 1450 clamitabat,
1282 1367 1597 1455 arguebat
1636 1367 1873 1434 erroris
1907 1366 1975 1433 in
2017 1388 2136 1435 suo
2177 1366 2663 1456 Antifebrom'o,

384 1480 449 1545 et
491 1474 823 1568 pestiferas
868 1474 1161 1563 pandens
1210 1475 1648 1541 versutiarum
1685 1471 2254 1562 Jansenisticarum
2307 1473 2659 1563 opinioneS,

388 1603 474 1649 ne
530 1580 724 1648 latius
779 1585 1108 1670 serperent
1155 1579 1513 1666 coercebat,
1566 1585 1756 1669 atque
1803 1580 2020 1669 ipsum
2064 1580 2413 1649 Praelatum
2463 1603 2661 1670 quan·

388 1687 630 1755 tumvis
683 1686 1107 1754 reluctantem
1159 1687 1238 1754 ad
1295 1687 1813 1755 retractationem
1872 1687 2226 1776 adigebat?
2280 1686 2464 1768 Quod
2513 1709 2656 1755 vero

388 1791 804 1861 laudabiliter
844 1792 980 1874 ille,
1031 1792 1367 1859 innumeri
1408 1793 1481 1859 in
1523 1797 1653 1860 tota
1695 1798 1868 1860 retro
1912 1794 2303 1861 saeculorum
2350 1794 2510 1862 serie
2553 1795 2662 1862 viri

391 1898 781 1967 sanctissimi
821 1897 1164 1988 perfecere.
1219 1896 1496 1977 Quando
1542 1919 1696 1965 vero
1734 1898 2158 1966 heterodoxus
2198 1897 2556 1990 Episcopus
2592 1900 2665 1967 de

395 2002 655 2075 Soanen
683 2010 1032 2095 antequam
1069 2005 1141 2072 in
1186 2005 1462 2073 concilio
1498 2003 1963 2072 Ebredunensi
1991 2005 2434 2089 damnaretur,
2481 2012 2660 2074 totam

397 2111 729 2180 dioecesim
769 2133 952 2179 suam
979 2112 1275 2201 captiosis
1314 2110 1542 2178 litteris
1581 2111 2007 2201 pastoralibus
2034 2132 2070 2177 a
2106 2116 2280 2178 recta
2310 2111 2437 2177 fide
2462 2111 2668 2179 detur-

398 2216 553 2285 bare
583 2224 947 2303 conaretur,
976 2218 1124 2308 quis
1151 2240 1227 2285 ex
1255 2218 1459 2307 ipsius
1490 2216 1660 2285 clero
1701 2217 2017 2299 sacerdOS,
2048 2215 2196 2306 quis
2224 2216 2421 2283 etiam
2449 2215 2664 2302 laicuS‚

402 2323 751 2392 sufficienti
793 2324 1085 2392 doctrina
1130 2323 1508 2402 instructus,
1566 2345 1699 2391 non
1748 2328 2003 2390 tantum
2049 2323 2283 2412 potuit,
2337 2323 2442 2390 sed
2487 2323 2665 2389 etiam

404 2449 540 2496 non
568 2429 793 2497 debuit
828 2451 946 2520 pro
975 2452 1155 2521 posse
1188 2430 1344 2521 pesti
1372 2430 1705 2514 obsistere,
1733 2435 1796 2498 et
1831 2431 2148 2499 notoriam
2188 2441 2422 2498 sanctae
2463 2428 2671 2496 matris

404 2533 705 2602 Ecclesiae
733 2535 1077 2604 Catholicae
1103 2536 1415 2605 Romanae
1440 2537 1803 2605 doctrinam
1831 2544 2054 2606 contra
2085 2538 2360 2605 errantis
2383 2534 2668 2604 Praesulis

406 2658 604 2706 ausus
627 2637 967 2705 defendere
991 2643 1024 2705 ‘1

495 2741 569 2812 ld
607 2764 762 2832 ergo
807 2743 999 2833 plane
1045 2749 1319 2833 constat,
1371 2766 1489 2813 nec
1527 2768 1565 2813 a
1602 2747 1936 2814 catholicis
1981 2769 2273 2838 unquam
2314 2741 2665 2812 doctoribus

409 2852 485 2919 in
528 2849 807 2918 dubium
843 2858 1144 2919 vocatum
1172 2857 1289 2936 est,
1333 2852 1397 2918 1ο
1435 2854 1777 2943 procedere
1815 2856 2276 2922 correctionem
2315 2853 2668 2927 fraternam,

412 2978 546 3025 non
574 2962 829 3025 tantum
854 2979 893 3024 a
928 2958 1069 3047 pari
1097 2958 1168 3025 in
1198 2980 1445 3047 parem,
1481 2958 1592 3026 sed
1621 2960 1814 3026 etiam
1860 2959 1942 3026 ab
1973 2959 2394 3026 inferioribus
2425 2956 2672 3046 quibus·

415 3082 699 3152 cumque
734 3063 812 3130 ad
841 3064 1243 3154 superiores;
1291 3064 1360 3130 2⁰
1402 3065 1542 3131 fieri
1585 3064 1818 3138 debere
1849 3065 2225 3153 hujusmodi
2272 3064 2672 3132 correctiones

416 3189 491 3237 ea
536 3170 895 3238 reverentia
951 3176 1013 3237 et
1058 3171 1424 3239 humilitate
1480 3193 1626 3259 quae
1677 3173 1854 3238 decet
1910 3169 2308 3261 Episcopalis
2367 3167 2673 3260 dignitatis

416 3275 707 3343 culmen.
752 3275 940 3356 Quod
970 3284 1186 3342 autem
1214 3275 1564 3364 aliquando
1611 3277 1900 3344 accidere
1938 3277 2136 3367 possit
2169 3282 2244 3344 ut
2272 3276 2539 3344 inferior
2570 3271 2672 3340 sibi

416 3377 575 3445 falso
603 3381 982 3468 persuadeat
1008 3402 1250 3448 errasse
1284 3383 1709 3471 superiorem,
1745 3403 1877 3448 non
1905 3381 2127 3466 officit,
2162 3403 2320 3450 cum
2370 3404 2499 3449 non
2541 3376 2674 3447 desit

419 3481 491 3548 in
525 3480 798 3552 Praelato
850 3491 1121 3575 potestas
1167 3488 1243 3553 ad
1294 3487 1778 3573 procedendum
1837 3494 2058 3556 contra
2105 3488 2334 3555 falsam
2379 3482 2670 3555 inferioris

423 3590 929 3683 persuasionem,
978 3593 1064 3660 ita
1106 3599 1179 3659 ut
1224 3593 1415 3660 etiam
1457 3594 1745 3683 juridice
1784 3595 1864 3662 ad
1901 3617 2083 3663 sensa
2121 3616 2235 3663 sua
2271 3591 2609 3684 rejicienda
2627 3590 2674 3655 et

425 3698 823 3769 retractanda
852 3699 1048 3790 possit
1074 3700 1484 3790 compellere.
