2930 4982
384 310 412 363 ⁴1
432 306 464 361 3
477 305 513 361 0
1359 305 1699 352 maenius

394 463 427 500 «
461 438 705 526 junctae
742 435 896 517 sint,
937 437 1011 501 ut
1042 430 1149 498 eui
1188 428 1529 518 confertur
1572 424 2026 505 canonicatus,
2070 423 2302 493 debeat
2349 427 2677 516 assiqnari

394 573 428 612 «
453 540 848 635 praebenda,
899 538 958 606 si
995 559 1144 628 quce
1174 544 1369 602 vacat
1385 553 1416 616 ,·
1459 543 1525 599 et
1566 531 1788 600 sinon
1816 543 2039 616 vacat,
2082 531 2313 600 debeat
2345 535 2679 624 expectari

391 679 425 718 «
469 649 760 729 vacati0,
820 669 895 715 ex
950 642 1241 712 doctrina
1291 639 1587 728 Fagnani
1629 639 1725 729 (in
1770 660 1827 707 c.
1887 641 2053 707 Cum
2088 640 2552 727 Ferrariensis,
2605 640 2680 708 de

393 786 428 824 «
468 757 756 841 constit.,
760 753 861 820 ‘n.
908 750 1039 841 17).
1084 747 1361 816 Maxime
1400 769 1558 815 cum
1596 747 1896 816 canonici
1934 746 2317 836 hujusmodi
2349 746 2679 816 honorarii

384 890 426 928 (ι
468 864 565 931 nil
583 860 955 953 prodessent
974 853 1290 934 ecclesiam
1316 876 1472 922 cum
1489 854 1979 945 persimplicem
2000 853 2680 942 assignationem¹stalli

392 997 428 1033 «
471 990 603 1036 non
662 969 1004 1033 teneantur
1040 960 1360 1044 residere3
1418 980 1631 1048 neque
1671 958 1752 1026 ad
1808 957 2323 1027 interessendum
2377 958 2678 1048 compelli

382 1100 426 1139 ι(
468 1071 736 1164 possint,
768 1074 986 1159 utpote
1004 1067 1120 1156 qui
1143 1087 1274 1133 non
1300 1064 1542 1132 habent
1569 1063 2049 1132 distributiones
2073 1068 2136 1130 et
2159 1063 2556 1153 praebendas.

481 1206 515 1246 «
558 1175 1004 1246 Nihilominus
1045 1177 1202 1240 teste
1228 1170 1541 1262 Fagnano
1572 1170 1683 1290 (in.
1697 1192 1837 1261 cap.
1874 1170 2192 1252 Dilectus,
2222 1168 2317 1237 De
2345 1171 2672 1261 praebend.

384 1315 428 1351 2«
471 1306 542 1352 n.
564 1283 629 1373 9)
653 1280 920 1349 inolevit
939 1283 1013 1346 ut
1035 1278 1436 1367 recipiantur
1453 1274 1751 1344 canonici
1776 1275 2541 1365 hujusmodihonorarii,
2566 1277 2677 1368 qui

391 1416 425 1454 «
465 1390 538 1458 in
576 1385 967 1469 minoribus,
1017 1395 1080 1453 et
1109 1382 1346 1473 officiis
1374 1381 1823 1450 ecelesiasticis
1852 1382 2221 1450 inserviant
2248 1383 2591 1473 prioribus
2619 1397 2680 1452 et

387 1522 422 1561 «
470 1494 766 1583 antiquis
806 1491 1089 1560 eeclesiae
1119 1489 1449 1558 canonicis
1480 1503 1542 1557 et
1569 1488 1879 1575 eeclesiae,
1912 1491 2161 1578 quique
2185 1512 2407 1559 revera
2427 1513 2682 1583 semper

387 1624 421 1667 «
464 1599 711 1690 aliquid
741 1597 1002 1666 servitio
1032 1595 1322 1663 ecclesiae
1351 1603 1647 1686 prosunt.
1684 1595 1816 1664 Hos
1848 1603 2071 1665 autem
2096 1596 2355 1666 admitti
2385 1619 2563 1688 posse
2597 1598 2682 1666 ab

387 1734 421 1774 «
463 1707 782 1797 Episcopo
817 1711 879 1771 et
915 1702 1195 1792 capitulo
1225 1700 1490 1769 tradunt
1520 1701 1618 1792 (ex
1647 1703 1854 1793 capite
1894 1703 2066 1770 Cum
2092 1703 2551 1787 Ferrariensis,
2585 1701 2682 1769 De

380 1841 419 1879 «
466 1807 1094 1896 constitutionibus),
1117 1807 1345 1876 Milan.
1370 1807 1617 1898 (assert.
1659 1809 1722 1892 1,
1757 1830 1825 1876 n.
1851 1808 2389 1902 3),Ceccoperius
2415 1809 2580 1901 (loco
2594 1811 2681 1877 ci·

385 1944 421 1983 «
467 1922 622 2004 tato,
651 1939 724 1983 n.
762 1917 798 1983 7
825 1920 888 1982 et
916 1914 1106 2004 seq.),
1141 1912 1405 2001 Riganti
1431 1913 1535 2003 (ad
1552 1914 1853 2002 regulam
1880 1913 1966 1982 52
1989 1915 2415 1996 cancellariae,
2444 1938 2514 1984 n.
2540 1913 2675 2006 30).

382 2050 420 2087 «
461 2023 539 2090 Et
566 2023 638 2088 in
671 2019 1157 2110 cmlqinatensi,
1203 2019 1291 2086 26
1332 2019 1641 2086 februarii
1697 2019 1893 2100 1639,
1941 2022 2271 2111 proposito
2299 2019 2529 2108 dubio,
2573 2019 2681 2087 An

384 2156 420 2195 «
462 2128 838 2217 Episcopus
871 2124 1277 2192 auctoritate
1300 2123 1650 2192 ordinaria
1674 2127 1889 2216 possit
1917 2126 1991 2194 in
2017 2149 2141 2194 sua
2167 2126 2437 2198 eeclesia
2464 2149 2683 2195 creare

379 2261 418 2298 «
460 2232 808 2304 canonicos
825 2231 1430 2322 supernumerarios
1460 2231 1706 2322 absque
1728 2232 2018 2323 capituli
2039 2255 2356 2302 consensu
2386 2244 2449 2301 et
2477 2255 2683 2301 eano-

383 2365 416 2403 «
458 2339 782 2417 nieorum,
820 2337 1014 2406 Sacra
1034 2337 1463 2427 Congregatio
1482 2338 1843 2430 respondit,
1869 2361 2006 2406 non
2025 2362 2219 2430 posse
2240 2340 2433 2430 (libro
2465 2339 2547 2406 16
2572 2338 2683 2406 de-

381 2471 419 2510 «
455 2449 808 2532 cretorum,
832 2445 1073 2535 pagina
1101 2442 1231 2512 160
1250 2442 1537 2535 atergo).
1571 2443 1665 2512 Ex
1684 2466 1815 2534 qua
1830 2445 2220 2513 resolutione
2244 2444 2676 2531 concludunt,

379 2579 413 2618 «
455 2553 654 2641 quod,
677 2551 1017 2619 accedente
1037 2572 1359 2618 consensu
1378 2551 1674 2640 capituli,
1701 2553 1901 2641 possit
1921 2552 2282 2642 Episcopus
2298 2550 2682 2619 auctoritate

377 2683 414 2723 (ε
454 2658 787 2726 ordinaria
807 2657 1156 2724 canonicos
1173 2655 1558 2744 hujusmodi
1580 2678 1826 2726 creare.

468 2791 505 2843 (ς
551 2765 882 2847 Quatenus
911 2784 1106 2853 porro
1134 2763 1345 2845 vobiS,
1391 2764 1896 2832 eminentissimi
1935 2763 2178 2850 Patres,
2213 2763 2511 2831 videatur
2545 2784 2681 2831 non

381 2899 416 2937 «
462 2894 647 2962 posse
714 2869 1114 2961 Episcopum
1173 2869 1521 2937 canonicos
1577 2871 1957 2939 honorarios
2022 2892 2261 2954 creare,
2330 2875 2477 2937 tum
2544 2875 2677 2938 sta-

384 3004 418 3040 «
465 2979 785 3045 tuendum
836 2977 978 3058 erit,
1017 2997 1185 3043 num
1221 2975 1302 3043 sit
1351 2976 1760 3067 impetranda
1808 2977 2051 3045 sanatio
2098 2977 2334 3046 decreti
2378 2976 2678 3067 Episcopi

386 3108 419 3146 «
464 3080 776 3167 Ginanni,
804 3082 918 3168 qui
938 3102 1111 3148 anno
1139 3081 1312 3148 1785
1334 3088 1618 3169 quatuor
1634 3084 1978 3151 canonicos
1997 3082 2375 3151 honorarios
2397 3082 2634 3150 creavit
2657 3105 2674 3164 ;

385 3212 419 3250 «
465 3209 621 3256 cum
646 3188 725 3255 de
751 3191 1065 3278 potestate»
1081 3185 1409 3256 Pontificis
1428 3188 1724 3257 dubitare
1748 3195 1911 3258 esset
1939 3190 2140 3258 nefas.
2157 3242 2199 3258 ..
2253 3215 2286 3255 »

466 3291 611 3360 Duo
639 3293 952 3360 declarari
981 3293 1344 3384 postulabat
1375 3295 1729 3363 modernus
1755 3291 2116 3387 Episcopus
2140 3293 2624 3386 Fulginatensis
2654 3318 2671 3361 z

378 3399 612 3489 prim0,
647 3402 871 3465 utrum
914 3399 1155 3467 valeret
1182 3399 1514 3468 decretum
1555 3402 2040 3491 praedecessoris
2069 3404 2168 3471 sui
2205 3402 2487 3471 Ginanni
2522 3424 2538 3467 :
2575 3421 2678 3468 se-

374 3505 622 3583 cundO,
647 3504 718 3571 in
743 3504 1087 3593 hypothesi
1108 3507 1285 3594 quod
1310 3505 1742 3575 declararetur
1771 3508 2091 3591 validum,
2119 3509 2374 3599 petebat
2400 3512 2472 3575 ut
2499 3508 2677 3598 capi·

377 3614 512 3682 tulo
555 3632 688 3680 non
735 3611 956 3679 liceret
1001 3611 1070 3677 in
1111 3618 1443 3702 posterum
1489 3613 1696 3684 facere
1738 3617 2081 3685 canonicos
2132 3615 2509 3684 honorarios
2553 3612 2677 3681 nisi

369 3740 508 3802 -eos,
559 3741 722 3809 quos
763 3716 1121 3810 Episcopus
1163 3717 1596 3809 approbasset.
1640 3721 1757 3789 Die
1806 3722 1885 3789 17
1932 3722 2297 3791 decembris
2350 3720 2521 3789 1808
2571 3741 2676 3788 re-

375 3844 695 3911 sponsum
748 3831 870 3904 est,
917 3845 1038 3913 pro
1089 3823 1304 3892 valido
1359 3825 1735 3894 habendum
1798 3849 1935 3897 esse
1990 3828 2325 3896 decretum
2376 3827 2678 3919 Episcopi

374 3924 664 3994 Ginanni
689 3977 708 4014 ,
748 3933 811 3994 et
870 3930 1098 3997 electos
1151 3950 1189 3995 a
1239 3930 1519 4019 capitulo
1568 3932 1638 4000 in
1691 3934 2032 4004 canonicos
2085 3935 2465 4004 honorarios
2543 3934 2676 4002 fore

372 4032 460 4099 *ab
501 4032 824 4100 ordinario
867 4035 1342 4127 approbandos.
1398 4034 1791 4125 (Thesaurus
1837 4041 2144 4125 resoluit„
2176 4048 2336 4111 tom,
2374 4039 2670 4123 LXXIV,

374 4159 526 4228 pag.
581 4139 705 4205 117
733 4145 794 4204 et
821 4140 999 4231 161.)

466 4242 581 4311 Die
610 4244 653 4309 4
695 4244 871 4333 junii
919 4245 1118 4329 1836,
1164 4249 1233 4314 in
1282 4249 1348 4318 S.
1399 4248 1909 4341 Congregatione
1949 4255 2203 4323 concilii
2251 4255 2540 4323 discussa
2582 4255 2676 4320 est

372 4373 564 4421 causa
594 4351 935 4442 cujusdam
974 4351 1290 4443 Fiorettae,
1332 4358 1398 4423 in
1439 4358 1686 4426 civitate
1733 4358 2227 4453 Hipporegiensi
2265 4361 2439 4453 apud
2471 4358 2673 4427 Pede-
