2930 4982
367 337 498 396 370
1336 345 1680 395 ΤΙΔΩΤΑΊὌΒ

374 492 410 533 α
437 468 743 555 ecclesiae,
771 467 1184 555 monasterio,
1210 472 1361 553 etc„
1396 468 1627 536 noxius
1656 467 1972 548 evaderet,
2008 464 2279 533 Praelato
2311 487 2424 534 seu
2470 487 2657 558 supe·

375 602 408 641 «
433 577 603 644 riore
625 577 764 643 haec
786 575 1012 643 omnia
1049 574 1306 643 facilius
1330 574 1654 644 obtinenti
1691 573 1764 641 in
1796 574 2083 641 favorem
2122 571 2226 640 sui
2256 576 2318 639 et
2337 572 2526 661 juxta
2549 593 2656 639 vo·

370 706 404 747 «
434 683 745 750 luntatem
766 702 957 749 suam
987 680 1271 748 decerni.

459 811 494 850 α
521 785 899 876 Respondeo
935 784 1220 854 secundo
1266 809 1283 852 ε
1330 786 1520 854 debet
1563 806 1699 853 esse
1745 785 2070 875 praestitus
2112 806 2150 852 a
2193 785 2439 873 maj0re
2481 791 2662 875 parte

372 913 407 954 α
438 892 708 982 capituli
737 892 1133 981 congregati,
1163 913 1274 959 seu
1300 891 1851 982 capitulariumin
1879 889 2164 981 capitulo
2183 890 2649 980 praesentium;

371 1020 408 1062 (ι
436 996 806 1087 sufficitque
845 997 990 1065 talis
1026 1019 1404 1082 consensus,
1434 998 1617 1066 nulla
1639 997 1859 1067 habita
1893 998 2142 1066 ratione
2183 997 2579 1066 absentium.
2612 1025 2645 1061 »

365 1098 520 1169 Haec
538 1102 898 1172 Leurenius
926 1104 1196 1194 (Forum
1218 1103 1474 1192 ecdem,
1501 1105 1549 1172 l.
1586 1102 1697 1189 111,
1720 1105 1820 1172 tit.
1857 1102 1965 1185 10,
1993 1108 2217 1192 quaest.
2253 1102 2406 1192 107)
2432 1103 2653 1194 plures

367 1213 654 1276 auctores
682 1210 913 1277 citans.

1299 1369 1588 1432 CAPUT
1642 1369 1720 1430 lv

915 1535 991 1580 ΒΕ
1028 1535 1174 1581 JURB
1216 1536 1487 1582 currum
1526 1533 1815 1581 CONDENDI
1862 1534 2131 1581 STATUTA

458 1708 646 1779 Circa
703 1712 873 1781 hanc
917 1715 1164 1780 summi
1215 1712 1533 1780 momenti
1586 1713 2050 1803 quaestionem,
2103 1712 2276 1781 falsae
2321 1711 2657 1802 opiniones

365 1819 664 1908 quaedam
716 1817 895 1884 hisce
947 1818 1194 1886 ultimis
1239 1818 1650 1909 temporibus
1702 1820 2060 1909 irrepsere3
2111 1840 2231 1886 nec
2275 1838 2407 1883 non
2438 1815 2653 1907 plures

365 1931 518 1993 ortae
546 1928 701 1991 sunt
724 1922 865 1990 lites
892 1922 1245 2015 Episcopos
1285 1926 1452 1993 inter
1481 1931 1542 1992 et
1569 1926 1874 2016 capitula.
1909 1925 2079 1993 Hinc
2110 1948 2241 1992 non
2267 1931 2519 1992 tantum
2553 1946 2649 1991 se-

367 2031 523 2100 dulo
543 2028 985 2119 investiganda
1011 2035 1074 2096 et
1094 2031 1474 2121 exponenda
1507 2051 1658 2098 vera
1696 2036 1887 2120 atque
1928 2036 2183 2121 recepta
2208 2030 2518 2113 doctrina,
2542 2031 2648 2097 sed

365 2137 849 2226 quammaxima
893 2135 1096 2202 simul
1137 2135 1594 2204 auctoritatum
1641 2136 1706 2202 vi
1741 2136 2103 2204 munienda
2142 2141 2336 2226 atque
2365 2135 2652 2204 vallanda

365 2250 482 2313 est.
534 2241 941 2333 Quapropter
986 2248 1134 2309 ante
1182 2244 1405 2310 omnia
1453 2243 1756 2310 selectam
1806 2245 2159 2333 quamdam
2200 2245 2650 2312 auctoritatum

364 2350 599 2417 seriem
635 2350 1105 2437 praemittemus
1151 2372 1167 2415 ε
1240 2353 1385 2417 tum
1419 2351 1534 2437 jus
1590 2371 1939 2418 commune
1993 2351 2575 2419 determinabimus
2631 2373 2647 2415 :

363 2454 625 2522 tandem
653 2454 812 2543 quid
826 2455 999 2543 juris
1039 2454 1447 2542 particularis
1478 2456 1548 2523 in
1577 2453 1788 2524 Gallia
1815 2456 2294 2526 admittendum
2321 2458 2404 2525 sit
2429 2479 2468 2528 a
2493 2462 2646 2526 tem-

366 2580 520 2649 pore
551 2559 918 2627 concordati
942 2560 1100 2626 anni
1143 2559 1307 2629 1801
1340 2561 1804 2652 expendemus.

1435 2848 1546 2929 §1

976 3017 1394 3064 PRAEHITTUNTUR
1432 3024 1608 3064 VARIAE
1645 3024 2047 3066 Anc'romums

1494 3230 1522 3292 Ι

458 3365 665 3427 Insignis
687 3366 860 3428 glossae
894 3372 1061 3419 textus
1086 3372 1173 3432 qui
1199 3383 1289 3433 per
1315 3384 1642 3423 communem
1678 3374 1947 3423 doctorum
1981 3377 2286 3426 sententiam
2321 3379 2373 3426 et
2400 3377 2565 3426 Curiae

893 3455 1132 3505 Romanae
1163 3459 1359 3518 praxim
1391 3462 1594 3509 transfit
1618 3463 1671 3509 in
1706 3461 1934 3523 regulam
1959 3465 2106 3524 juris,

448 3621 555 3692 Sic
588 3624 705 3693 fert
740 3628 951 3715 glossa
976 3628 1047 3695 in
1096 3636 1294 3720 caput
1339 3632 1919 3721 Constitutionem,
1957 3636 2036 3703 de
2060 3637 2416 3706 verborum
2441 3637 2640 3729 siqni-

358 3729 696 3816 fieatione,
723 3731 794 3798 in
811 3744 1022 3814 sext0,
1039 3734 1120 3800 ad
1147 3736 1418 3808 verbum
1443 3741 1796 3808 Statutum
1823 3765 1848 3807 .·
1866 3743 1980 3809 Eoe
2004 3741 2150 3824 hoc,
2183 3754 2249 3809 et
2263 3765 2347 3809 ex
2368 3766 2441 3809 eo
2470 3738 2643 3833 quod

358 3835 603 3905 dieitur
629 3838 700 3906 in
714 3839 875 3928 fine,
908 3838 1262 3909 videbam?
1286 3843 1468 3934 quod
1483 3848 2076 3939 canonicipossunt
2096 3852 2320 3940 facere
2345 3859 2629 3932 statuta,

359 3938 715 4012 dummodo
763 3943 940 4013 alias
986 3947 1121 4013 sint
1163 3947 1375 4017 licita.
1427 3951 1804 4020 Soletffdici
1832 3953 2033 4044 'quod
2058 3956 2458 4046 ¹capitulum
2502 3954 2633 4022 sine

358 4043 688 4134 Episcopo
714 4060 977 4117 statuta
988 4052 1206 4140 facere
1231 4075 1368 4122 non
1390 4067 1612 4145 potest
1636 4080 1783 4147 quae
1803 4072 2090 4150 tanqam
2105 4062 2488 4150 qeneralem
2506 4072 2638 4128 sta-

360 4161 505 4217 tum
552 4154 840 4222 ecclesiae
889 4157 998 4225 vel
1053 4170 1341 4251 tanqam
1394 4162 1828 4255 Episcopum,
1873 4165 1983 4234 vel
2024 4167 2164 4257 ejus
2206 4169 2512 4260 jura...;
2553 4175 2643 4234 est

356 4255 535 4325 enim
581 4259 1187 4354 Prcelatus‘caput‚
1231 4290 1273 4334 a
1320 4290 1454 4359 quo
1496 4292 1631 4337 non
1664 4270 1820 4339 licet
1863 4273 2231 4342 membrum
2271 4273 2639 4343 recedere...

365 4364 453 4431 Et
478 4365 617 4434 kcec
662 4387 818 4434 vera
859 4381 1014 4435 sunt
1042 4371 1312 4440 etiamsi
1352 4375 1728 4467 capitulum
1764 4377 1938 4447 talia
1955 4391 2224 4449 statuat
2250 4404 2401 4450 cum
2431 4375 2641 4448 archi-
