<?xml version="1.0" encoding="UTF-8"?>
<!DOCTYPE html PUBLIC "-//W3C//DTD XHTML 1.0 Transitional//EN"
    "http://www.w3.org/TR/xhtml1/DTD/xhtml1-transitional.dtd">
<html xmlns="http://www.w3.org/1999/xhtml" xml:lang="en" lang="en">
 <head>
  <title>
</title>
<meta http-equiv="Content-Type" content="text/html;charset=utf-8" />
  <meta name='ocr-system' content='tesseract 3.04.00' />
  <meta name='ocr-capabilities' content='ocr_page ocr_carea ocr_par ocr_line ocrx_word'/>
</head>
<body>
  <div class='ocr_page' id='page_1' title='image "./tractatusdecapi00bouigoog_0175.png"; bbox 0 0 2930 4982; ppageno 0'>
   <div class='ocr_carea' id='block_1_1' title="bbox 1179 337 2562 392">
    <p class='ocr_par' dir='ltr' id='par_1_1' title="bbox 1179 337 2562 392">
     <span class='ocr_line' id='line_1_1' title="bbox 1179 337 2562 392; baseline 0.004 -5"><span class='ocrx_word' id='word_1_1' title='bbox 1179 341 1257 387; x_wconf 80' lang='lat' dir='ltr'>DE</span> <span class='ocrx_word' id='word_1_2' title='bbox 1305 341 1641 390; x_wconf 64' lang='lat' dir='ltr'>culmus.</span> <span class='ocrx_word' id='word_1_3' title='bbox 2439 338 2464 392; x_wconf 71' lang='grc'><strong>1</strong></span> <span class='ocrx_word' id='word_1_4' title='bbox 2484 337 2562 392; x_wconf 74' lang='grc'>55</span> 
     </span>
    </p>
   </div>
   <div class='ocr_carea' id='block_1_2' title="bbox 243 460 2569 3096">
    <p class='ocr_par' dir='ltr' id='par_1_2' title="bbox 243 460 2569 3096">
     <span class='ocr_line' id='line_1_2' title="bbox 284 460 2564 557; baseline 0.005 -31"><span class='ocrx_word' id='word_1_5' title='bbox 284 487 314 526; x_wconf 94' lang='lat'>«</span> <span class='ocrx_word' id='word_1_6' title='bbox 342 460 637 550; x_wconf 79' lang='lat' dir='ltr'>gationiS,</span> <span class='ocrx_word' id='word_1_7' title='bbox 665 481 1053 551; x_wconf 87' lang='lat' dir='ltr'>responsum</span> <span class='ocrx_word' id='word_1_8' title='bbox 1078 460 1274 529; x_wconf 82' lang='lat' dir='ltr'>fuisse</span> <span class='ocrx_word' id='word_1_9' title='bbox 1301 461 1739 551; x_wconf 81' lang='lat' dir='ltr'>affirmative.</span> <span class='ocrx_word' id='word_1_10' title='bbox 1774 462 2041 553; x_wconf 86' lang='lat' dir='ltr'>(Datum</span> <span class='ocrx_word' id='word_1_11' title='bbox 2072 462 2319 551; x_wconf 82' lang='lat' dir='ltr'>Romae,</span> <span class='ocrx_word' id='word_1_12' title='bbox 2360 467 2442 536; x_wconf 87' lang='lat'>19</span> <span class='ocrx_word' id='word_1_13' title='bbox 2465 470 2564 557; x_wconf 87' lang='lat' dir='ltr'>ja·</span> 
     </span>
     <span class='ocr_line' id='line_1_3' title="bbox 282 564 1969 661; baseline 0.002 -31"><span class='ocrx_word' id='word_1_14' title='bbox 282 591 310 630; x_wconf 96' lang='lat'>«</span> <span class='ocrx_word' id='word_1_15' title='bbox 337 565 548 632; x_wconf 89' lang='lat' dir='ltr'>nuarii</span> <span class='ocrx_word' id='word_1_16' title='bbox 583 564 778 634; x_wconf 84' lang='lat'><strong>1819.</strong></span> <span class='ocrx_word' id='word_1_17' title='bbox 807 604 897 618; x_wconf 95' lang='lat'>—</span> <span class='ocrx_word' id='word_1_18' title='bbox 923 565 1003 635; x_wconf 82' lang='lat' dir='ltr'>R.</span> <span class='ocrx_word' id='word_1_19' title='bbox 1026 565 1289 647; x_wconf 87' lang='lat' dir='ltr'>Mazzio,</span> <span class='ocrx_word' id='word_1_20' title='bbox 1324 565 1393 636; x_wconf 88' lang='lat' dir='ltr'>S.</span> <span class='ocrx_word' id='word_1_21' title='bbox 1433 567 1507 635; x_wconf 89' lang='lat' dir='ltr'>P.</span> <span class='ocrx_word' id='word_1_22' title='bbox 1536 570 1905 661; x_wconf 89' lang='lat' dir='ltr'>corrector.)</span> <span class='ocrx_word' id='word_1_23' title='bbox 1934 594 1969 633; x_wconf 70' lang='lat' dir='ltr'>n</span> 
     </span>
     <span class='ocr_line' id='line_1_4' title="bbox 348 671 2562 768; baseline 0.004 -28"><span class='ocrx_word' id='word_1_24' title='bbox 348 671 556 740; x_wconf 83' lang='lat' dir='ltr'>Sacrae</span> <span class='ocrx_word' id='word_1_25' title='bbox 582 671 1087 760; x_wconf 78' lang='lat' dir='ltr'>penitentiariae‚</span> <span class='ocrx_word' id='word_1_26' title='bbox 1120 695 1294 742; x_wconf 92' lang='lat' dir='ltr'>anno</span> <span class='ocrx_word' id='word_1_27' title='bbox 1320 673 1520 759; x_wconf 90' lang='grc'><strong>1823,</strong></span> <span class='ocrx_word' id='word_1_28' title='bbox 1552 676 1874 766; x_wconf 87' lang='lat' dir='ltr'>proposita</span> <span class='ocrx_word' id='word_1_29' title='bbox 1902 677 2079 745; x_wconf 84' lang='lat' dir='ltr'>suere</span> <span class='ocrx_word' id='word_1_30' title='bbox 2105 679 2406 768; x_wconf 78' lang='lat' dir='ltr'>quaedam</span> <span class='ocrx_word' id='word_1_31' title='bbox 2434 681 2562 749; x_wconf 89' lang='lat' dir='ltr'>du-</span> 
     </span>
     <span class='ocr_line' id='line_1_5' title="bbox 274 779 2562 872; baseline 0.004 -26"><span class='ocrx_word' id='word_1_32' title='bbox 274 779 386 863; x_wconf 90' lang='lat' dir='ltr'>bia,</span> <span class='ocrx_word' id='word_1_33' title='bbox 419 801 710 868; x_wconf 88' lang='lat' dir='ltr'>quorum</span> <span class='ocrx_word' id='word_1_34' title='bbox 734 782 1096 849; x_wconf 86' lang='lat' dir='ltr'>secundum</span> <span class='ocrx_word' id='word_1_35' title='bbox 1125 784 1490 872; x_wconf 87' lang='lat' dir='ltr'>expositum</span> <span class='ocrx_word' id='word_1_36' title='bbox 1527 781 1652 849; x_wconf 84' lang='lat' dir='ltr'>fuit</span> <span class='ocrx_word' id='word_1_37' title='bbox 1676 790 1740 850; x_wconf 89' lang='lat' dir='ltr'>et</span> <span class='ocrx_word' id='word_1_38' title='bbox 1768 783 2051 853; x_wconf 88' lang='lat' dir='ltr'>solutum</span> <span class='ocrx_word' id='word_1_39' title='bbox 2082 786 2152 853; x_wconf 91' lang='lat' dir='ltr'>in</span> <span class='ocrx_word' id='word_1_40' title='bbox 2195 787 2376 855; x_wconf 87' lang='lat' dir='ltr'>hunc</span> <span class='ocrx_word' id='word_1_41' title='bbox 2417 809 2562 856; x_wconf 89' lang='lat' dir='ltr'>mo-</span> 
     </span>
     <span class='ocr_line' id='line_1_6' title="bbox 270 884 2561 976; baseline 0.004 -24"><span class='ocrx_word' id='word_1_42' title='bbox 270 885 411 952; x_wconf 90' lang='lat' dir='ltr'>dum</span> <span class='ocrx_word' id='word_1_43' title='bbox 443 911 458 953; x_wconf 89' lang='lat'>:</span> <span class='ocrx_word' id='word_1_44' title='bbox 502 910 536 950; x_wconf 92' lang='lat'>«</span> <span class='ocrx_word' id='word_1_45' title='bbox 575 884 659 954; x_wconf 87' lang='lat'>11.</span> <span class='ocrx_word' id='word_1_46' title='bbox 705 886 809 954; x_wconf 88' lang='lat' dir='ltr'>An</span> <span class='ocrx_word' id='word_1_47' title='bbox 850 888 1200 956; x_wconf 88' lang='lat' dir='ltr'>honoraria</span> <span class='ocrx_word' id='word_1_48' title='bbox 1232 889 1675 958; x_wconf 89' lang='lat' dir='ltr'>sacerdotibus</span> <span class='ocrx_word' id='word_1_49' title='bbox 1711 911 1749 957; x_wconf 89' lang='lat' dir='ltr'>a</span> <span class='ocrx_word' id='word_1_50' title='bbox 1790 889 2125 959; x_wconf 87' lang='lat' dir='ltr'>Gubernio</span> <span class='ocrx_word' id='word_1_51' title='bbox 2153 892 2322 976; x_wconf 85' lang='lat' dir='ltr'>data,</span> <span class='ocrx_word' id='word_1_52' title='bbox 2350 914 2465 962; x_wconf 82' lang='lat' dir='ltr'>seu</span> <span class='ocrx_word' id='word_1_53' title='bbox 2484 917 2561 963; x_wconf 82' lang='lat' dir='ltr'>ex</span> 
     </span>
     <span class='ocr_line' id='line_1_7' title="bbox 273 989 2566 1087; baseline 0.005 -33"><span class='ocrx_word' id='word_1_54' title='bbox 273 989 772 1061; x_wconf 77' lang='lat' dir='ltr'>«functionibus</span> <span class='ocrx_word' id='word_1_55' title='bbox 799 992 1245 1062; x_wconf 85' lang='lat' dir='ltr'>ecclesiasticis</span> <span class='ocrx_word' id='word_1_56' title='bbox 1279 995 1745 1083; x_wconf 80' lang='lat' dir='ltr'>provenientia,</span> <span class='ocrx_word' id='word_1_57' title='bbox 1780 993 1910 1063; x_wconf 90' lang='lat' dir='ltr'>sint</span> <span class='ocrx_word' id='word_1_58' title='bbox 1947 996 2120 1064; x_wconf 89' lang='lat' dir='ltr'>bona</span> <span class='ocrx_word' id='word_1_59' title='bbox 2155 999 2340 1087; x_wconf 88' lang='lat' dir='ltr'>quasi</span> <span class='ocrx_word' id='word_1_60' title='bbox 2369 998 2566 1087; x_wconf 87' lang='lat' dir='ltr'>patri-</span> 
     </span>
     <span class='ocr_line' id='line_1_8' title="bbox 273 1097 2565 1193; baseline 0.006 -34"><span class='ocrx_word' id='word_1_61' title='bbox 273 1120 300 1160; x_wconf 99' lang='lat'>«</span> <span class='ocrx_word' id='word_1_62' title='bbox 323 1097 688 1164; x_wconf 81' lang='lat' dir='ltr'>monialia‘?</span> <span class='ocrx_word' id='word_1_63' title='bbox 713 1136 800 1149; x_wconf 90' lang='lat'>—</span> <span class='ocrx_word' id='word_1_64' title='bbox 828 1097 897 1167; x_wconf 90' lang='lat' dir='ltr'>S.</span> <span class='ocrx_word' id='word_1_65' title='bbox 933 1097 1418 1167; x_wconf 85' lang='lat' dir='ltr'>Poenitentiaria</span> <span class='ocrx_word' id='word_1_66' title='bbox 1463 1099 1544 1167; x_wconf 88' lang='lat' dir='ltr'>ad</span> <span class='ocrx_word' id='word_1_67' title='bbox 1577 1101 1904 1191; x_wconf 87' lang='lat' dir='ltr'>proposita</span> <span class='ocrx_word' id='word_1_68' title='bbox 1932 1101 2134 1170; x_wconf 90' lang='lat' dir='ltr'>dubia</span> <span class='ocrx_word' id='word_1_69' title='bbox 2176 1103 2264 1171; x_wconf 88' lang='lat' dir='ltr'>ita</span> <span class='ocrx_word' id='word_1_70' title='bbox 2303 1125 2565 1193; x_wconf 87' lang='lat' dir='ltr'>respon-</span> 
     </span>
     <span class='ocr_line' id='line_1_9' title="bbox 267 1204 2566 1299; baseline 0.004 -31"><span class='ocrx_word' id='word_1_71' title='bbox 267 1229 295 1268; x_wconf 96' lang='lat'>«</span> <span class='ocrx_word' id='word_1_72' title='bbox 320 1204 615 1272; x_wconf 89' lang='lat' dir='ltr'>dendum</span> <span class='ocrx_word' id='word_1_73' title='bbox 638 1206 894 1273; x_wconf 89' lang='lat' dir='ltr'>censuit</span> <span class='ocrx_word' id='word_1_74' title='bbox 920 1229 936 1273; x_wconf 78' lang='lat' dir='ltr'><em>z</em></span> <span class='ocrx_word' id='word_1_75' title='bbox 1079 1206 1185 1274; x_wconf 89' lang='lat' dir='ltr'>Ad</span> <span class='ocrx_word' id='word_1_76' title='bbox 1216 1204 1294 1290; x_wconf 88' lang='lat'>11,</span> <span class='ocrx_word' id='word_1_77' title='bbox 1324 1206 1481 1275; x_wconf 87' lang='lat' dir='ltr'>alias</span> <span class='ocrx_word' id='word_1_78' title='bbox 1511 1206 1707 1275; x_wconf 85' lang='lat' dir='ltr'>fuisse</span> <span class='ocrx_word' id='word_1_79' title='bbox 1729 1230 1766 1275; x_wconf 91' lang='lat' dir='ltr'>a</span> <span class='ocrx_word' id='word_1_80' title='bbox 1792 1208 2021 1277; x_wconf 84' lang='lat' dir='ltr'>selecta</span> <span class='ocrx_word' id='word_1_81' title='bbox 2045 1208 2566 1299; x_wconf 83' lang='lat' dir='ltr'>Congregatione</span> 
     </span>
     <span class='ocr_line' id='line_1_10' title="bbox 265 1310 2561 1406; baseline 0.005 -33"><span class='ocrx_word' id='word_1_82' title='bbox 265 1335 292 1372; x_wconf 91' lang='lat'>«</span> <span class='ocrx_word' id='word_1_83' title='bbox 319 1316 553 1378; x_wconf 83' lang='lat' dir='ltr'>sanctae</span> <span class='ocrx_word' id='word_1_84' title='bbox 606 1311 914 1379; x_wconf 87' lang='lat' dir='ltr'>Romanae</span> <span class='ocrx_word' id='word_1_85' title='bbox 960 1310 1261 1380; x_wconf 83' lang='lat' dir='ltr'>Ecclesiae</span> <span class='ocrx_word' id='word_1_86' title='bbox 1310 1310 1761 1381; x_wconf 85' lang='lat' dir='ltr'>Cardinalium</span> <span class='ocrx_word' id='word_1_87' title='bbox 1798 1335 2180 1404; x_wconf 88' lang='lat' dir='ltr'>responsum</span> <span class='ocrx_word' id='word_1_88' title='bbox 2212 1339 2228 1382; x_wconf 74' lang='grc' dir='ltr'><strong><em>ε</em></strong></span> <span class='ocrx_word' id='word_1_89' title='bbox 2280 1316 2452 1406; x_wconf 90' lang='lat' dir='ltr'>quod</span> <span class='ocrx_word' id='word_1_90' title='bbox 2506 1316 2561 1384; x_wconf 87' lang='lat' dir='ltr'>si</span> 
     </span>
     <span class='ocr_line' id='line_1_11' title="bbox 265 1408 2566 1509; baseline 0.004 -30"><span class='ocrx_word' id='word_1_91' title='bbox 265 1408 293 1480; x_wconf 87' lang='lat'>«</span> <span class='ocrx_word' id='word_1_92' title='bbox 321 1423 551 1504; x_wconf 80' lang='lat' dir='ltr'>agatur</span> <span class='ocrx_word' id='word_1_93' title='bbox 583 1417 662 1484; x_wconf 92' lang='lat' dir='ltr'>de</span> <span class='ocrx_word' id='word_1_94' title='bbox 690 1417 1114 1507; x_wconf 80' lang='lat' dir='ltr'>pensionibus</span> <span class='ocrx_word' id='word_1_95' title='bbox 1157 1419 1525 1486; x_wconf 86' lang='lat' dir='ltr'>constitutis</span> <span class='ocrx_word' id='word_1_96' title='bbox 1575 1420 1721 1486; x_wconf 91' lang='lat' dir='ltr'>loco</span> <span class='ocrx_word' id='word_1_97' title='bbox 1759 1419 2097 1501; x_wconf 74' lang='lat' dir='ltr'>redituum</span> <span class='ocrx_word' id='word_1_98' title='bbox 2126 1441 2290 1509; x_wconf 87' lang='lat' dir='ltr'>quos</span> <span class='ocrx_word' id='word_1_99' title='bbox 2321 1420 2566 1488; x_wconf 84' lang='lat' dir='ltr'>beneti-</span> 
     </span>
     <span class='ocr_line' id='line_1_12' title="bbox 262 1523 2565 1615; baseline 0.003 -29"><span class='ocrx_word' id='word_1_100' title='bbox 262 1548 292 1586; x_wconf 92' lang='lat'>«</span> <span class='ocrx_word' id='word_1_101' title='bbox 320 1523 496 1591; x_wconf 89' lang='lat' dir='ltr'>ciarii</span> <span class='ocrx_word' id='word_1_102' title='bbox 520 1528 717 1592; x_wconf 89' lang='lat' dir='ltr'>antea</span> <span class='ocrx_word' id='word_1_103' title='bbox 740 1524 1186 1615; x_wconf 83' lang='lat' dir='ltr'>percipiebant</span> <span class='ocrx_word' id='word_1_104' title='bbox 1218 1546 1294 1593; x_wconf 86' lang='lat' dir='ltr'>ex</span> <span class='ocrx_word' id='word_1_105' title='bbox 1325 1525 1571 1609; x_wconf 80' lang='lat' dir='ltr'>t&#39;undiS,</span> <span class='ocrx_word' id='word_1_106' title='bbox 1603 1546 1716 1594; x_wconf 88' lang='lat' dir='ltr'>seu</span> <span class='ocrx_word' id='word_1_107' title='bbox 1743 1525 1886 1594; x_wconf 92' lang='lat' dir='ltr'>loco</span> <span class='ocrx_word' id='word_1_108' title='bbox 1914 1548 2191 1595; x_wconf 90' lang='lat' dir='ltr'>suorum</span> <span class='ocrx_word' id='word_1_109' title='bbox 2217 1526 2565 1594; x_wconf 87' lang='lat' dir='ltr'>beneficio·</span> 
     </span>
     <span class='ocr_line' id='line_1_13' title="bbox 265 1630 2556 1723; baseline 0.003 -32"><span class='ocrx_word' id='word_1_110' title='bbox 265 1652 294 1691; x_wconf 92' lang='lat'>«</span> <span class='ocrx_word' id='word_1_111' title='bbox 318 1650 492 1713; x_wconf 78' lang='lat' dir='ltr'>rum,</span> <span class='ocrx_word' id='word_1_112' title='bbox 506 1652 622 1698; x_wconf 89' lang='lat' dir='ltr'>eas</span> <span class='ocrx_word' id='word_1_113' title='bbox 646 1631 892 1698; x_wconf 89' lang='lat' dir='ltr'>censeri</span> <span class='ocrx_word' id='word_1_114' title='bbox 912 1630 1158 1699; x_wconf 89' lang='lat' dir='ltr'>reditus</span> <span class='ocrx_word' id='word_1_115' title='bbox 1179 1630 1669 1718; x_wconf 79' lang='lat' dir='ltr'>ecclesiasticOS,</span> <span class='ocrx_word' id='word_1_116' title='bbox 1686 1653 1819 1700; x_wconf 91' lang='lat' dir='ltr'>non</span> <span class='ocrx_word' id='word_1_117' title='bbox 1839 1631 2024 1722; x_wconf 85' lang='lat' dir='ltr'>quasi</span> <span class='ocrx_word' id='word_1_118' title='bbox 2047 1631 2556 1723; x_wconf 81' lang='lat' dir='ltr'>patrimoniales.</span> 
     </span>
     <span class='ocr_line' id='line_1_14' title="bbox 262 1733 2561 1828; baseline 0.005 -31"><span class='ocrx_word' id='word_1_119' title='bbox 262 1759 292 1798; x_wconf 89' lang='lat'>«</span> <span class='ocrx_word' id='word_1_120' title='bbox 322 1733 517 1804; x_wconf 89' lang='lat' dir='ltr'>Secus</span> <span class='ocrx_word' id='word_1_121' title='bbox 557 1758 738 1816; x_wconf 79' lang='lat' dir='ltr'>vero,</span> <span class='ocrx_word' id='word_1_122' title='bbox 784 1736 840 1805; x_wconf 92' lang='lat' dir='ltr'>si</span> <span class='ocrx_word' id='word_1_123' title='bbox 879 1742 1108 1827; x_wconf 80' lang='lat' dir='ltr'>agatur</span> <span class='ocrx_word' id='word_1_124' title='bbox 1148 1738 1228 1805; x_wconf 91' lang='lat' dir='ltr'>de</span> <span class='ocrx_word' id='word_1_125' title='bbox 1263 1737 1602 1828; x_wconf 89' lang='lat' dir='ltr'>stipendiis</span> <span class='ocrx_word' id='word_1_126' title='bbox 1642 1759 1789 1826; x_wconf 83' lang='lat' dir='ltr'>quae</span> <span class='ocrx_word' id='word_1_127' title='bbox 1831 1739 2072 1807; x_wconf 89' lang='lat' dir='ltr'>dantur</span> <span class='ocrx_word' id='word_1_128' title='bbox 2114 1738 2561 1808; x_wconf 81' lang='lat' dir='ltr'>laborantibus</span> 
     </span>
     <span class='ocr_line' id='line_1_15' title="bbox 264 1841 2559 1937; baseline 0.004 -33"><span class='ocrx_word' id='word_1_129' title='bbox 264 1865 298 1904; x_wconf 92' lang='lat'>«</span> <span class='ocrx_word' id='word_1_130' title='bbox 333 1841 741 1911; x_wconf 80' lang='lat' dir='ltr'>inserviendo</span> <span class='ocrx_word' id='word_1_131' title='bbox 788 1843 1092 1913; x_wconf 77' lang='lat' dir='ltr'>Ecclesiae</span> <span class='ocrx_word' id='word_1_132' title='bbox 1138 1849 1201 1912; x_wconf 87' lang='lat' dir='ltr'>et</span> <span class='ocrx_word' id='word_1_133' title='bbox 1247 1843 1698 1914; x_wconf 85' lang='lat' dir='ltr'>functionibus</span> <span class='ocrx_word' id='word_1_134' title='bbox 1746 1846 2197 1915; x_wconf 87' lang='lat' dir='ltr'>ecclesiasticis</span> <span class='ocrx_word' id='word_1_135' title='bbox 2242 1852 2559 1937; x_wconf 87' lang='lat' dir='ltr'>tanquam</span> 
     </span>
     <span class='ocr_line' id='line_1_16' title="bbox 262 1950 2561 2041; baseline 0.004 -30"><span class='ocrx_word' id='word_1_136' title='bbox 262 1971 293 2011; x_wconf 90' lang='lat'>«</span> <span class='ocrx_word' id='word_1_137' title='bbox 319 1970 572 2019; x_wconf 89' lang='lat' dir='ltr'>merces</span> <span class='ocrx_word' id='word_1_138' title='bbox 594 1952 832 2040; x_wconf 88' lang='lat' dir='ltr'>operis,</span> <span class='ocrx_word' id='word_1_139' title='bbox 861 1955 924 2018; x_wconf 90' lang='lat' dir='ltr'>et</span> <span class='ocrx_word' id='word_1_140' title='bbox 948 1950 1029 2018; x_wconf 90' lang='lat' dir='ltr'>ad</span> <span class='ocrx_word' id='word_1_141' title='bbox 1057 1951 1380 2041; x_wconf 90' lang='lat' dir='ltr'>operantis</span> <span class='ocrx_word' id='word_1_142' title='bbox 1408 1952 1989 2020; x_wconf 84' lang='lat' dir='ltr'>sustentationem:</span> <span class='ocrx_word' id='word_1_143' title='bbox 2022 1952 2165 2019; x_wconf 83' lang='lat' dir='ltr'>haec</span> <span class='ocrx_word' id='word_1_144' title='bbox 2188 1952 2371 2019; x_wconf 88' lang='lat' dir='ltr'>enim</span> <span class='ocrx_word' id='word_1_145' title='bbox 2390 1952 2561 2021; x_wconf 89' lang='lat' dir='ltr'>bona</span> 
     </span>
     <span class='ocr_line' id='line_1_17' title="bbox 257 2055 2563 2147; baseline 0.002 -26"><span class='ocrx_word' id='word_1_146' title='bbox 257 2076 287 2113; x_wconf 88' lang='lat'>«</span> <span class='ocrx_word' id='word_1_147' title='bbox 314 2062 668 2124; x_wconf 85' lang='lat' dir='ltr'>censentur</span> <span class='ocrx_word' id='word_1_148' title='bbox 694 2057 878 2145; x_wconf 89' lang='lat' dir='ltr'>quasi</span> <span class='ocrx_word' id='word_1_149' title='bbox 906 2056 1412 2147; x_wconf 88' lang='lat' dir='ltr'>patrimonialia.</span> <span class='ocrx_word' id='word_1_150' title='bbox 1470 2055 1735 2147; x_wconf 90' lang='lat' dir='ltr'>(Datum</span> <span class='ocrx_word' id='word_1_151' title='bbox 1775 2059 1996 2127; x_wconf 83' lang='lat' dir='ltr'>Romae</span> <span class='ocrx_word' id='word_1_152' title='bbox 2035 2061 2106 2127; x_wconf 92' lang='lat' dir='ltr'>in</span> <span class='ocrx_word' id='word_1_153' title='bbox 2136 2057 2203 2127; x_wconf 90' lang='lat' dir='ltr'>S.</span> <span class='ocrx_word' id='word_1_154' title='bbox 2235 2058 2563 2128; x_wconf 89' lang='lat' dir='ltr'>Poeniten-</span> 
     </span>
     <span class='ocr_line' id='line_1_18' title="bbox 258 2161 2436 2253; baseline 0.001 -29"><span class='ocrx_word' id='word_1_155' title='bbox 258 2184 288 2223; x_wconf 89' lang='lat'>«</span> <span class='ocrx_word' id='word_1_156' title='bbox 317 2162 541 2250; x_wconf 88' lang='lat' dir='ltr'>tiaria‚</span> <span class='ocrx_word' id='word_1_157' title='bbox 567 2163 671 2231; x_wconf 83' lang='lat' dir='ltr'>die</span> <span class='ocrx_word' id='word_1_158' title='bbox 696 2162 740 2230; x_wconf 88' lang='grc'><strong>9</strong></span> <span class='ocrx_word' id='word_1_159' title='bbox 756 2164 1044 2253; x_wconf 85' lang='lat' dir='ltr'>januarii</span> <span class='ocrx_word' id='word_1_160' title='bbox 1074 2162 1272 2232; x_wconf 88' lang='grc'><strong>1823.</strong></span> <span class='ocrx_word' id='word_1_161' title='bbox 1297 2202 1388 2215; x_wconf 91' lang='grc'><strong>-</strong></span> <span class='ocrx_word' id='word_1_162' title='bbox 1408 2163 1443 2229; x_wconf 85' lang='lat' dir='ltr'>J</span> <span class='ocrx_word' id='word_1_163' title='bbox 1453 2215 1470 2229; x_wconf 91' lang='lat'><strong>.</strong></span> <span class='ocrx_word' id='word_1_164' title='bbox 1503 2161 1580 2230; x_wconf 89' lang='lat' dir='ltr'>B.</span> <span class='ocrx_word' id='word_1_165' title='bbox 1606 2161 1823 2247; x_wconf 84' lang='lat' dir='ltr'>Bussi,</span> <span class='ocrx_word' id='word_1_166' title='bbox 1852 2162 1924 2230; x_wconf 92' lang='lat' dir='ltr'>S.</span> <span class='ocrx_word' id='word_1_167' title='bbox 1961 2164 2035 2231; x_wconf 87' lang='lat' dir='ltr'>P.</span> <span class='ocrx_word' id='word_1_168' title='bbox 2063 2162 2368 2252; x_wconf 75' lang='lat' dir='ltr'>Regens.)</span> <span class='ocrx_word' id='word_1_169' title='bbox 2401 2189 2436 2226; x_wconf 66' lang='lat' dir='ltr'>n</span> 
     </span>
     <span class='ocr_line' id='line_1_19' title="bbox 332 2266 2569 2357; baseline 0 -25"><span class='ocrx_word' id='word_1_170' title='bbox 332 2266 450 2333; x_wconf 78' lang='lat' dir='ltr'>Ad</span> <span class='ocrx_word' id='word_1_171' title='bbox 491 2289 636 2333; x_wconf 88' lang='lat' dir='ltr'>rem</span> <span class='ocrx_word' id='word_1_172' title='bbox 681 2267 873 2333; x_wconf 89' lang='lat' dir='ltr'>etiam</span> <span class='ocrx_word' id='word_1_173' title='bbox 915 2267 1071 2333; x_wconf 79' lang='lat' dir='ltr'>facit</span> <span class='ocrx_word' id='word_1_174' title='bbox 1099 2288 1375 2354; x_wconf 89' lang='lat' dir='ltr'>sequens</span> <span class='ocrx_word' id='word_1_175' title='bbox 1411 2266 1654 2332; x_wconf 89' lang='lat' dir='ltr'>decisio</span> <span class='ocrx_word' id='word_1_176' title='bbox 1695 2287 1893 2333; x_wconf 85' lang='lat' dir='ltr'>sacrae</span> <span class='ocrx_word' id='word_1_177' title='bbox 1916 2266 2447 2357; x_wconf 84' lang='lat' dir='ltr'>Congregationis</span> <span class='ocrx_word' id='word_1_178' title='bbox 2469 2267 2569 2334; x_wconf 94' lang='lat' dir='ltr'>ri-</span> 
     </span>
     <span class='ocr_line' id='line_1_20' title="bbox 243 2374 508 2435; baseline 0.008 -2"><span class='ocrx_word' id='word_1_179' title='bbox 243 2374 458 2434; x_wconf 85' lang='lat' dir='ltr'>tuum</span> <span class='ocrx_word' id='word_1_180' title='bbox 492 2393 508 2435; x_wconf 72' lang='grc' dir='ltr'><strong><em>ε</em></strong></span> 
     </span>
     <span class='ocr_line' id='line_1_21' title="bbox 345 2471 2559 2570; baseline 0.003 -31"><span class='ocrx_word' id='word_1_181' title='bbox 345 2498 383 2539; x_wconf 82' lang='lat'>«</span> <span class='ocrx_word' id='word_1_182' title='bbox 417 2471 589 2544; x_wconf 84' lang='lat' dir='ltr'>Cum</span> <span class='ocrx_word' id='word_1_183' title='bbox 650 2473 1241 2542; x_wconf 82' lang='lat' dir='ltr'>&#39;reverendissimus</span> <span class='ocrx_word' id='word_1_184' title='bbox 1279 2473 1767 2546; x_wconf 89' lang='lat' dir='ltr'>Cameracensis</span> <span class='ocrx_word' id='word_1_185' title='bbox 1815 2475 2174 2570; x_wconf 84' lang='lat' dir='ltr'>Episcopus</span> <span class='ocrx_word' id='word_1_186' title='bbox 2226 2498 2559 2546; x_wconf 87' lang='lat' dir='ltr'>sacrorum</span> 
     </span>
     <span class='ocr_line' id='line_1_22' title="bbox 256 2579 2559 2674; baseline 0.003 -27"><span class='ocrx_word' id='word_1_187' title='bbox 256 2607 289 2647; x_wconf 89' lang='lat'>«</span> <span class='ocrx_word' id='word_1_188' title='bbox 323 2581 603 2650; x_wconf 87' lang='lat' dir='ltr'>Rituum</span> <span class='ocrx_word' id='word_1_189' title='bbox 645 2579 1227 2671; x_wconf 80' lang='lat' dir='ltr'>Congregationem</span> <span class='ocrx_word' id='word_1_190' title='bbox 1260 2584 1447 2651; x_wconf 83' lang='lat' dir='ltr'>enixe</span> <span class='ocrx_word' id='word_1_191' title='bbox 1486 2586 1761 2674; x_wconf 83' lang='lat' dir='ltr'>rogavit,</span> <span class='ocrx_word' id='word_1_192' title='bbox 1789 2590 1860 2653; x_wconf 88' lang='lat' dir='ltr'>ut</span> <span class='ocrx_word' id='word_1_193' title='bbox 1889 2585 2214 2654; x_wconf 89' lang='lat' dir='ltr'>declarare</span> <span class='ocrx_word' id='word_1_194' title='bbox 2251 2585 2559 2674; x_wconf 87' lang='lat' dir='ltr'>dignare-</span> 
     </span>
     <span class='ocr_line' id='line_1_23' title="bbox 259 2690 2558 2783; baseline 0.003 -31"><span class='ocrx_word' id='word_1_195' title='bbox 259 2696 425 2757; x_wconf 88' lang='lat' dir='ltr'>«tur</span> <span class='ocrx_word' id='word_1_196' title='bbox 461 2712 477 2756; x_wconf 71' lang='grc' dir='ltr'>ε</span> <span class='ocrx_word' id='word_1_197' title='bbox 513 2694 739 2755; x_wconf 89' lang='lat' dir='ltr'>utrum</span> <span class='ocrx_word' id='word_1_198' title='bbox 786 2690 1118 2758; x_wconf 90' lang='lat' dir='ltr'>canonicis</span> <span class='ocrx_word' id='word_1_199' title='bbox 1162 2697 1357 2781; x_wconf 87' lang='lat' dir='ltr'>prout</span> <span class='ocrx_word' id='word_1_200' title='bbox 1398 2713 1436 2759; x_wconf 90' lang='lat' dir='ltr'>a</span> <span class='ocrx_word' id='word_1_201' title='bbox 1479 2697 1767 2783; x_wconf 88' lang='lat' dir='ltr'>tempore</span> <span class='ocrx_word' id='word_1_202' title='bbox 1799 2694 2226 2761; x_wconf 88' lang='lat' dir='ltr'>concordatus</span> <span class='ocrx_word' id='word_1_203' title='bbox 2273 2692 2438 2760; x_wconf 87' lang='lat'>1801</span> <span class='ocrx_word' id='word_1_204' title='bbox 2487 2692 2558 2758; x_wconf 89' lang='lat' dir='ltr'>in</span> 
     </span>
     <span class='ocr_line' id='line_1_24' title="bbox 261 2793 2561 2887; baseline 0.002 -31"><span class='ocrx_word' id='word_1_205' title='bbox 261 2817 292 2856; x_wconf 92' lang='lat'>«</span> <span class='ocrx_word' id='word_1_206' title='bbox 315 2793 547 2863; x_wconf 88' lang='lat' dir='ltr'>Galliis</span> <span class='ocrx_word' id='word_1_207' title='bbox 570 2794 845 2863; x_wconf 89' lang='lat' dir='ltr'>instituti</span> <span class='ocrx_word' id='word_1_208' title='bbox 867 2802 1044 2884; x_wconf 87' lang='lat' dir='ltr'>sunt,</span> <span class='ocrx_word' id='word_1_209' title='bbox 1079 2798 1424 2867; x_wconf 87' lang='lat' dir='ltr'>incumbat</span> <span class='ocrx_word' id='word_1_210' title='bbox 1444 2799 1754 2887; x_wconf 84' lang='lat' dir='ltr'>obligatio</span> <span class='ocrx_word' id='word_1_211' title='bbox 1769 2821 1914 2880; x_wconf 59' lang='lat' dir='ltr'>‚non</span> <span class='ocrx_word' id='word_1_212' title='bbox 1938 2802 2197 2864; x_wconf 81' lang='lat' dir='ltr'>tantum</span> <span class='ocrx_word' id='word_1_213' title='bbox 2223 2796 2561 2864; x_wconf 88' lang='lat' dir='ltr'>assistendi</span> 
     </span>
     <span class='ocr_line' id='line_1_25' title="bbox 265 2899 2564 2993; baseline 0.003 -32"><span class='ocrx_word' id='word_1_214' title='bbox 265 2925 295 2962; x_wconf 88' lang='lat'>«</span> <span class='ocrx_word' id='word_1_215' title='bbox 319 2899 387 2967; x_wconf 92' lang='lat' dir='ltr'>in</span> <span class='ocrx_word' id='word_1_216' title='bbox 414 2901 621 2969; x_wconf 89' lang='lat' dir='ltr'>choro</span> <span class='ocrx_word' id='word_1_217' title='bbox 653 2901 1070 2969; x_wconf 80' lang='lat' dir='ltr'>celebrationi</span> <span class='ocrx_word' id='word_1_218' title='bbox 1113 2904 1494 2973; x_wconf 86' lang='lat' dir='ltr'>divinarum</span> <span class='ocrx_word' id='word_1_219' title='bbox 1523 2903 1828 2985; x_wconf 87' lang='lat' dir='ltr'>laudum,</span> <span class='ocrx_word' id='word_1_220' title='bbox 1863 2908 2062 2993; x_wconf 90' lang='lat' dir='ltr'>prout</span> <span class='ocrx_word' id='word_1_221' title='bbox 2088 2901 2161 2967; x_wconf 91' lang='lat' dir='ltr'>in</span> <span class='ocrx_word' id='word_1_222' title='bbox 2192 2899 2564 2990; x_wconf 85' lang='lat' dir='ltr'>respectivis</span> 
     </span>
     <span class='ocr_line' id='line_1_26' title="bbox 267 3003 2560 3096; baseline 0 -25"><span class='ocrx_word' id='word_1_223' title='bbox 267 3004 626 3096; x_wconf 87' lang='lat' dir='ltr'>«capitulis</span> <span class='ocrx_word' id='word_1_224' title='bbox 663 3011 759 3071; x_wconf 90' lang='lat' dir='ltr'>est</span> <span class='ocrx_word' id='word_1_225' title='bbox 784 3004 1103 3092; x_wconf 87' lang='lat' dir='ltr'>instituta,</span> <span class='ocrx_word' id='word_1_226' title='bbox 1143 3007 1252 3073; x_wconf 84' lang='lat' dir='ltr'>sed</span> <span class='ocrx_word' id='word_1_227' title='bbox 1284 3006 1485 3073; x_wconf 88' lang='lat' dir='ltr'>etiam</span> <span class='ocrx_word' id='word_1_228' title='bbox 1530 3005 1833 3072; x_wconf 89' lang='lat' dir='ltr'>cantandi</span> <span class='ocrx_word' id='word_1_229' title='bbox 1869 3005 2061 3073; x_wconf 88' lang='lat' dir='ltr'>horas</span> <span class='ocrx_word' id='word_1_230' title='bbox 2104 3003 2447 3073; x_wconf 89' lang='lat' dir='ltr'>canonicas</span> <span class='ocrx_word' id='word_1_231' title='bbox 2487 3005 2560 3072; x_wconf 90' lang='lat' dir='ltr'>in</span> 
     </span>
    </p>
   </div>
   <div class='ocr_carea' id='block_1_3' title="bbox 267 3110 2560 4479">
    <p class='ocr_par' dir='ltr' id='par_1_3' title="bbox 268 3110 2557 3841">
     <span class='ocr_line' id='line_1_27' title="bbox 268 3110 2557 3201; baseline 0.001 -23"><span class='ocrx_word' id='word_1_232' title='bbox 268 3135 296 3172; x_wconf 91' lang='lat'>«</span> <span class='ocrx_word' id='word_1_233' title='bbox 325 3112 565 3192; x_wconf 91' lang='lat' dir='ltr'>choro;</span> <span class='ocrx_word' id='word_1_234' title='bbox 599 3112 689 3179; x_wconf 87' lang='lat' dir='ltr'>ita</span> <span class='ocrx_word' id='word_1_235' title='bbox 718 3117 795 3179; x_wconf 93' lang='lat' dir='ltr'>ut</span> <span class='ocrx_word' id='word_1_236' title='bbox 828 3113 1184 3179; x_wconf 90' lang='lat' dir='ltr'>canonicus</span> <span class='ocrx_word' id='word_1_237' title='bbox 1223 3112 1292 3179; x_wconf 86' lang='lat' dir='ltr'>in</span> <span class='ocrx_word' id='word_1_238' title='bbox 1320 3110 1551 3180; x_wconf 88' lang='lat' dir='ltr'>Galliis</span> <span class='ocrx_word' id='word_1_239' title='bbox 1579 3112 1877 3180; x_wconf 85' lang='lat' dir='ltr'>assistens</span> <span class='ocrx_word' id='word_1_240' title='bbox 1914 3111 2179 3201; x_wconf 89' lang='lat' dir='ltr'>quidem</span> <span class='ocrx_word' id='word_1_241' title='bbox 2219 3113 2291 3179; x_wconf 90' lang='lat' dir='ltr'>in</span> <span class='ocrx_word' id='word_1_242' title='bbox 2333 3113 2557 3199; x_wconf 88' lang='lat' dir='ltr'>choro,</span> 
     </span>
     <span class='ocr_line' id='line_1_28' title="bbox 269 3218 2554 3310; baseline 0.003 -29"><span class='ocrx_word' id='word_1_243' title='bbox 269 3244 297 3282; x_wconf 91' lang='lat'>«</span> <span class='ocrx_word' id='word_1_244' title='bbox 328 3220 438 3288; x_wconf 84' lang='lat' dir='ltr'>sed</span> <span class='ocrx_word' id='word_1_245' title='bbox 469 3240 602 3287; x_wconf 93' lang='lat' dir='ltr'>non</span> <span class='ocrx_word' id='word_1_246' title='bbox 628 3220 978 3287; x_wconf 85' lang='lat' dir='ltr'>decantans</span> <span class='ocrx_word' id='word_1_247' title='bbox 997 3219 1294 3310; x_wconf 90' lang='lat' dir='ltr'>publicas</span> <span class='ocrx_word' id='word_1_248' title='bbox 1318 3240 1542 3310; x_wconf 86' lang='lat' dir='ltr'>preces</span> <span class='ocrx_word' id='word_1_249' title='bbox 1566 3220 1914 3287; x_wconf 89' lang='lat' dir='ltr'>canonicas</span> <span class='ocrx_word' id='word_1_250' title='bbox 1936 3226 2150 3310; x_wconf 87' lang='lat' dir='ltr'>peccet</span> <span class='ocrx_word' id='word_1_251' title='bbox 2178 3218 2554 3308; x_wconf 86' lang='lat' dir='ltr'>mortaliter,</span> 
     </span>
     <span class='ocr_line' id='line_1_29' title="bbox 272 3325 2555 3416; baseline 0.002 -26"><span class='ocrx_word' id='word_1_252' title='bbox 272 3349 299 3389; x_wconf 90' lang='lat'>«</span> <span class='ocrx_word' id='word_1_253' title='bbox 323 3332 379 3393; x_wconf 88' lang='lat' dir='ltr'>et</span> <span class='ocrx_word' id='word_1_254' title='bbox 405 3331 705 3393; x_wconf 89' lang='lat' dir='ltr'>teneatur</span> <span class='ocrx_word' id='word_1_255' title='bbox 744 3326 825 3394; x_wconf 92' lang='lat' dir='ltr'>ad</span> <span class='ocrx_word' id='word_1_256' title='bbox 853 3326 1328 3395; x_wconf 88' lang='lat' dir='ltr'>restitutionem</span> <span class='ocrx_word' id='word_1_257' title='bbox 1359 3325 1560 3416; x_wconf 90' lang='lat' dir='ltr'>partis</span> <span class='ocrx_word' id='word_1_258' title='bbox 1603 3325 1941 3394; x_wconf 89' lang='lat' dir='ltr'>fructuum</span> <span class='ocrx_word' id='word_1_259' title='bbox 1974 3326 2306 3395; x_wconf 90' lang='lat' dir='ltr'>omissioni</span> <span class='ocrx_word' id='word_1_260' title='bbox 2338 3347 2555 3395; x_wconf 91' lang='lat' dir='ltr'>corre-</span> 
     </span>
     <span class='ocr_line' id='line_1_30' title="bbox 270 3429 2555 3524; baseline 0.004 -32"><span class='ocrx_word' id='word_1_261' title='bbox 270 3456 299 3493; x_wconf 89' lang='lat'>«</span> <span class='ocrx_word' id='word_1_262' title='bbox 327 3431 740 3522; x_wconf 76' lang='lat' dir='ltr'>spondentis?</span> <span class='ocrx_word' id='word_1_263' title='bbox 776 3470 867 3485; x_wconf 91' lang='grc'><strong>-</strong></span> <span class='ocrx_word' id='word_1_264' title='bbox 906 3432 1484 3504; x_wconf 89' lang='lat' dir='ltr'>Eminentissimus</span> <span class='ocrx_word' id='word_1_265' title='bbox 1521 3429 1953 3502; x_wconf 82' lang='lat' dir='ltr'>cardinalis...</span> <span class='ocrx_word' id='word_1_266' title='bbox 1984 3434 2405 3524; x_wconf 72' lang='lat' dir='ltr'>praefectus...</span> <span class='ocrx_word' id='word_1_267' title='bbox 2451 3456 2555 3500; x_wconf 88' lang='lat' dir='ltr'>re-</span> 
     </span>
     <span class='ocr_line' id='line_1_31' title="bbox 274 3537 2557 3629; baseline 0.002 -30"><span class='ocrx_word' id='word_1_268' title='bbox 274 3563 300 3600; x_wconf 93' lang='lat'>«</span> <span class='ocrx_word' id='word_1_269' title='bbox 330 3537 527 3607; x_wconf 87' lang='lat' dir='ltr'>scribi</span> <span class='ocrx_word' id='word_1_270' title='bbox 556 3537 890 3606; x_wconf 88' lang='lat' dir='ltr'>mandavit</span> <span class='ocrx_word' id='word_1_271' title='bbox 921 3562 937 3607; x_wconf 77' lang='grc' dir='ltr'>ε</span> <span class='ocrx_word' id='word_1_272' title='bbox 973 3540 1368 3607; x_wconf 89' lang='lat' dir='ltr'>canonicum</span> <span class='ocrx_word' id='word_1_273' title='bbox 1393 3540 1468 3606; x_wconf 90' lang='lat' dir='ltr'>in</span> <span class='ocrx_word' id='word_1_274' title='bbox 1496 3562 1674 3626; x_wconf 87' lang='lat' dir='ltr'>casu,</span> <span class='ocrx_word' id='word_1_275' title='bbox 1694 3542 1879 3629; x_wconf 85' lang='lat' dir='ltr'>juxta</span> <span class='ocrx_word' id='word_1_276' title='bbox 1900 3541 2060 3608; x_wconf 88' lang='lat' dir='ltr'>alias</span> <span class='ocrx_word' id='word_1_277' title='bbox 2082 3539 2360 3621; x_wconf 81' lang='lat' dir='ltr'>decreta,</span> <span class='ocrx_word' id='word_1_278' title='bbox 2392 3539 2557 3608; x_wconf 90' lang='lat' dir='ltr'>obli·</span> 
     </span>
     <span class='ocr_line' id='line_1_32' title="bbox 270 3642 2554 3736; baseline -0.001 -25"><span class='ocrx_word' id='word_1_279' title='bbox 270 3666 300 3703; x_wconf 90' lang='lat'>«</span> <span class='ocrx_word' id='word_1_280' title='bbox 328 3643 570 3731; x_wconf 83' lang='lat' dir='ltr'>gationi</span> <span class='ocrx_word' id='word_1_281' title='bbox 601 3665 736 3712; x_wconf 91' lang='lat' dir='ltr'>non</span> <span class='ocrx_word' id='word_1_282' title='bbox 761 3643 1140 3712; x_wconf 82' lang='lat' dir='ltr'>satisfacere.</span> <span class='ocrx_word' id='word_1_283' title='bbox 1167 3643 1289 3712; x_wconf 89' lang='lat' dir='ltr'>Die</span> <span class='ocrx_word' id='word_1_284' title='bbox 1312 3645 1399 3711; x_wconf 90' lang='grc'>22</span> <span class='ocrx_word' id='word_1_285' title='bbox 1433 3646 1593 3713; x_wconf 90' lang='lat' dir='ltr'>maii</span> <span class='ocrx_word' id='word_1_286' title='bbox 1622 3645 1820 3714; x_wconf 80' lang='grc'><strong>1841.</strong></span> <span class='ocrx_word' id='word_1_287' title='bbox 1847 3670 1882 3710; x_wconf 75' lang='lat'>»</span> <span class='ocrx_word' id='word_1_288' title='bbox 1917 3647 2140 3736; x_wconf 85' lang='lat' dir='ltr'>(Apud</span> <span class='ocrx_word' id='word_1_289' title='bbox 2168 3642 2554 3731; x_wconf 77' lang='lat' dir='ltr'>Garde&#39;llini‚</span> 
     </span>
     <span class='ocr_line' id='line_1_33' title="bbox 270 3749 889 3841; baseline 0.006 -28"><span class='ocrx_word' id='word_1_290' title='bbox 270 3755 306 3816; x_wconf 87' lang='lat' dir='ltr'>t.</span> <span class='ocrx_word' id='word_1_291' title='bbox 338 3749 513 3833; x_wconf 86' lang='lat' dir='ltr'>VIII,</span> <span class='ocrx_word' id='word_1_292' title='bbox 549 3773 619 3818; x_wconf 91' lang='lat' dir='ltr'>n.</span> <span class='ocrx_word' id='word_1_293' title='bbox 654 3750 889 3841; x_wconf 79' lang='lat'><strong>4769.)</strong></span> 
     </span>
    </p>

    <p class='ocr_par' dir='ltr' id='par_1_4' title="bbox 267 3854 2560 4479">
     <span class='ocr_line' id='line_1_34' title="bbox 341 3854 2556 3948; baseline 0.004 -27"><span class='ocrx_word' id='word_1_294' title='bbox 341 3856 683 3925; x_wconf 79' lang='lat' dir='ltr'>Probatur</span> <span class='ocrx_word' id='word_1_295' title='bbox 712 3857 779 3925; x_wconf 76' lang='grc' dir='ltr'>2ο</span> <span class='ocrx_word' id='word_1_296' title='bbox 807 3880 889 3925; x_wconf 68' lang='lat' dir='ltr'>em</span> <span class='ocrx_word' id='word_1_297' title='bbox 917 3867 1119 3948; x_wconf 78' lang='lat' dir='ltr'>pacto</span> <span class='ocrx_word' id='word_1_298' title='bbox 1154 3867 1220 3923; x_wconf 87' lang='lat' dir='ltr'>et</span> <span class='ocrx_word' id='word_1_299' title='bbox 1264 3855 1462 3923; x_wconf 84' lang='lat' dir='ltr'>modo</span> <span class='ocrx_word' id='word_1_300' title='bbox 1512 3877 1640 3946; x_wconf 81' lang='lat' dir='ltr'>quo</span> <span class='ocrx_word' id='word_1_301' title='bbox 1692 3855 1838 3922; x_wconf 79' lang='lat' dir='ltr'>istoe</span> <span class='ocrx_word' id='word_1_302' title='bbox 1881 3854 2226 3947; x_wconf 80' lang='lat' dir='ltr'>pensiones</span> <span class='ocrx_word' id='word_1_303' title='bbox 2272 3856 2556 3929; x_wconf 66' lang='lat' dir='ltr'>inductae</span> 
     </span>
     <span class='ocr_line' id='line_1_35' title="bbox 267 3962 2554 4052; baseline 0.003 -23"><span class='ocrx_word' id='word_1_304' title='bbox 267 3975 431 4030; x_wconf 81' lang='lat' dir='ltr'>sunt.</span> <span class='ocrx_word' id='word_1_305' title='bbox 479 4001 573 4016; x_wconf 96' lang='lat'><strong>—</strong></span> <span class='ocrx_word' id='word_1_306' title='bbox 618 3964 692 4032; x_wconf 90' lang='lat' dir='ltr'>ln</span> <span class='ocrx_word' id='word_1_307' title='bbox 733 3963 1117 4033; x_wconf 90' lang='lat' dir='ltr'>concordato</span> <span class='ocrx_word' id='word_1_308' title='bbox 1152 3963 1310 4031; x_wconf 88' lang='lat' dir='ltr'>anni</span> <span class='ocrx_word' id='word_1_309' title='bbox 1349 3962 1550 4052; x_wconf 84' lang='lat'><strong>1801,</strong></span> <span class='ocrx_word' id='word_1_310' title='bbox 1584 3963 1902 4031; x_wconf 85' lang='lat' dir='ltr'>consentit</span> <span class='ocrx_word' id='word_1_311' title='bbox 1954 3962 2217 4051; x_wconf 87' lang='lat' dir='ltr'>quidem</span> <span class='ocrx_word' id='word_1_312' title='bbox 2250 3963 2402 4035; x_wconf 90' lang='lat' dir='ltr'>Pius</span> <span class='ocrx_word' id='word_1_313' title='bbox 2436 3965 2554 4036; x_wconf 92' lang='lat' dir='ltr'>VlI</span> 
     </span>
     <span class='ocr_line' id='line_1_36' title="bbox 270 4066 2557 4158; baseline 0.004 -27"><span class='ocrx_word' id='word_1_314' title='bbox 270 4066 630 4137; x_wconf 85' lang='lat' dir='ltr'>alienationi</span> <span class='ocrx_word' id='word_1_315' title='bbox 680 4070 1004 4139; x_wconf 91' lang='lat' dir='ltr'>bonorum</span> <span class='ocrx_word' id='word_1_316' title='bbox 1043 4068 1626 4138; x_wconf 88' lang='lat' dir='ltr'>ecclesiasticorum</span> <span class='ocrx_word' id='word_1_317' title='bbox 1668 4090 1815 4158; x_wconf 85' lang='lat' dir='ltr'>quae</span> <span class='ocrx_word' id='word_1_318' title='bbox 1875 4068 2121 4158; x_wconf 87' lang='lat' dir='ltr'>direpta</span> <span class='ocrx_word' id='word_1_319' title='bbox 2172 4069 2448 4156; x_wconf 86' lang='lat' dir='ltr'>fuerant,</span> <span class='ocrx_word' id='word_1_320' title='bbox 2493 4078 2557 4140; x_wconf 88' lang='lat' dir='ltr'>et</span> 
     </span>
     <span class='ocr_line' id='line_1_37' title="bbox 271 4173 2554 4265; baseline 0.001 -28"><span class='ocrx_word' id='word_1_321' title='bbox 271 4188 484 4240; x_wconf 81' lang='lat' dir='ltr'>eorum</span> <span class='ocrx_word' id='word_1_322' title='bbox 506 4174 879 4244; x_wconf 90' lang='lat' dir='ltr'>dominium</span> <span class='ocrx_word' id='word_1_323' title='bbox 899 4176 1200 4244; x_wconf 81' lang='lat' dir='ltr'>transfert</span> <span class='ocrx_word' id='word_1_324' title='bbox 1225 4176 1295 4243; x_wconf 92' lang='lat' dir='ltr'>in</span> <span class='ocrx_word' id='word_1_325' title='bbox 1323 4197 1430 4244; x_wconf 91' lang='lat' dir='ltr'>eos</span> <span class='ocrx_word' id='word_1_326' title='bbox 1459 4176 1577 4264; x_wconf 87' lang='lat' dir='ltr'>qui</span> <span class='ocrx_word' id='word_1_327' title='bbox 1606 4197 1680 4242; x_wconf 91' lang='lat' dir='ltr'>ea</span> <span class='ocrx_word' id='word_1_328' title='bbox 1702 4176 1873 4244; x_wconf 89' lang='lat' dir='ltr'>bona</span> <span class='ocrx_word' id='word_1_329' title='bbox 1901 4173 2410 4265; x_wconf 80' lang='lat' dir='ltr'>acquisiverant3</span> <span class='ocrx_word' id='word_1_330' title='bbox 2446 4177 2554 4244; x_wconf 87' lang='lat' dir='ltr'>sed</span> 
     </span>
     <span class='ocr_line' id='line_1_38' title="bbox 272 4275 2560 4372; baseline -0.001 -27"><span class='ocrx_word' id='word_1_331' title='bbox 272 4275 456 4348; x_wconf 83' lang='lat' dir='ltr'>simul</span> <span class='ocrx_word' id='word_1_332' title='bbox 503 4282 701 4371; x_wconf 85' lang='lat' dir='ltr'>exigit</span> <span class='ocrx_word' id='word_1_333' title='bbox 738 4289 811 4350; x_wconf 91' lang='lat' dir='ltr'>ut</span> <span class='ocrx_word' id='word_1_334' title='bbox 854 4282 1269 4351; x_wconf 85' lang='lat' dir='ltr'>Gubernium</span> <span class='ocrx_word' id='word_1_335' title='bbox 1307 4282 1389 4350; x_wconf 89' lang='lat' dir='ltr'>ad</span> <span class='ocrx_word' id='word_1_336' title='bbox 1439 4282 1930 4351; x_wconf 85' lang='lat' dir='ltr'>convenientem</span> <span class='ocrx_word' id='word_1_337' title='bbox 1974 4281 2448 4372; x_wconf 88' lang='lat' dir='ltr'>Episcoporum</span> <span class='ocrx_word' id='word_1_338' title='bbox 2496 4281 2560 4338; x_wconf 82' lang='lat' dir='ltr'>et</span> 
     </span>
     <span class='ocr_line' id='line_1_39' title="bbox 274 4376 2557 4479; baseline 0 -28"><span class='ocrx_word' id='word_1_339' title='bbox 274 4388 705 4471; x_wconf 85' lang='lat' dir='ltr'>parochorum</span> <span class='ocrx_word' id='word_1_340' title='bbox 748 4391 1277 4459; x_wconf 87' lang='lat' dir='ltr'>sustentationem</span> <span class='ocrx_word' id='word_1_341' title='bbox 1325 4408 1457 4457; x_wconf 89' lang='lat' dir='ltr'>sese</span> <span class='ocrx_word' id='word_1_342' title='bbox 1501 4388 1886 4479; x_wconf 79' lang='lat' dir='ltr'>obstringat.</span> <span class='ocrx_word' id='word_1_343' title='bbox 1915 4388 2027 4458; x_wconf 91' lang='lat' dir='ltr'>Sic</span> <span class='ocrx_word' id='word_1_344' title='bbox 2071 4389 2320 4476; x_wconf 81' lang='lat' dir='ltr'>quippe</span> <span class='ocrx_word' id='word_1_345' title='bbox 2360 4376 2557 4441; x_wconf 71' lang='lat' dir='ltr'>habe·</span> 
     </span>
    </p>
   </div>
  </div>
 </body>
</html>
