2930 4982
1189 356 1267 400 1)ss
1313 355 1649 403 cmwus·
2529 349 2565 401 5

236 485 240 488 ’
290 513 318 549 (ι
345 482 720 570 collegium,
769 497 925 543 cum
959 496 1091 542 non
1131 475 1518 565 presbyteris
1557 481 1814 544 tantum
1857 477 1965 545 sed
1995 482 2058 544 et
2085 476 2377 544 diaconis
2416 495 2568 542 con·

292 615 322 653 «
351 590 564 667 staret,
588 581 965 673 presbyterii
985 582 1202 671 potius
1236 601 1437 669 quam
1458 578 1746 649 diaconii
1760 582 1863 650 vel
1889 578 2574 672 presbyterodiaconii

292 720 323 758 «
349 711 590 759 nomen
613 688 912 757 'sortitum
940 687 1046 754 sit.
1076 684 1171 753 De
1190 707 1321 774 quo
1348 685 1580 775 triplex
1602 686 1815 755 afferri
1837 693 2046 778 potest
2067 688 2276 755 ratio:
2311 688 2375 754 1⁰
2403 685 2572 766 Quia

190 790 199 797 “
291 819 493 888 «pars
527 795 839 884 dignitate
880 794 1090 882 major
1126 792 1505 860 inferiorem
1553 792 1948 872 includebat,
1989 794 2169 887 unde
2204 797 2267 860 et
2303 813 2568 881 aequum

289 930 319 967 «
340 910 475 971 erat
513 900 1004 992 presbyterium
1056 920 1094 966 a
1130 900 1367 989 potiori
1410 898 1672 988 collegii
1722 906 1902 989 parte
1945 900 2235 967 vocitari.
2289 900 2358 968 2⁰
2402 900 2571 981 Quia

285 1035 318 1073 «
346 1008 505 1077 solet
557 1031 594 1075 a
643 1007 881 1094 majori
927 1026 1206 1074 numero
1259 1025 1505 1072 nomen
1569 1005 1921 1095 usurpari:
1980 1004 2325 1073 duodecim
2379 1027 2570 1097 porro

290 1141 322 1179 ι(
345 1115 644 1183 extabant
678 1112 1067 1203 presbyteri,
1103 1116 1166 1177 et
1199 1117 1447 1200 septem
1486 1115 1741 1177 tantum
1783 1110 2064 1179 diaconi.
2122 1108 2193 1178 3⁰
2237 1110 2407 1191 Quia
2451 1135 2573 1181 vox

286 1220 833 1313 «presbyterium
867 1219 1059 1286 initio
1105 1218 1373 1286 inducta
1402 1238 1535 1285 non
1568 1223 1663 1284 est
1687 1216 1768 1284 ad
1797 1217 2311 1306 significandum
2357 1239 2572 1287 sacer-

289 1354 322 1391 «
349 1327 504 1395 dotii
551 1326 871 1409 ordinem,
914 1324 1048 1409 sed,
1099 1330 1288 1415 prout
1330 1345 1537 1413 graece
1590 1329 1795 1407 sonat,
1848 1324 2183 1424 seniorum
2232 1323 2572 1394 coaduna-

288 1460 321 1497 «
351 1434 618 1517 tionem,
651 1434 775 1500 sub
805 1454 935 1522 quo
958 1452 1152 1499 sensu
1176 1453 1310 1499 non
1346 1432 1569 1498 minus
1594 1430 1900 1498 diaconos
1938 1451 2139 1519 quam
2168 1431 2571 1521 presbyteros

281 1540 512 1630 «ipsos
592 1538 1202 1629 comprehendebat.
1260 1564 1296 1605 »
1360 1538 1612 1629 (Nardi,
1672 1539 1797 1607 Dei
1871 1538 2177 1628 ΡάνοεΙιί,
2243 1544 2400 1608 tom.
2486 1540 2567 1624 ll,

278 1668 421 1736 pag.
450 1646 582 1714 216
612 1652 674 1714 et
702 1643 865 1735 seq.)

1362 1799 1481 1876 §2

272 1990 412 2035 QUOD
440 1991 637 2030 POSTEA
660 1990 907 2029 VOCATUM
936 1990 1056 2028 FUIT
1085 1989 1414 2041 CAPITULUM,
1454 1988 1678 2028 EAMDEM
1717 1988 2135 2027 INSTITUTIONEM
2175 1989 2301 2028 ESSE
2341 1990 2569 2030 vlnE'rcn

456 2099 522 2135 AC
561 2096 844 2142 ANTIQUUM
875 2095 1298 2150 PRESBYTERIUM,
1337 2095 1403 2133 Ac
1434 2094 1665 2133 PROINDE
1696 2094 2058 2133 APOSTOLICAM
2094 2094 2199 2133 DICI
2227 2095 2384 2134 POSSE

361 2268 688 2336 Probatur
745 2271 832 2335 1⁰.
886 2269 982 2335 Ex
1031 2270 1263 2356 regula
1318 2270 1527 2334 sancti
1582 2268 1980 2354 Augustini:
2034 2266 2214 2356 quod
2265 2268 2575 2336 universa

273 2383 464 2440 tenet
523 2371 847 2457 Ecclesia,
890 2393 1007 2439 nec
1065 2371 1347 2439 conciliis
1400 2369 1784 2438 institutum
1805 2422 1825 2458 ,
1881 2370 2001 2438 sed
2046 2394 2303 2463 semper
2353 2385 2572 2442 reten-

269 2494 420 2547 tum
461 2487 580 2561 est,
623 2499 756 2544 non
804 2475 939 2543 nisi
973 2476 1378 2544 auctoritate
1414 2476 1788 2568 apostoliea
1836 2475 2163 2545 traditum
2215 2478 2572 2548 rectissime

270 2582 589 2653 ereditur.
633 2582 1074 2650 percurrendo
1123 2588 1324 2676 totam
1366 2583 1755 2651 saeculorum
1800 2585 2034 2651 seriem
2081 2583 2166 2651 ab
2206 2586 2570 2674 apostolicis

271 2688 679 2779 temporibus
718 2710 925 2778 usque
975 2710 1182 2775 nunc,
1225 2711 1485 2780 semper
1530 2696 1593 2757 et
1638 2688 1883 2778 ubique
1927 2691 2251 2780 reperitur
2296 2691 2365 2757 in
2408 2712 2574 2757 una·-

275 2816 530 2885 quaque
574 2794 922 2862 cathedrali
952 2793 1354 2886 Capitulum,
1394 2796 1461 2863 id
1493 2802 1612 2883 est,
1643 2796 1997 2884 collegium
2040 2794 2572 2884 presbyterorum

279 2907 341 2967 et
378 2901 797 2969 diaconorum
856 2901 1315 2969 auxiliantium
1377 2900 1700 2991 Episcopo
1752 2902 1825 2967 in
1872 2900 2160 2967 ecclesiae
2211 2898 2570 2986 regimine,

281 3011 365 3093 et,
406 3013 666 3074 mortuo
701 3006 804 3071 vel
847 2997 1106 3073 absente
1137 3007 1482 3095 Episcopo,
1525 3005 1856 3072 dioecesim
1900 3003 2245 3095 episcopali
2293 3010 2354 3072 et
2400 3005 2571 3073 ordi-

283 3113 460 3180 naria
506 3111 964 3203 jurisdictione
1035 3111 1430 3200 regentium.
1499 3111 1790 3179 Aliunde
1847 3133 2191 3200 nunquam
2254 3112 2572 3200 assignari

283 3220 486 3307 potuit
526 3240 647 3286 nec
694 3224 978 3309 tempUS,
1036 3240 1157 3286 nec
1207 3218 1412 3303 locuS,
1475 3240 1596 3287 nec
1642 3217 2022 3305 concilium,
2077 3239 2198 3287 nec
2241 3218 2573 3308 pontificia

287 3326 677 3408 constitutio,
730 3326 974 3415 quibus
1031 3322 1415 3416 hujusmodi
1471 3326 1741 3414 collegia
1790 3327 2081 3393 instituta
2132 3325 2414 3409 fuerint3
2462 3311 2571 3393 sed

286 3450 803 3520 quaquaversum
850 3433 1311 3523 pervolvantur
1354 3440 1781 3502 monumenta
1826 3433 2280 3518 ecclesiastica,
2327 3432 2574 3520 ubique

282 3538 416 3622 jam
457 3538 799 3606 constituta
836 3545 898 3606 et
932 3540 1218 3629 vigentia
1254 3547 1651 3609 occurrunt:
1708 3560 1862 3630 ergo
1901 3540 2271 3630 apostolicis
2321 3539 2575 3605 institu-

288 3639 573 3709 tionibus
598 3643 1026 3711 adscribenda
1052 3651 1226 3713 sunt.

370 3745 696 3816 Probatur
719 3749 812 3816 2⁰.
850 3747 1280 3837 Argumentis
1315 3752 1627 3839 positivis.
1664 3749 2147 3833 Extitissessolim
2176 3746 2257 3815 ab
2283 3744 2576 3819 Ecclesiae

290 3853 561 3922 exordiis
599 3855 949 3945 collegium
978 3853 1342 3923 cathedrale
1368 3854 1783 3941 clericorum,
1817 3853 2136 3922 auxilians
2164 3853 2479 3947 Episcopo
2502 3858 2572 3926 in

290 3958 564 4028 ecclesiae
605 3961 960 4050 regimine,
1008 3968 1071 4029 et
1112 3962 1447 4031 dioecesim
1491 3966 1748 4030 mortuo
1798 3959 2114 4052 Episcopo
2163 3962 2567 4051 gubernans,

291 4082 604 4134 consensu
636 4069 940 4137 unanimi
973 4070 1237 4137 tradunt
1257 4074 1318 4137 et
1344 4075 1660 4159 tanquam
1687 4069 1960 4137 omnino
1988 4074 2244 4137 certum
2272 4077 2334 4138 et
2360 4072 2575 4164 explo-

293 4176 497 4239 ratum
551 4181 913 4263 agnoscunt
966 4177 1267 4244 omnium
1325 4181 1700 4265 temporum
1757 4176 2134 4263 canonistae,
2188 4177 2468 4267 theologi
2515 4185 2577 4244 et

292 4277 524 4347 eruditi
565 4281 809 4371 quique
861 4282 1230 4375 scriptoreS,
1263 4305 1384 4351 nec
1423 4282 1495 4350 in
1523 4282 1801 4354 dubium
1848 4284 2026 4352 ullus
2054 4305 2351 4373 unquam
2395 4299 2574 4347 revo-

295 4383 477 4482 cavit.
510 4384 739 4457 Extare
768 4389 1100 4459 hodiernis
1135 4389 1537 4480 temporibus
1568 4392 1638 4459 in
1676 4390 1965 4481 qualibet
1990 4387 2339 4457 cathedrali
2377 4382 2576 4452 cleri-
