2930 4982
424 353 545 408 308
1394 359 1738 409 ‘tunsurus

414 483 698 551 absentia
727 481 811 549 01)
854 482 949 549 sic
994 480 1392 549 intellectam
1422 481 1708 550 ecclesiae
1737 484 2107 570 utilitatem,
2136 486 2452 573 quaeritur
2482 506 2566 552 an
2596 486 2702 554 ab·

409 611 553 659 sens
577 589 665 655 ita
691 593 1026 656 excusetur
1048 593 1120 654 ut
1138 590 1333 655 etiam
1357 588 1649 656 lucretur
1673 590 2184 658 distributiones.
2218 590 2378 658 Rem
2407 590 2481 657 in
2501 592 2698 661 dubio

404 695 717 784 relinquit
753 693 821 762 S.
858 693 1212 781 Lignorius
1242 694 1408 784 (loco
1448 694 1688 787 citato),
1737 696 2129 764 affirmando
2167 702 2243 763 ut
2269 698 2691 787 probabilius.

404 800 531 872 Sed
566 822 698 867 non
728 788 1093 866 habendam
1127 821 1260 867 esse
1308 805 1380 867 ut
1407 799 1707 890 dubiam,
1741 801 1796 869 si
1824 809 2055 891 agatur
2083 802 2161 870 de
2194 803 2466 871 utilitate
2494 804 2697 894 ipsius

402 905 673 997 capituli
707 905 890 973 facile
941 905 1280 973 concludet
1319 901 1520 974 lector
1559 923 1645 975 ex
1686 909 2106 998 sequentibus
2153 908 2487 976 Benedicti
2545 908 2694 978 XIV

399 1010 594 1080 lineis
631 1009 1125 1096 (Institutiones
1153 1007 1816 1097 ecclesiastieoe,?inst.
1856 1012 2008 1097 107,
2045 1012 2089 1102 ξ
2116 1012 2181 1103 9)
2218 1037 2234 1080 :
2280 1012 2481 1081 «Jam
2509 1031 2696 1105 supe-‘-

409 1141 444 1182 α
472 1118 610 1185 rius
646 1115 929 1183 diximus
986 1115 1272 1205 permitti
1315 1115 1723 1186 a-Bonifacio
1787 1113 1937 1186 Vm
1979 1118 2463 1210 distributiones
2496 1120 2689 1188 etiam

387 1222 835 1292 «absentibus
862 1244 901 1289 a
930 1222 1165 1305 choro,
1205 1221 1266 1290 si
1307 1223 1561 1291 utilitas
1600 1243 1673 1291 ex
1716 1223 1841 1292 hoc
1883 1226 1948 1292 in
1995 1224 2334 1294 ecclesiam
2374 1226 2685 1295 dimanet.

398 1353 436 1396 α
463 1328 789 1418 Equidem
836 1349 1090 1417 magnae
1131 1328 1547 1398 difficultates
1581 1331 1651 1397 in
1686 1331 1975 1399 absentes
2019 1327 2401 1421 hujusmodi
2434 1337 2511 1400 ex
2542 1335 2689 1423 jure

400 1460 437 1502 α
464 1436 803 1504 communi
855 1435 1312 1503 desumuntur.
1376 1435 1750 1505 Bonifacius
1804 1435 1950 1505 Vm
2008 1427 2507 1507 'distributiones
2531 1451 2536 1460 '
2564 1439 2692 1506 illis

398 1542 762 1632 «impertit
805 1566 823 1608 z
878 1539 996 1607 sed*
1025 1542 1232 1631 capite
1286 1542 1452 1609 Cum
1481 1565 1616 1609 non
1656 1541 1917 1622 deceat,
1959 1535 2038 1609 de
2078 1542 2422 1630 electione,
2489 1543 2570 1611 in
2610 1537 2692 1628 '6‚

396 1670 433 1712 ε(
459 1647 863 1716 contrarium
900 1647 1292 1720 decernitur.
1321 1645 1688 1720 >Canonum
1738 1641 2121 1737 interpretes
2160 1639 2441 1716 maxime
2500 1648 2698 1717 labo-

392 1757 603 1820 «rant
628 1757 703 1820 ut
728 1753 870 1819 haec
909 1751 1051 1819 duo'
1071 1753 1507 1841 repugnantia
1551 1752 1752 1819 simul
1782 1753 2229 1842 conjungant.j
2264 1749 2391 1820 Sed
2427 1755 2697 1822 omissis

390 1881 427 1926 ε(
454 1858 727 1944 caeteris»,
792 1879 930 1925 nos·
956 1857 1356 1925 affirmamus
1409 1855 1799 1926 tribuen'das
1848 1875 1983 1926 esse
2010 1855 2540 1925 “distributiones
2592 1857 2693 1925 illi

389 1988 424 2029 α
454 1966 767 2033 canonico
794 1965 907 2054 qui
924 1963 1008 2031 ob
1031 1964 1372 2031 utilitatem
1396 1952 1837 2055 capitulis'sive-
1855 1959 2138 2031 ecclesiae
2175 1964 2456 2030 chorum
2496 1959 2687 2031 dimi-

390 2071 625 2139 «serit.
661 2070 740 2137 Et
761 2070 1029 2160 quidem
1050 2070 1121 2137 in
1143 2092 1334 2138 causa
1361 2067 1848 2152 Pan'orr‘nitana,
1874 2085 2049 2136 anno
2074 2063 2278 2156 1588,
2299 2063 2499 2136 Sacra
2514 2067 2687 2137 Con-

384 2202 419 2243 «
445 2176 757 2266 gregatio,
809 2176 1064 2244 censuit
1115 2174 1333 2243 deberi
1373 2175 1628 2243 oratori
1668 2174 2184 2242 distributiones
2223 2172 2678 2264 ‘quotidianas

390 2306 580 2373 «pro
607 2296 899 2374 tempore
926 2285 1057 2371 quo
1099 2303 1246 2349 vere
1283 2280 1505 2371 abfuit
1526 2301 1659 2371 pro
1705 2275 1996 2371 ‘neqotiis
2038 2272 2360 2370 Capituli.
2407 2278 2674 2368 Reliqua

383 2389 703 2458 «decreta
743 2408 891 2477 quae
927 2388 1138 2472 magis
1174 2387 1376 2454 obvia¹
1410 2383 1566 2454 sunt
1612 2383 2170 2476 praet‘ermittimus
2198 2413 2215 2473 ;
2246 2385 2419 2453 ‘illud
2452 2386 2676 2453 'solum

384 2519 418 2559 «
445 2515 857 2563 recensemus
885 2495 1058 2582 quod
1089 2494 1425 2560 conditum
1462 2493 1589 2560 fuit
1615 2515 1786 2560 anno
1816 2491 1989 2561 1598
2011 2544 2030 2576 ,
2062 2515 2217 2560 cum
2248 2513 2438 2561 causa
2480 2490 2677 2582 Epis·

383 2626 419 2667 α
444 2600 592 2690 copi
614 2598 1017 2688 Hispalensis
1043 2600 1315 2687 ejusque
1338 2594 1610 2688 capituli
1639 2603 1940 2686 ageretur
1971 2623 1988 2665 ε
2031 2597 2229 2682 Quod
2265 2599 2325 2666 si
2356 2619 2438 2664 ex
2463 2618 2677 2666 causa

383 2732 419 2774 «
440 2705 866 2798 neqotiorum
905 2702 1197 2794 capituli
1224 2700 1518 2771 recedere
1552 2701 1894 2771 voluerint
1931 2703 2263 2795 (canonici
2299 2724 2539 2794 nempe
2568 2709 2678 2772 aut

383 2837 419 2881 α
441 2813 553 2882 alii
569 2813 767 2890 choro
780 2807 1068 2899 addicti),
1078 2807 1423 2898 percipere
1436 2808 1585 2875 'tam
1600 2810 1871 2899 fructus
1883 2808 2290 2900 praebendae,
2319 2831 2529 2899 quarn
2543 2807 2676 2876 dis-

363 2928 418 2985 ³«
447 2919 874 2997 tributiones,
920 2939 1038 2984 nec
1065 2924 1206 2983 esse:
1242 2915 1685 2983 necessariam
1725 2915 2073 2985 licentiam
2102 2914 2665 3006 *Arcbiepiscopss
2659 2935 2672 2948 ·

373 3032 418 3091 (ι
446 3023 540 3092 ad
575 3025 766 3114 cujus
811 3034 1034 3090 tamen
1074 3021 1387 3112 officium
1444 3016 1814 3112 pertinebit
1876 3018 2265 3090 examinare
2316 3042 2406 3088 an
2469 3042 2674 3090 causa

381 3156 418 3198 t(
442 3129 866 3222 neqotiorum
908 3150 1054 3194 vere
1093 3127 1330 3210 subsit,
1379 3138 1444 3193 et
1481 3146 1929 3218 quascumque
1971 3128 2358 3196 collusiones
2413 3138 2499 3235 et
2522 3127 2675 3196 illi-

380 3257 418 3299 ι(
446 3234 617 3300 citas
657 3231 1082 3301 remissiones
1124 3231 1303 3299 inter
1332 3234 1684 3300 canonicos
1708 3234 2080 3325 probibere.
2115 3256 2151 3300 ›>
2244 3252 2249 3263 ·

421 3335 686 3405 Valde
694 3342 916 3402 notatu
951 3337 1149 3422 digna
1173 3342 1268 3402 est
1289 3337 1429 3404 haec
1455 3337 1724 3427 capituli
1756 3345 2057 3429 potestaS,
2085 3361 2212 3428 qua
2236 3336 2436 3408 alicui
2467 3358 2669 3408 cano-

372 3443 522 3511 nico
544 3442 650 3510 vel
669 3439 1050 3509 beneficiato
1094 3442 1507 3508 committens
1539 3445 1873 3512 tractanda
1905 3467 2023 3514 sua
2049 3446 2332 3536 negotia,
2348 3445 2488 3513 ho‘c
2534 3447 2667 3533 ipso

367 3551 565 3620 illum
609 3547 763 3617 facit
795 3546 1081 3636 liberum
1118 3568 1155 3614 a
1185 3545 1329 3636 lege
1363 3547 1752 3633 residentiae,
1779 3568 1921 3642 pro
1947 3556 2235 3643 tempore
2277 3570 2412 3641 quo
2473 3548 2664 3618 talem

360 3656 858 3728 mandatarium
888 3630 1106 3722 abesse
1141 3652 1417 3742 requirit
1455 3655 1870 3745 negotiorum
1902 3659 2231 3742 tractati03
2287 3663 2351 3725 et
2382 3656 2665 3791 quidem

369 3766 458 3832 ita
484 3770 559 3832 ut
589 3784 710 3831 nec
734 3760 1214 3830 distributiones
1243 3761 1522 3829 amittat.

365 3906 370 3919 ·
455 3869 551 3950 De
579 3869 692 3937 1110
718 3889 870 3936 vero
894 3866 1016 3956 qui
1033 3867 1278 3934 abesset
1303 3867 1392 3932 01)
1415 3852 1768 3935 utilitatem
1788 3865 1892 3936 vel
1912 3867 2212 3936 Ecclesiae
2243 3864 2663 3950 universaliS,

361 3946 471 4043 -vel
505 3974 830 4058 dioecesis,
878 3995 1029 4042 cum
1067 3971 1141 4040 S.
1178 3973 1532 4060 Liguorio
1516 3997 1586 4040 m
1622 3970 1839 4042 dubio
1888 3967 2315 4064 quaestionem
2346 3969 2667 4060 relinqui·

363 4090 550 4164 mus,
566 4098 717 4145 cum
742 4078 1001 4149 adhuc
984 4098 1361 4195 ignoremus
1383 4100 1469 4146 an
1502 4079 1719 4201 decisa
1742 4074 1969 4147 tuerit
1980 4104 2017 4149 a
2034 4076 2257 4213 'Sacra
2272 4077 2668 4231 {Congrega-

362 4187 550 4257 none-
559 4181 882 4250 concilii.
975 4246 982 4251 ,
1167 4236 1170 4239 .
1457 4212 1460 4215 ·
1686 4210 1713 4219 ”
1930 4216 1940 4221 ·
2030 4218 2033 4221 -
2130 4208 2173 4243 ·=
2228 4211 2233 4220 ·
2370 4228 2373 4235 -

359 4346 376 4349 -
389 4290 565 4365 ;16’
586 4286 942 4358 Excusatur
971 4257 1338 4357 canonicus
1345 4286 1686 4376 theologus
1710 4238 1984 4379 prototo
2009 4289 2121 4356 1110
2151 4289 2258 4356 die
2279 4309 2413 4378 quo
2432 4287 2671 4355 lectio-

361 4420 517 4468 nem
539 4394 758 4464 habet.
790 4389 882 4459 lta
905 4395 979 4457 ut
1007 4389 1202 4456 etiam
1225 4393 1514 4461 lucretur
1534 4393 2017 4463 distributiones
2036 4393 2451 4483 (Benedictus
2469 4390 2636 4460 xlv
