2930 4982
364 284 487 341 566
1328 286 1672 334 moruus

1460 539 1587 616 §5

368 716 603 764 omnm«
659 716 740 754 su·
791 714 1059 765 cun-um,
1116 714 1224 752 Aur
1280 712 1483 751 vicum
1544 710 1907 763 carnonam,
1970 710 2225 749 roresus
2287 709 2346 748 m
2403 708 2661 751 cunsums

1364 795 1668 848 sanemus?

469 990 532 1057 1⁰
576 986 787 1056 Potest
832 988 1132 1077 infligere
1181 1010 1486 1055 censuras
1533 993 1855 1077 quatenus
1904 986 1969 1054 id
2018 990 2266 1077 poterat
2309 984 2663 1076 Episcopus

378 1095 743 1163 defunctus.
783 1094 900 1185 (lta
946 1095 1337 1177 LeureniuS,
1370 1093 1513 1161 loco
1563 1095 1707 1173 cit„
1739 1097 1964 1182 quaest.
2011 1091 2178 1171 4753
2229 1128 2317 1142 —
2362 1090 2662 1167 Barbosa,

381 1204 499 1269 Ius
525 1201 713 1288 eccl„
742 1201 787 1268 1.
827 1203 891 1282 1,
924 1223 981 1269 c.
1020 1200 1133 1284 32,
1167 1222 1233 1267 n.
1270 1199 1412 1290 65.)

471 1307 539 1374 20
570 1305 778 1374 Potest
819 1328 974 1395 ergo
1015 1305 1606 1374 excommunicare.
1651 1306 1834 1387 Quod
1868 1313 2081 1374 tamen
2124 1326 2255 1372 non
2284 1302 2488 1395 possit
2514 1324 2668 1370 ana-

385 1413 819 1495 thematizare,
851 1411 920 1479 id
954 1417 1073 1491 est,
1109 1412 1673 1480 excommunicare
1702 1434 1857 1479 cum
1886 1410 2311 1488 solemnitate,
2344 1410 2534 1477 docet
2561 1407 2671 1476 Fa-

389 1540 645 1609 gnanus
685 1517 776 1609 (in
810 1540 869 1585 c.
904 1517 1024 1584 His
1053 1541 1231 1608 quae,
1258 1517 1351 1585 De
1382 1520 1614 1608 major.
1645 1526 1705 1585 et
1728 1518 1916 1585 obed.
1929 1570 1948 1602 ,
1981 1539 2051 1584 n.
2086 1516 2229 1606 49.)

480 1622 549 1690 3⁰
579 1621 790 1690 Potest
827 1624 1114 1690 vicarius
1139 1624 1512 1714 capitularis
1539 1625 1932 1713 suspendere
1968 1623 2051 1690 ab
2090 1622 2311 1690 officio
2352 1628 2409 1689 et
2432 1622 2674 1690 benefi-

393 1730 515 1798 cio.
546 1728 774 1819 Aliqui
810 1736 1023 1797 tamen
1065 1734 1360 1798 auctores
1390 1731 1722 1820 excipiunt
1749 1730 2241 1821 suspensionem
2277 1733 2677 1819 perpetuam,

394 1858 469 1905 ex
495 1857 569 1902 eo
613 1835 788 1923 quod
821 1835 905 1902 sit
933 1833 1014 1903 de
1040 1835 1291 1920 arduis,
1324 1838 1409 1904 ita
1439 1842 1515 1904 ut
1554 1838 1749 1903 etiam
1791 1835 2152 1927 Episcopus
2174 1851 2317 1903 eam
2344 1834 2518 1903 ferre
2560 1856 2685 1904 non

397 1940 595 2033 possit
624 1943 764 2009 sine
788 1941 1092 2032 capitulo.

489 2050 557 2115 4⁰
588 2047 798 2116 Potest
834 2051 1029 2116 etiam
1075 2049 1483 2117 interdicere.
1527 2048 1773 2138 (Quoad
1807 2048 1986 2132 ¹hanc
2029 2048 2532 2142 paragraphum
2556 2048 2687 2115 vide

403 2154 831 2236 Lem-mium,
856 2156 1001 2224 loco
1030 2157 1172 2242 cit.,
1201 2162 1428 2246 quaest.
1463 2156 1623 2240 475,
1654 2156 1809 2242 576,
1842 2153 2027 2244 577.)

494 2261 561 2330 5⁰
600 2260 809 2330 Potest
849 2263 1131 2330 vicarius
1175 2263 1549 2353 capitularis
1576 2263 2160 2344 excommunicare,
2195 2262 2598 2352 suspendere
2640 2267 2696 2326 et

407 2368 789 2436 interdicere
816 2369 1176 2459 singulares
1216 2393 1520 2460 personas
1558 2371 1638 2438 de
1667 2371 1971 2460 capitulo,
2007 2368 2141 2436 Nec
2178 2376 2441 2437 tenetur
2469 2391 2698 2460 proce-

406 2473 617 2541 dendo
666 2480 892 2542 contra
938 2498 1043 2544 eas
1090 2475 1398 2545 adhibere
1443 2478 1605 2553 duos
1657 2477 1995 2566 adjunctos
2034 2476 2288 2566 judices
2337 2499 2377 2544 a
2420 2474 2698 2564 capitulo

402 2579 651 2661 electOS,
687 2580 951 2667 quando
997 2582 1362 2671 capitulum
1413 2605 1545 2651 non
1587 2592 1682 2652 est
1726 2590 2132 2675 exemptum3
2186 2583 2354 2673 quod
2397 2581 2687 2648 decisum

411 2706 447 2752 a
509 2681 705 2751 Sacra
762 2683 1273 2775 congregatione
1345 2689 1611 2756 concilii
1696 2693 1969 2757 testatur
2034 2689 2291 2773 Garcias
2344 2686 2550 2777 <parte
2608 2685 2693 2768 5,

411 2813 469 2858 c.
502 2789 568 2873 7,
600 2813 667 2857 n.
697 2788 831 2881 23).
2594 2809 2603 2816 ·

502 2896 569 2961 60
616 2895 761 2963 Non
812 2902 1026 2965 tamen
1076 2901 1279 2988 potest
1326 2898 1610 2966 vicarius
1657 2899 2034 2988 capitularis
2082 2904 2291 2968 totum
2342 2896 2700 2989 capitulum

413 3004 1001 3089 excommunicare,
1032 3002 1445 3095 suspendere,
1474 3007 1577 3074 vel
1602 3005 2009 3074 interdicere.

505 3107 571 3173 7⁰
602 3107 812 3176 Potest
854 3110 1241 3201 capitulum,
1270 3120 1416 3179 ante
1441 3113 1866 3180 constitutum
1897 3113 2244 3199 vicarium,
2271 3112 2596 3181 absolvere
2618 3107 2699 3175 ab

414 3216 1088 3285 excommunicatione
1111 3222 1173 3283 et
1195 3218 1340 3285 aliis
1369 3218 1660 3286 censuris
1685 3217 1899 3319 (Papae
1926 3241 2056 3286 non
2092 3220 2482 3304 reservatis),
2509 3217 2637 3285 sive
2666 3237 2702 3282 a

414 3319 650 3407 seipso,
696 3320 829 3387 sive
854 3344 891 3388 a
919 3323 1224 3391 defuncto
1265 3308 1583 3431 Episcopo
1625 3325 1789 3407 latiS.
1834 3364 1927 3378 —
1966 3325 2142 3394 Idem
2179 3332 2390 3446 potest
2428 3325 2706 3393 vicarius

416 3422 790 3513 capitularis
841 3429 1052 3514 quoad
1097 3450 1402 3497 censuras
1439 3431 1601 3497 latas
1639 3431 1772 3529 sive
1805 3454 1842 3500 a
1869 3434 2100 3523 seipSO,
2142 3434 2276 3499 sive
2313 3454 2353 3499 a
2391 3430 2698 3521 capitulo,

416 3530 549 3599 sive
578 3553 614 3597 a
645 3531 948 3600 defuncto
984 3532 1326 3624 Episcopo,
1360 3541 1471 3603 aut
1498 3538 1641 3626 ejus
1680 3538 2277 3629 praedecessoribus.
2314 3536 2513 3629 (Vide
2542 3536 2701 3604 Leu-

420 3638 682 3707 renium
705 3639 847 3710 loco
872 3642 1065 3709 modo
1096 3643 1342 3730 citato.)

1521 3884 1621 3961 §6

1053 4045 1181 4092 Qum
1216 4046 1384 4085 possrr
1412 4046 1589 4092 Quom)
1622 4036 2105 4088 mspssusutouns?

515 4201 565 4269 l·
601 4201 839 4282 Quoad
857 4202 1374 4293 dispensationes
1400 4210 1483 4278 ab
1508 4211 2136 4302 irreqularitatibm.
2159 4247 2250 4260 —
2281 4237 2314 4276 «
2336 4210 2711 4303 Respondeo

433 4335 466 4372 α
497 4329 678 4399 posse
713 4308 1082 4399 dispensare
1121 4316 1191 4382 in
1220 4316 1807 4406 irregularitatibus
1840 4318 1909 4385 in
1944 4318 2183 4408 quihus
2214 4324 2418 4410 potest
2443 4316 2711 4409 Episco-
