<?xml version="1.0" encoding="UTF-8"?>
<!DOCTYPE html PUBLIC "-//W3C//DTD XHTML 1.0 Transitional//EN"
    "http://www.w3.org/TR/xhtml1/DTD/xhtml1-transitional.dtd">
<html xmlns="http://www.w3.org/1999/xhtml" xml:lang="en" lang="en">
 <head>
  <title>
</title>
<meta http-equiv="Content-Type" content="text/html;charset=utf-8" />
  <meta name='ocr-system' content='tesseract 3.04.00' />
  <meta name='ocr-capabilities' content='ocr_page ocr_carea ocr_par ocr_line ocrx_word'/>
</head>
<body>
  <div class='ocr_page' id='page_1' title='image "./tractatusdecapi00bouigoog_0255.png"; bbox 0 0 2930 4982; ppageno 0'>
   <div class='ocr_carea' id='block_1_1' title="bbox 1195 329 2568 386">
    <p class='ocr_par' dir='ltr' id='par_1_1' title="bbox 1195 329 2568 386">
     <span class='ocr_line' id='line_1_1' title="bbox 1195 329 2568 386; baseline 0.001 -4"><span class='ocrx_word' id='word_1_1' title='bbox 1195 337 1272 382; x_wconf 69' lang='lat' dir='ltr'>nt:</span> <span class='ocrx_word' id='word_1_2' title='bbox 1317 338 1645 385; x_wconf 62' lang='lat' dir='ltr'>culmus·</span> <span class='ocrx_word' id='word_1_3' title='bbox 2443 329 2568 386; x_wconf 69' lang='lat'>235</span> 
     </span>
    </p>
   </div>
   <div class='ocr_carea' id='block_1_2' title="bbox 274 452 2588 4256">
    <p class='ocr_par' dir='ltr' id='par_1_2' title="bbox 283 452 2573 758">
     <span class='ocr_line' id='line_1_2' title="bbox 364 452 2573 546; baseline 0.004 -26"><span class='ocrx_word' id='word_1_4' title='bbox 364 452 459 521; x_wconf 83' lang='lat' dir='ltr'>Ex</span> <span class='ocrx_word' id='word_1_5' title='bbox 507 452 641 521; x_wconf 85' lang='lat' dir='ltr'>sola</span> <span class='ocrx_word' id='word_1_6' title='bbox 674 473 830 541; x_wconf 84' lang='lat' dir='ltr'>ergo</span> <span class='ocrx_word' id='word_1_7' title='bbox 863 453 1046 521; x_wconf 83' lang='lat' dir='ltr'>bulla</span> <span class='ocrx_word' id='word_1_8' title='bbox 1094 453 1293 523; x_wconf 79' lang='lat' dir='ltr'>Piana</span> <span class='ocrx_word' id='word_1_9' title='bbox 1325 457 1703 525; x_wconf 84' lang='lat' dir='ltr'><strong>inconcusse</strong></span> <span class='ocrx_word' id='word_1_10' title='bbox 1742 453 2057 546; x_wconf 81' lang='lat' dir='ltr'>probatur</span> <span class='ocrx_word' id='word_1_11' title='bbox 2103 456 2323 526; x_wconf 74' lang='lat' dir='ltr'>thesis,</span> <span class='ocrx_word' id='word_1_12' title='bbox 2360 459 2573 529; x_wconf 79' lang='lat' dir='ltr'>Adde·</span> 
     </span>
     <span class='ocr_line' id='line_1_3' title="bbox 283 559 2572 653; baseline 0.002 -24"><span class='ocrx_word' id='word_1_13' title='bbox 283 582 424 629; x_wconf 91' lang='lat' dir='ltr'>mus</span> <span class='ocrx_word' id='word_1_14' title='bbox 451 559 890 628; x_wconf 87' lang='lat' dir='ltr'>nihilominus</span> <span class='ocrx_word' id='word_1_15' title='bbox 910 559 978 629; x_wconf 88' lang='lat' dir='ltr'>S.</span> <span class='ocrx_word' id='word_1_16' title='bbox 1004 559 1547 653; x_wconf 84' lang='lat' dir='ltr'>Congregationis</span> <span class='ocrx_word' id='word_1_17' title='bbox 1567 561 1850 645; x_wconf 86' lang='lat' dir='ltr'>concilii,</span> <span class='ocrx_word' id='word_1_18' title='bbox 1882 566 1944 630; x_wconf 83' lang='lat' dir='ltr'>et</span> <span class='ocrx_word' id='word_1_19' title='bbox 1971 559 2169 646; x_wconf 58' lang='lat' dir='ltr'>Bone,</span> <span class='ocrx_word' id='word_1_20' title='bbox 2196 562 2572 634; x_wconf 80' lang='lat' dir='ltr'>doctorum·</span> 
     </span>
     <span class='ocr_line' id='line_1_4' title="bbox 284 665 891 758; baseline -0.002 -23"><span class='ocrx_word' id='word_1_21' title='bbox 284 689 405 758; x_wconf 91' lang='lat' dir='ltr'>que</span> <span class='ocrx_word' id='word_1_22' title='bbox 421 665 864 734; x_wconf 81' lang='lat' dir='ltr'>auctoritatem</span> <span class='ocrx_word' id='word_1_23' title='bbox 876 717 891 734; x_wconf 90' lang='lat'><strong>.</strong></span> 
     </span>
    </p>

    <p class='ocr_par' dir='ltr' id='par_1_3' title="bbox 274 772 2585 4256">
     <span class='ocr_line' id='line_1_5' title="bbox 363 772 2571 867; baseline 0.002 -27"><span class='ocrx_word' id='word_1_24' title='bbox 363 772 474 842; x_wconf 90' lang='lat'>111.</span> <span class='ocrx_word' id='word_1_25' title='bbox 509 772 823 841; x_wconf 84' lang='lat' dir='ltr'>Probatur</span> <span class='ocrx_word' id='word_1_26' title='bbox 861 774 1231 845; x_wconf 79' lang='lat' dir='ltr'>auctoritate</span> <span class='ocrx_word' id='word_1_27' title='bbox 1249 774 1320 844; x_wconf 87' lang='lat' dir='ltr'>S.</span> <span class='ocrx_word' id='word_1_28' title='bbox 1353 774 1892 867; x_wconf 80' lang='lat' dir='ltr'>Congregationis</span> <span class='ocrx_word' id='word_1_29' title='bbox 1912 774 2198 843; x_wconf 85' lang='lat' dir='ltr'>concilii.</span> <span class='ocrx_word' id='word_1_30' title='bbox 2225 812 2317 826; x_wconf 90' lang='lat'>—</span> <span class='ocrx_word' id='word_1_31' title='bbox 2349 773 2571 844; x_wconf 81' lang='lat' dir='ltr'>Decla-</span> 
     </span>
     <span class='ocr_line' id='line_1_6' title="bbox 278 879 2574 973; baseline 0.001 -25"><span class='ocrx_word' id='word_1_32' title='bbox 278 880 870 969; x_wconf 78' lang='lat' dir='ltr'>rationesquasdam</span> <span class='ocrx_word' id='word_1_33' title='bbox 882 881 996 971; x_wconf 85' lang='lat' dir='ltr'>huj</span> <span class='ocrx_word' id='word_1_34' title='bbox 1007 904 1080 948; x_wconf 89' lang='lat' dir='ltr'>us</span> <span class='ocrx_word' id='word_1_35' title='bbox 1091 880 1625 973; x_wconf 79' lang='lat' dir='ltr'>Congregationis</span> <span class='ocrx_word' id='word_1_36' title='bbox 1639 882 1734 951; x_wconf 88' lang='lat' dir='ltr'>sic</span> <span class='ocrx_word' id='word_1_37' title='bbox 1746 879 2373 972; x_wconf 84' lang='lat' dir='ltr'>collegitGarcia(De</span> <span class='ocrx_word' id='word_1_38' title='bbox 2386 881 2574 950; x_wconf 88' lang='lat' dir='ltr'>bene·</span> 
     </span>
     <span class='ocr_line' id='line_1_7' title="bbox 274 983 2569 1079; baseline 0.001 -27"><span class='ocrx_word' id='word_1_39' title='bbox 274 983 468 1073; x_wconf 66' lang='lat' dir='ltr'>ficiis,</span> <span class='ocrx_word' id='word_1_40' title='bbox 492 991 670 1075; x_wconf 82' lang='lat' dir='ltr'>parte</span> <span class='ocrx_word' id='word_1_41' title='bbox 693 1008 780 1071; x_wconf 75' lang='lat' dir='ltr'>nx,</span> <span class='ocrx_word' id='word_1_42' title='bbox 809 1007 867 1054; x_wconf 89' lang='lat' dir='ltr'>c.</span> <span class='ocrx_word' id='word_1_43' title='bbox 890 985 957 1067; x_wconf 78' lang='lat'>2,</span> <span class='ocrx_word' id='word_1_44' title='bbox 979 1008 1050 1055; x_wconf 89' lang='lat' dir='ltr'>n.</span> <span class='ocrx_word' id='word_1_45' title='bbox 1086 987 1282 1079; x_wconf 76' lang='lat'>294):</span> <span class='ocrx_word' id='word_1_46' title='bbox 1321 1012 1356 1053; x_wconf 94' lang='lat'>«</span> <span class='ocrx_word' id='word_1_47' title='bbox 1377 988 1454 1056; x_wconf 76' lang='lat' dir='ltr'>Et</span> <span class='ocrx_word' id='word_1_48' title='bbox 1470 988 1560 1056; x_wconf 75' lang='lat' dir='ltr'>ita</span> <span class='ocrx_word' id='word_1_49' title='bbox 1583 985 1916 1056; x_wconf 84' lang='lat' dir='ltr'>censuitS.</span> <span class='ocrx_word' id='word_1_50' title='bbox 1935 984 2387 1076; x_wconf 74' lang='lat' dir='ltr'>Congregatio‚</span> <span class='ocrx_word' id='word_1_51' title='bbox 2412 989 2569 1055; x_wconf 83' lang='lat' dir='ltr'>utin</span> 
     </span>
     <span class='ocr_line' id='line_1_8' title="bbox 284 1092 2574 1185; baseline 0.002 -29"><span class='ocrx_word' id='word_1_52' title='bbox 284 1117 318 1156; x_wconf 90' lang='lat'>«</span> <span class='ocrx_word' id='word_1_53' title='bbox 349 1092 770 1179; x_wconf 83' lang='lat' dir='ltr'>sequentibus</span> <span class='ocrx_word' id='word_1_54' title='bbox 824 1093 1373 1162; x_wconf 77' lang='lat' dir='ltr'>declarationibus</span> <span class='ocrx_word' id='word_1_55' title='bbox 1397 1116 1594 1185; x_wconf 86' lang='lat' dir='ltr'>super</span> <span class='ocrx_word' id='word_1_56' title='bbox 1619 1116 1760 1185; x_wconf 84' lang='lat' dir='ltr'>cap.</span> <span class='ocrx_word' id='word_1_57' title='bbox 1804 1092 1872 1181; x_wconf 85' lang='lat'>7,</span> <span class='ocrx_word' id='word_1_58' title='bbox 1905 1093 2208 1161; x_wconf 73' lang='lat' dir='ltr'>sess10nis</span> <span class='ocrx_word' id='word_1_59' title='bbox 2250 1094 2289 1160; x_wconf 93' lang='grc'><strong>7</strong></span> <span class='ocrx_word' id='word_1_60' title='bbox 2320 1093 2574 1161; x_wconf 84' lang='lat' dir='ltr'>concilii</span> 
     </span>
     <span class='ocr_line' id='line_1_9' title="bbox 286 1194 2576 1290; baseline 0.002 -29"><span class='ocrx_word' id='word_1_61' title='bbox 286 1221 320 1261; x_wconf 94' lang='lat'>«</span> <span class='ocrx_word' id='word_1_62' title='bbox 347 1194 716 1265; x_wconf 84' lang='lat' dir='ltr'>Tridentini</span> <span class='ocrx_word' id='word_1_63' title='bbox 747 1221 764 1265; x_wconf 75' lang='lat' dir='ltr'><em>z</em></span> <span class='ocrx_word' id='word_1_64' title='bbox 794 1236 887 1277; x_wconf 54' lang='lat'><em>—-,-</em></span> <span class='ocrx_word' id='word_1_65' title='bbox 913 1202 1121 1267; x_wconf 87' lang='lat' dir='ltr'>Sacra</span> <span class='ocrx_word' id='word_1_66' title='bbox 1166 1200 1606 1290; x_wconf 75' lang='lat' dir='ltr'>Conqreqatio</span> <span class='ocrx_word' id='word_1_67' title='bbox 1632 1199 1884 1269; x_wconf 85' lang='lat' dir='ltr'>censuit</span> <span class='ocrx_word' id='word_1_68' title='bbox 1904 1198 2434 1267; x_wconf 77' lang='lat' dir='ltr'>nominationem</span> <span class='ocrx_word' id='word_1_69' title='bbox 2475 1198 2576 1266; x_wconf 87' lang='lat' dir='ltr'>vi-</span> 
     </span>
     <span class='ocr_line' id='line_1_10' title="bbox 288 1301 2576 1395; baseline 0.002 -29"><span class='ocrx_word' id='word_1_70' title='bbox 288 1326 321 1365; x_wconf 99' lang='lat'>«</span> <span class='ocrx_word' id='word_1_71' title='bbox 347 1301 686 1369; x_wconf 80' lang='lat' dir='ltr'>coriorum</span> <span class='ocrx_word' id='word_1_72' title='bbox 727 1301 822 1370; x_wconf 91' lang='lat' dir='ltr'>ad</span> <span class='ocrx_word' id='word_1_73' title='bbox 858 1302 1272 1393; x_wconf 81' lang='lat' dir='ltr'>beneficiatos</span> <span class='ocrx_word' id='word_1_74' title='bbox 1299 1306 1657 1395; x_wconf 87' lang='lat' dir='ltr'>pertinere,</span> <span class='ocrx_word' id='word_1_75' title='bbox 1712 1304 1834 1372; x_wconf 78' lang='lat' dir='ltr'>lzoc</span> <span class='ocrx_word' id='word_1_76' title='bbox 1861 1316 1982 1391; x_wconf 87' lang='lat' dir='ltr'>est,</span> <span class='ocrx_word' id='word_1_77' title='bbox 2013 1303 2109 1372; x_wconf 85' lang='lat' dir='ltr'>ad</span> <span class='ocrx_word' id='word_1_78' title='bbox 2129 1326 2260 1386; x_wconf 91' lang='lat' dir='ltr'>eos,</span> <span class='ocrx_word' id='word_1_79' title='bbox 2302 1304 2395 1371; x_wconf 90' lang='lat' dir='ltr'>ad</span> <span class='ocrx_word' id='word_1_80' title='bbox 2414 1326 2576 1394; x_wconf 80' lang='lat' dir='ltr'>quos</span> 
     </span>
     <span class='ocr_line' id='line_1_11' title="bbox 290 1407 2574 1499; baseline 0.003 -28"><span class='ocrx_word' id='word_1_81' title='bbox 290 1431 324 1470; x_wconf 93' lang='lat'>«</span> <span class='ocrx_word' id='word_1_82' title='bbox 352 1407 665 1498; x_wconf 81' lang='lat' dir='ltr'>beneficia</span> <span class='ocrx_word' id='word_1_83' title='bbox 685 1420 1014 1499; x_wconf 88' lang='lat' dir='ltr'>spectant.</span> <span class='ocrx_word' id='word_1_84' title='bbox 1047 1409 1161 1477; x_wconf 90' lang='lat' dir='ltr'>Sic</span> <span class='ocrx_word' id='word_1_85' title='bbox 1175 1411 1381 1477; x_wconf 90' lang='lat' dir='ltr'>etiam</span> <span class='ocrx_word' id='word_1_86' title='bbox 1393 1411 1553 1478; x_wconf 86' lang='lat' dir='ltr'>Pius</span> <span class='ocrx_word' id='word_1_87' title='bbox 1592 1409 1840 1480; x_wconf 89' lang='lat' dir='ltr'>Vdicta</span> <span class='ocrx_word' id='word_1_88' title='bbox 1869 1409 2089 1487; x_wconf 88' lang='lat' dir='ltr'>bulla,</span> <span class='ocrx_word' id='word_1_89' title='bbox 2121 1408 2418 1477; x_wconf 86' lang='lat' dir='ltr'>addens:</span> <span class='ocrx_word' id='word_1_90' title='bbox 2447 1412 2574 1477; x_wconf 87' lang='lat' dir='ltr'>Or-</span> 
     </span>
     <span class='ocr_line' id='line_1_12' title="bbox 288 1511 2575 1606; baseline 0.001 -28"><span class='ocrx_word' id='word_1_91' title='bbox 288 1537 323 1577; x_wconf 90' lang='lat'>«</span> <span class='ocrx_word' id='word_1_92' title='bbox 362 1511 613 1580; x_wconf 88' lang='lat' dir='ltr'>dinarii</span> <span class='ocrx_word' id='word_1_93' title='bbox 629 1514 739 1580; x_wconf 85' lang='lat' dir='ltr'>vel</span> <span class='ocrx_word' id='word_1_94' title='bbox 759 1514 901 1604; x_wconf 85' lang='lat' dir='ltr'>ejus</span> <span class='ocrx_word' id='word_1_95' title='bbox 924 1514 1165 1582; x_wconf 90' lang='lat' dir='ltr'>vicarii</span> <span class='ocrx_word' id='word_1_96' title='bbox 1172 1515 1442 1605; x_wconf 83' lang='lat' dir='ltr'>proevio</span> <span class='ocrx_word' id='word_1_97' title='bbox 1467 1515 1775 1583; x_wconf 77' lang='lat' dir='ltr'>eoeamine</span> <span class='ocrx_word' id='word_1_98' title='bbox 1790 1512 2345 1606; x_wconf 79' lang='lat' dir='ltr'>approbationem</span> <span class='ocrx_word' id='word_1_99' title='bbox 2367 1534 2575 1581; x_wconf 90' lang='lat' dir='ltr'>neces-</span> 
     </span>
     <span class='ocr_line' id='line_1_13' title="bbox 287 1618 2575 1697; baseline 0.001 -12"><span class='ocrx_word' id='word_1_100' title='bbox 287 1643 320 1683; x_wconf 87' lang='lat'>«</span> <span class='ocrx_word' id='word_1_101' title='bbox 349 1618 605 1697; x_wconf 87' lang='lat' dir='ltr'>sariam</span> <span class='ocrx_word' id='word_1_102' title='bbox 631 1640 784 1687; x_wconf 88' lang='lat' dir='ltr'>esse.</span> <span class='ocrx_word' id='word_1_103' title='bbox 817 1657 908 1671; x_wconf 89' lang='lat'>—-</span> <span class='ocrx_word' id='word_1_104' title='bbox 938 1621 1055 1688; x_wconf 76' lang='lat' dir='ltr'>Eoe</span> <span class='ocrx_word' id='word_1_105' title='bbox 1081 1618 1261 1688; x_wconf 89' lang='lat' dir='ltr'>dicta</span> <span class='ocrx_word' id='word_1_106' title='bbox 1291 1621 1487 1689; x_wconf 86' lang='lat' dir='ltr'>bulla</span> <span class='ocrx_word' id='word_1_107' title='bbox 1532 1621 1649 1689; x_wconf 91' lang='lat' dir='ltr'>Pii</span> <span class='ocrx_word' id='word_1_108' title='bbox 1685 1625 1741 1688; x_wconf 90' lang='lat' dir='ltr'><em>V</em></span> <span class='ocrx_word' id='word_1_109' title='bbox 1760 1620 2134 1688; x_wconf 88' lang='lat' dir='ltr'>nominatio</span> <span class='ocrx_word' id='word_1_110' title='bbox 2171 1618 2575 1688; x_wconf 85' lang='lat' dir='ltr'>vicariorum</span> 
     </span>
     <span class='ocr_line' id='line_1_14' title="bbox 287 1724 2577 1817; baseline 0.002 -29"><span class='ocrx_word' id='word_1_111' title='bbox 287 1750 323 1790; x_wconf 92' lang='lat'>«</span> <span class='ocrx_word' id='word_1_112' title='bbox 341 1737 818 1817; x_wconf 86' lang='lat' dir='ltr'>perpetuorum</span> <span class='ocrx_word' id='word_1_113' title='bbox 833 1728 1093 1817; x_wconf 78' lang='lat' dir='ltr'>&#39;spectat</span> <span class='ocrx_word' id='word_1_114' title='bbox 1115 1726 1209 1795; x_wconf 89' lang='lat' dir='ltr'>ad</span> <span class='ocrx_word' id='word_1_115' title='bbox 1231 1728 1528 1796; x_wconf 88' lang='lat' dir='ltr'>ecclesias</span> <span class='ocrx_word' id='word_1_116' title='bbox 1568 1750 1681 1796; x_wconf 89' lang='lat' dir='ltr'>seu</span> <span class='ocrx_word' id='word_1_117' title='bbox 1706 1728 1857 1795; x_wconf 88' lang='lat' dir='ltr'>loca</span> <span class='ocrx_word' id='word_1_118' title='bbox 1880 1726 2121 1817; x_wconf 85' lang='lat' dir='ltr'>quibus</span> <span class='ocrx_word' id='word_1_119' title='bbox 2149 1724 2343 1795; x_wconf 83' lang='lat' dir='ltr'>dictoe</span> <span class='ocrx_word' id='word_1_120' title='bbox 2373 1748 2577 1817; x_wconf 82' lang='lat' dir='ltr'>paro-</span> 
     </span>
     <span class='ocr_line' id='line_1_15' title="bbox 294 1831 2577 1924; baseline 0.002 -28"><span class='ocrx_word' id='word_1_121' title='bbox 294 1857 328 1896; x_wconf 89' lang='lat'>«</span> <span class='ocrx_word' id='word_1_122' title='bbox 364 1832 602 1901; x_wconf 75' lang='lat' dir='ltr'>chiales</span> <span class='ocrx_word' id='word_1_123' title='bbox 628 1844 789 1901; x_wconf 89' lang='lat' dir='ltr'>sunt</span> <span class='ocrx_word' id='word_1_124' title='bbox 817 1834 1028 1900; x_wconf 84' lang='lat' dir='ltr'>unitoe</span> <span class='ocrx_word' id='word_1_125' title='bbox 1038 1853 1068 1917; x_wconf 90' lang='lat'><em>;</em></span> <span class='ocrx_word' id='word_1_126' title='bbox 1096 1845 1161 1901; x_wconf 89' lang='lat' dir='ltr'>et</span> <span class='ocrx_word' id='word_1_127' title='bbox 1199 1833 1294 1902; x_wconf 88' lang='lat' dir='ltr'>ad</span> <span class='ocrx_word' id='word_1_128' title='bbox 1311 1833 1564 1902; x_wconf 87' lang='lat' dir='ltr'>dietam</span> <span class='ocrx_word' id='word_1_129' title='bbox 1589 1834 2114 1903; x_wconf 78' lang='lat' dir='ltr'>nominationem</span> <span class='ocrx_word' id='word_1_130' title='bbox 2136 1831 2383 1923; x_wconf 80' lang='lat' dir='ltr'>poterit</span> <span class='ocrx_word' id='word_1_131' title='bbox 2407 1833 2577 1924; x_wconf 88' lang='lat' dir='ltr'>Epi·</span> 
     </span>
     <span class='ocr_line' id='line_1_16' title="bbox 289 1937 2576 2028; baseline 0.001 -28"><span class='ocrx_word' id='word_1_132' title='bbox 289 1960 323 2001; x_wconf 89' lang='lat'>«</span> <span class='ocrx_word' id='word_1_133' title='bbox 353 1958 585 2027; x_wconf 86' lang='lat' dir='ltr'>scopus</span> <span class='ocrx_word' id='word_1_134' title='bbox 607 1938 949 2028; x_wconf 81' lang='lat' dir='ltr'>proefi&#39;eere</span> <span class='ocrx_word' id='word_1_135' title='bbox 978 1937 1335 2005; x_wconf 89' lang='lat' dir='ltr'>terminum</span> <span class='ocrx_word' id='word_1_136' title='bbox 1360 1938 1579 2006; x_wconf 84' lang='lat' dir='ltr'>decem</span> <span class='ocrx_word' id='word_1_137' title='bbox 1606 1939 1886 2007; x_wconf 87' lang='lat' dir='ltr'>dierum.</span> <span class='ocrx_word' id='word_1_138' title='bbox 1912 1976 2003 1990; x_wconf 92' lang='lat'>—-</span> <span class='ocrx_word' id='word_1_139' title='bbox 2031 1937 2576 2010; x_wconf 89' lang='lat' dir='ltr'>Nominationem</span> 
     </span>
     <span class='ocr_line' id='line_1_17' title="bbox 286 2034 2578 2134; baseline 0.001 -27"><span class='ocrx_word' id='word_1_140' title='bbox 286 2066 320 2106; x_wconf 91' lang='lat'>«</span> <span class='ocrx_word' id='word_1_141' title='bbox 348 2042 593 2109; x_wconf 80' lang='lat' dir='ltr'>vicarii</span> <span class='ocrx_word' id='word_1_142' title='bbox 605 2042 923 2133; x_wconf 87' lang='lat' dir='ltr'>perpetui</span> <span class='ocrx_word' id='word_1_143' title='bbox 947 2043 1399 2111; x_wconf 87' lang='lat' dir='ltr'>sanctissimus</span> <span class='ocrx_word' id='word_1_144' title='bbox 1437 2034 1763 2110; x_wconf 83' lang='lat' dir='ltr'>Dominus</span> <span class='ocrx_word' id='word_1_145' title='bbox 1791 2046 2032 2114; x_wconf 84' lang='lat' dir='ltr'><em>Noster</em></span> <span class='ocrx_word' id='word_1_146' title='bbox 2082 2043 2443 2134; x_wconf 76' lang='lat' dir='ltr'>Greqorius</span> <span class='ocrx_word' id='word_1_147' title='bbox 2474 2042 2578 2111; x_wconf 89' lang='lat' dir='ltr'>de·</span> 
     </span>
     <span class='ocr_line' id='line_1_18' title="bbox 284 2147 2574 2239; baseline 0.002 -27"><span class='ocrx_word' id='word_1_148' title='bbox 284 2173 319 2215; x_wconf 91' lang='lat'>«</span> <span class='ocrx_word' id='word_1_149' title='bbox 346 2149 558 2216; x_wconf 86' lang='lat' dir='ltr'>cimus</span> <span class='ocrx_word' id='word_1_150' title='bbox 604 2149 859 2230; x_wconf 88' lang='lat' dir='ltr'>tertius,</span> <span class='ocrx_word' id='word_1_151' title='bbox 901 2147 1140 2217; x_wconf 90' lang='lat' dir='ltr'>audita</span> <span class='ocrx_word' id='word_1_152' title='bbox 1194 2148 1524 2217; x_wconf 86' lang='lat' dir='ltr'>relatione</span> <span class='ocrx_word' id='word_1_153' title='bbox 1571 2149 2130 2238; x_wconf 75' lang='lat' dir='ltr'>Conqreqationis</span> <span class='ocrx_word' id='word_1_154' title='bbox 2170 2148 2514 2239; x_wconf 80' lang='lat' dir='ltr'>respondit</span> <span class='ocrx_word' id='word_1_155' title='bbox 2550 2173 2574 2216; x_wconf 91' lang='lat'>.·</span> 
     </span>
     <span class='ocr_line' id='line_1_19' title="bbox 283 2252 2578 2343; baseline -0.001 -24"><span class='ocrx_word' id='word_1_156' title='bbox 283 2281 320 2319; x_wconf 94' lang='lat'>«</span> <span class='ocrx_word' id='word_1_157' title='bbox 349 2257 697 2343; x_wconf 88' lang='lat' dir='ltr'>Spectare‚</span> <span class='ocrx_word' id='word_1_158' title='bbox 726 2274 861 2320; x_wconf 90' lang='lat' dir='ltr'>non</span> <span class='ocrx_word' id='word_1_159' title='bbox 897 2253 989 2320; x_wconf 90' lang='lat' dir='ltr'>ad</span> <span class='ocrx_word' id='word_1_160' title='bbox 1014 2253 1481 2332; x_wconf 78' lang='lat' dir='ltr'>ordinarium,</span> <span class='ocrx_word' id='word_1_161' title='bbox 1503 2253 1617 2320; x_wconf 92' lang='lat' dir='ltr'>sed</span> <span class='ocrx_word' id='word_1_162' title='bbox 1655 2253 1748 2319; x_wconf 89' lang='lat' dir='ltr'>ad</span> <span class='ocrx_word' id='word_1_163' title='bbox 1776 2275 1951 2335; x_wconf 88' lang='lat' dir='ltr'>eum,</span> <span class='ocrx_word' id='word_1_164' title='bbox 1984 2253 2170 2341; x_wconf 87' lang='lat' dir='ltr'>cujus</span> <span class='ocrx_word' id='word_1_165' title='bbox 2199 2264 2294 2319; x_wconf 87' lang='lat' dir='ltr'>est</span> <span class='ocrx_word' id='word_1_166' title='bbox 2337 2252 2578 2340; x_wconf 85' lang='lat' dir='ltr'>benefi-</span> 
     </span>
     <span class='ocr_line' id='line_1_20' title="bbox 289 2354 2579 2448; baseline 0 -27"><span class='ocrx_word' id='word_1_167' title='bbox 289 2383 327 2421; x_wconf 92' lang='lat'>«</span> <span class='ocrx_word' id='word_1_168' title='bbox 365 2356 545 2422; x_wconf 86' lang='lat' dir='ltr'>cium</span> <span class='ocrx_word' id='word_1_169' title='bbox 565 2356 638 2422; x_wconf 90' lang='lat' dir='ltr'>in</span> <span class='ocrx_word' id='word_1_170' title='bbox 660 2378 787 2447; x_wconf 84' lang='lat' dir='ltr'>quo</span> <span class='ocrx_word' id='word_1_171' title='bbox 811 2357 1093 2447; x_wconf 74' lang='lat' dir='ltr'>eriqitur</span> <span class='ocrx_word' id='word_1_172' title='bbox 1125 2357 1403 2425; x_wconf 88' lang='lat' dir='ltr'>vicaria.</span> <span class='ocrx_word' id='word_1_173' title='bbox 1450 2396 1542 2409; x_wconf 93' lang='lat'>-—-</span> <span class='ocrx_word' id='word_1_174' title='bbox 1568 2357 1647 2427; x_wconf 88' lang='lat' dir='ltr'>Et</span> <span class='ocrx_word' id='word_1_175' title='bbox 1684 2358 1813 2425; x_wconf 87' lang='lat' dir='ltr'>fuit</span> <span class='ocrx_word' id='word_1_176' title='bbox 1838 2378 2221 2448; x_wconf 87' lang='lat' dir='ltr'>responsum</span> <span class='ocrx_word' id='word_1_177' title='bbox 2265 2354 2579 2446; x_wconf 87' lang='lat' dir='ltr'>Episcopo</span> 
     </span>
     <span class='ocr_line' id='line_1_21' title="bbox 288 2462 2576 2557; baseline 0.002 -29"><span class='ocrx_word' id='word_1_178' title='bbox 288 2489 323 2528; x_wconf 90' lang='lat'>«</span> <span class='ocrx_word' id='word_1_179' title='bbox 352 2462 671 2531; x_wconf 86' lang='lat' dir='ltr'>Abulensi</span> <span class='ocrx_word' id='word_1_180' title='bbox 699 2463 779 2533; x_wconf 89' lang='lat' dir='ltr'>de</span> <span class='ocrx_word' id='word_1_181' title='bbox 805 2485 980 2533; x_wconf 84' lang='lat' dir='ltr'>anno</span> <span class='ocrx_word' id='word_1_182' title='bbox 1016 2464 1188 2534; x_wconf 78' lang='lat'>1593</span> <span class='ocrx_word' id='word_1_183' title='bbox 1220 2466 1391 2535; x_wconf 82' lang='lat' dir='ltr'>ut-in</span> <span class='ocrx_word' id='word_1_184' title='bbox 1421 2465 1856 2535; x_wconf 82' lang='lat' dir='ltr'>declaratione</span> <span class='ocrx_word' id='word_1_185' title='bbox 1876 2466 2170 2557; x_wconf 83' lang='lat' dir='ltr'>sequenti</span> <span class='ocrx_word' id='word_1_186' title='bbox 2203 2489 2219 2534; x_wconf 72' lang='grc' dir='ltr'><strong><em>ε</em></strong></span> <span class='ocrx_word' id='word_1_187' title='bbox 2253 2464 2576 2534; x_wconf 84' lang='lat' dir='ltr'>Illustris-</span> 
     </span>
     <span class='ocr_line' id='line_1_22' title="bbox 289 2570 2580 2666; baseline 0.002 -31"><span class='ocrx_word' id='word_1_188' title='bbox 289 2598 322 2634; x_wconf 92' lang='lat'>«</span> <span class='ocrx_word' id='word_1_189' title='bbox 348 2570 509 2638; x_wconf 89' lang='lat' dir='ltr'>simi</span> <span class='ocrx_word' id='word_1_190' title='bbox 519 2583 595 2639; x_wconf 82' lang='lat' dir='ltr'>et</span> <span class='ocrx_word' id='word_1_191' title='bbox 617 2571 1144 2642; x_wconf 63' lang='lat' dir='ltr'>reverendissimi</span> <span class='ocrx_word' id='word_1_192' title='bbox 1156 2574 1454 2662; x_wconf 87' lang='lat' dir='ltr'>Domini,</span> <span class='ocrx_word' id='word_1_193' title='bbox 1477 2598 1610 2666; x_wconf 89' lang='lat' dir='ltr'>pro</span> <span class='ocrx_word' id='word_1_194' title='bbox 1626 2587 1831 2666; x_wconf 88' lang='lat' dir='ltr'>parte</span> <span class='ocrx_word' id='word_1_195' title='bbox 1855 2573 2386 2644; x_wconf 83' lang='lat' dir='ltr'>reverendissimi</span> <span class='ocrx_word' id='word_1_196' title='bbox 2407 2572 2580 2664; x_wconf 90' lang='lat' dir='ltr'>Epi-</span> 
     </span>
     <span class='ocr_line' id='line_1_23' title="bbox 291 2676 2575 2771; baseline 0.002 -30"><span class='ocrx_word' id='word_1_197' title='bbox 291 2702 322 2740; x_wconf 93' lang='lat'>«</span> <span class='ocrx_word' id='word_1_198' title='bbox 349 2676 534 2767; x_wconf 90' lang='lat' dir='ltr'>scopi</span> <span class='ocrx_word' id='word_1_199' title='bbox 567 2678 921 2748; x_wconf 88' lang='lat' dir='ltr'>Abulensis</span> <span class='ocrx_word' id='word_1_200' title='bbox 961 2680 1389 2771; x_wconf 79' lang='lat' dir='ltr'>supplicatur</span> <span class='ocrx_word' id='word_1_201' title='bbox 1437 2680 1774 2750; x_wconf 85' lang='lat' dir='ltr'>declarari</span> <span class='ocrx_word' id='word_1_202' title='bbox 1812 2682 2180 2771; x_wconf 83' lang='lat' dir='ltr'>sequentia,</span> <span class='ocrx_word' id='word_1_203' title='bbox 2223 2682 2399 2749; x_wconf 89' lang='lat' dir='ltr'>circa</span> <span class='ocrx_word' id='word_1_204' title='bbox 2428 2703 2575 2769; x_wconf 82' lang='lat' dir='ltr'>quae</span> 
     </span>
     <span class='ocr_line' id='line_1_24' title="bbox 288 2781 2581 2874; baseline 0 -28"><span class='ocrx_word' id='word_1_205' title='bbox 288 2806 324 2846; x_wconf 94' lang='lat'>«</span> <span class='ocrx_word' id='word_1_206' title='bbox 358 2781 662 2849; x_wconf 90' lang='lat' dir='ltr'>dubitari</span> <span class='ocrx_word' id='word_1_207' title='bbox 678 2785 1007 2874; x_wconf 75' lang='lat' dir='ltr'>continqit</span> <span class='ocrx_word' id='word_1_208' title='bbox 1022 2809 1045 2851; x_wconf 92' lang='grc'>.·</span> <span class='ocrx_word' id='word_1_209' title='bbox 1073 2787 1382 2853; x_wconf 87' lang='lat' dir='ltr'>Primum</span> <span class='ocrx_word' id='word_1_210' title='bbox 1407 2785 1690 2854; x_wconf 86' lang='lat' dir='ltr'>dubium</span> <span class='ocrx_word' id='word_1_211' title='bbox 1712 2810 1737 2850; x_wconf 91' lang='lat'>.·</span> <span class='ocrx_word' id='word_1_212' title='bbox 1764 2786 1873 2852; x_wconf 87' lang='lat' dir='ltr'>An</span> <span class='ocrx_word' id='word_1_213' title='bbox 1894 2785 1966 2851; x_wconf 90' lang='lat' dir='ltr'>in</span> <span class='ocrx_word' id='word_1_214' title='bbox 1986 2782 2400 2872; x_wconf 75' lang='lat' dir='ltr'>assiqnanda</span> <span class='ocrx_word' id='word_1_215' title='bbox 2419 2803 2581 2870; x_wconf 90' lang='lat' dir='ltr'>por-</span> 
     </span>
     <span class='ocr_line' id='line_1_25' title="bbox 293 2879 2581 2982; baseline 0 -31"><span class='ocrx_word' id='word_1_216' title='bbox 293 2912 328 2951; x_wconf 94' lang='lat'>«</span> <span class='ocrx_word' id='word_1_217' title='bbox 360 2888 539 2955; x_wconf 87' lang='lat' dir='ltr'>tione</span> <span class='ocrx_word' id='word_1_218' title='bbox 565 2879 1248 2959; x_wconf 45' lang='lat' dir='ltr'>vicariis&#39;attendenda</span> <span class='ocrx_word' id='word_1_219' title='bbox 1281 2892 1368 2959; x_wconf 90' lang='lat' dir='ltr'>sit</span> <span class='ocrx_word' id='word_1_220' title='bbox 1396 2891 1738 2982; x_wconf 84' lang='lat' dir='ltr'>dispositio</span> <span class='ocrx_word' id='word_1_221' title='bbox 1782 2893 1859 2956; x_wconf 90' lang='lat' dir='ltr'>S.</span> <span class='ocrx_word' id='word_1_222' title='bbox 1897 2888 2165 2955; x_wconf 88' lang='lat' dir='ltr'>concilii</span> <span class='ocrx_word' id='word_1_223' title='bbox 2208 2884 2581 2953; x_wconf 83' lang='lat' dir='ltr'>Tridentini</span> 
     </span>
     <span class='ocr_line' id='line_1_26' title="bbox 290 2989 2575 3082; baseline -0 -22"><span class='ocrx_word' id='word_1_224' title='bbox 290 3020 324 3061; x_wconf 92' lang='lat'>«</span> <span class='ocrx_word' id='word_1_225' title='bbox 365 2994 650 3061; x_wconf 84' lang='lat' dir='ltr'>sessione</span> <span class='ocrx_word' id='word_1_226' title='bbox 664 2996 730 3078; x_wconf 87' lang='lat'>7,</span> <span class='ocrx_word' id='word_1_227' title='bbox 756 3017 811 3062; x_wconf 88' lang='lat' dir='ltr'>c.</span> <span class='ocrx_word' id='word_1_228' title='bbox 833 2997 870 3062; x_wconf 89' lang='lat'>7</span> <span class='ocrx_word' id='word_1_229' title='bbox 883 3046 901 3082; x_wconf 90' lang='lat'>‚</span> <span class='ocrx_word' id='word_1_230' title='bbox 924 3019 1014 3062; x_wconf 91' lang='lat' dir='ltr'>an</span> <span class='ocrx_word' id='word_1_231' title='bbox 1030 3019 1179 3063; x_wconf 89' lang='lat' dir='ltr'>vero</span> <span class='ocrx_word' id='word_1_232' title='bbox 1197 2997 1390 3064; x_wconf 86' lang='lat' dir='ltr'>bulla</span> <span class='ocrx_word' id='word_1_233' title='bbox 1409 2997 1517 3063; x_wconf 89' lang='lat' dir='ltr'>Pii</span> <span class='ocrx_word' id='word_1_234' title='bbox 1537 2999 1593 3064; x_wconf 92' lang='lat' dir='ltr'><em>V</em></span> <span class='ocrx_word' id='word_1_235' title='bbox 1606 3019 1630 3076; x_wconf 88' lang='lat'>,·</span> <span class='ocrx_word' id='word_1_236' title='bbox 1644 3007 1706 3062; x_wconf 89' lang='lat' dir='ltr'>et</span> <span class='ocrx_word' id='word_1_237' title='bbox 1720 3016 1809 3060; x_wconf 92' lang='lat' dir='ltr'>an</span> <span class='ocrx_word' id='word_1_238' title='bbox 1819 2992 1946 3061; x_wconf 90' lang='lat' dir='ltr'>illa</span> <span class='ocrx_word' id='word_1_239' title='bbox 1963 2992 2053 3059; x_wconf 89' lang='lat' dir='ltr'>sit</span> <span class='ocrx_word' id='word_1_240' title='bbox 2069 2989 2446 3059; x_wconf 86' lang='lat' dir='ltr'>revalidata</span> <span class='ocrx_word' id='word_1_241' title='bbox 2460 2989 2575 3082; x_wconf 88' lang='lat'>(1),</span> 
     </span>
     <span class='ocr_line' id='line_1_27' title="bbox 294 3098 2581 3194; baseline 0 -29"><span class='ocrx_word' id='word_1_242' title='bbox 294 3127 326 3165; x_wconf 93' lang='lat'>«</span> <span class='ocrx_word' id='word_1_243' title='bbox 349 3103 414 3169; x_wconf 76' lang='lat' dir='ltr'>e&#39;t</span> <span class='ocrx_word' id='word_1_244' title='bbox 439 3101 816 3170; x_wconf 86' lang='lat' dir='ltr'>nominatio</span> <span class='ocrx_word' id='word_1_245' title='bbox 847 3101 1088 3170; x_wconf 84' lang='lat' dir='ltr'>vicarii</span> <span class='ocrx_word' id='word_1_246' title='bbox 1100 3114 1345 3194; x_wconf 85' lang='lat' dir='ltr'>spectet</span> <span class='ocrx_word' id='word_1_247' title='bbox 1376 3100 1662 3180; x_wconf 88' lang='lat' dir='ltr'>adeum,</span> <span class='ocrx_word' id='word_1_248' title='bbox 1695 3100 1887 3191; x_wconf 87' lang='lat' dir='ltr'>cujus</span> <span class='ocrx_word' id='word_1_249' title='bbox 1913 3099 2236 3190; x_wconf 76' lang='lat' dir='ltr'>diqnitati</span> <span class='ocrx_word' id='word_1_250' title='bbox 2261 3099 2368 3166; x_wconf 85' lang='lat' dir='ltr'>vel</span> <span class='ocrx_word' id='word_1_251' title='bbox 2400 3098 2581 3166; x_wconf 90' lang='lat' dir='ltr'>bene-</span> 
     </span>
     <span class='ocr_line' id='line_1_28' title="bbox 295 3203 2575 3301; baseline 0 -30"><span class='ocrx_word' id='word_1_252' title='bbox 295 3231 329 3272; x_wconf 90' lang='lat'>«</span> <span class='ocrx_word' id='word_1_253' title='bbox 351 3209 509 3299; x_wconf 81' lang='lat' dir='ltr'>ficio</span> <span class='ocrx_word' id='word_1_254' title='bbox 521 3210 943 3301; x_wconf 76' lang='lat' dir='ltr'>parochialis</span> <span class='ocrx_word' id='word_1_255' title='bbox 970 3221 1067 3277; x_wconf 89' lang='lat' dir='ltr'>est</span> <span class='ocrx_word' id='word_1_256' title='bbox 1094 3210 1316 3297; x_wconf 82' lang='lat' dir='ltr'>unita,</span> <span class='ocrx_word' id='word_1_257' title='bbox 1345 3220 1422 3277; x_wconf 89' lang='lat' dir='ltr'>ut</span> <span class='ocrx_word' id='word_1_258' title='bbox 1449 3208 1523 3276; x_wconf 87' lang='lat' dir='ltr'>in</span> <span class='ocrx_word' id='word_1_259' title='bbox 1554 3207 1736 3276; x_wconf 90' lang='lat' dir='ltr'>dicta</span> <span class='ocrx_word' id='word_1_260' title='bbox 1767 3206 1957 3274; x_wconf 91' lang='lat' dir='ltr'>bulla</span> <span class='ocrx_word' id='word_1_261' title='bbox 1989 3230 2013 3272; x_wconf 89' lang='lat'>.·</span> <span class='ocrx_word' id='word_1_262' title='bbox 2043 3203 2421 3273; x_wconf 87' lang='lat' dir='ltr'>Secundum</span> <span class='ocrx_word' id='word_1_263' title='bbox 2451 3203 2575 3272; x_wconf 83' lang='lat' dir='ltr'>du-</span> 
     </span>
     <span class='ocr_line' id='line_1_29' title="bbox 298 3310 2577 3401; baseline -0.001 -23"><span class='ocrx_word' id='word_1_264' title='bbox 298 3338 331 3380; x_wconf 90' lang='lat'>«</span> <span class='ocrx_word' id='word_1_265' title='bbox 362 3314 568 3398; x_wconf 84' lang='lat' dir='ltr'>bium,</span> <span class='ocrx_word' id='word_1_266' title='bbox 602 3325 780 3390; x_wconf 81' lang='lat' dir='ltr'>etc...</span> <span class='ocrx_word' id='word_1_267' title='bbox 814 3313 1235 3383; x_wconf 83' lang='lat' dir='ltr'>Perillustris</span> <span class='ocrx_word' id='word_1_268' title='bbox 1258 3327 1322 3383; x_wconf 90' lang='lat' dir='ltr'>et</span> <span class='ocrx_word' id='word_1_269' title='bbox 1347 3311 1699 3381; x_wconf 84' lang='lat' dir='ltr'>reverende</span> <span class='ocrx_word' id='word_1_270' title='bbox 1711 3313 1994 3379; x_wconf 88' lang='lat' dir='ltr'>Domine</span> <span class='ocrx_word' id='word_1_271' title='bbox 2016 3310 2122 3378; x_wconf 89' lang='lat' dir='ltr'>uti</span> <span class='ocrx_word' id='word_1_272' title='bbox 2137 3312 2381 3401; x_wconf 86' lang='lat' dir='ltr'>frater,</span> <span class='ocrx_word' id='word_1_273' title='bbox 2416 3333 2577 3400; x_wconf 85' lang='lat' dir='ltr'>qua-</span> 
     </span>
     <span class='ocr_line' id='line_1_30' title="bbox 299 3416 2578 3512; baseline 0 -30"><span class='ocrx_word' id='word_1_274' title='bbox 299 3443 333 3484; x_wconf 92' lang='lat'>«</span> <span class='ocrx_word' id='word_1_275' title='bbox 370 3432 520 3489; x_wconf 89' lang='lat' dir='ltr'>tuor</span> <span class='ocrx_word' id='word_1_276' title='bbox 548 3418 1093 3502; x_wconf 86' lang='lat' dir='ltr'>dubitationibus,</span> <span class='ocrx_word' id='word_1_277' title='bbox 1120 3443 1268 3511; x_wconf 82' lang='lat' dir='ltr'>quoe</span> <span class='ocrx_word' id='word_1_278' title='bbox 1294 3418 1776 3512; x_wconf 85' lang='lat' dir='ltr'>amplitudinis</span> <span class='ocrx_word' id='word_1_279' title='bbox 1802 3431 1937 3486; x_wconf 83' lang='lat' dir='ltr'>tuoe</span> <span class='ocrx_word' id='word_1_280' title='bbox 1954 3417 2225 3490; x_wconf 82' lang='lat' dir='ltr'>nomine</span> <span class='ocrx_word' id='word_1_281' title='bbox 2238 3441 2369 3510; x_wconf 90' lang='lat' dir='ltr'>per</span> <span class='ocrx_word' id='word_1_282' title='bbox 2388 3416 2578 3485; x_wconf 89' lang='lat' dir='ltr'>libel-</span> 
     </span>
     <span class='ocr_line' id='line_1_31' title="bbox 302 3521 2577 3619; baseline -0.002 -28"><span class='ocrx_word' id='word_1_283' title='bbox 302 3551 334 3591; x_wconf 88' lang='lat'>«</span> <span class='ocrx_word' id='word_1_284' title='bbox 365 3527 510 3594; x_wconf 89' lang='lat' dir='ltr'>lum</span> <span class='ocrx_word' id='word_1_285' title='bbox 538 3528 642 3595; x_wconf 83' lang='lat' dir='ltr'>lzis</span> <span class='ocrx_word' id='word_1_286' title='bbox 675 3527 918 3596; x_wconf 89' lang='lat' dir='ltr'>litteris</span> <span class='ocrx_word' id='word_1_287' title='bbox 964 3528 1356 3619; x_wconf 86' lang='lat' dir='ltr'>adjunctum</span> <span class='ocrx_word' id='word_1_288' title='bbox 1376 3527 1749 3619; x_wconf 67' lang='lat' dir='ltr'>propositae</span> <span class='ocrx_word' id='word_1_289' title='bbox 1789 3527 2067 3616; x_wconf 87' lang='lat' dir='ltr'>fuerunt</span> <span class='ocrx_word' id='word_1_290' title='bbox 2105 3521 2577 3591; x_wconf 86' lang='lat' dir='ltr'>illustrissimis</span> 
     </span>
     <span class='ocr_line' id='line_1_32' title="bbox 301 3623 2579 3723; baseline -0.004 -25"><span class='ocrx_word' id='word_1_291' title='bbox 301 3656 334 3698; x_wconf 88' lang='lat'>«</span> <span class='ocrx_word' id='word_1_292' title='bbox 361 3633 844 3716; x_wconf 82' lang='lat' dir='ltr'>cardinalibus,</span> <span class='ocrx_word' id='word_1_293' title='bbox 876 3634 977 3701; x_wconf 92' lang='lat' dir='ltr'>ita</span> <span class='ocrx_word' id='word_1_294' title='bbox 1010 3634 1164 3722; x_wconf 74' lang='lat' dir='ltr'>siqil</span> <span class='ocrx_word' id='word_1_295' title='bbox 1170 3634 1370 3700; x_wconf 88' lang='lat' dir='ltr'>latim</span> <span class='ocrx_word' id='word_1_296' title='bbox 1403 3654 1791 3723; x_wconf 88' lang='lat' dir='ltr'>responsum</span> <span class='ocrx_word' id='word_1_297' title='bbox 1814 3632 1951 3721; x_wconf 79' lang='lat' dir='ltr'>suit</span> <span class='ocrx_word' id='word_1_298' title='bbox 1983 3654 2007 3696; x_wconf 89' lang='lat'>.·</span> <span class='ocrx_word' id='word_1_299' title='bbox 2035 3633 2289 3722; x_wconf 89' lang='lat' dir='ltr'>Nempe</span> <span class='ocrx_word' id='word_1_300' title='bbox 2319 3625 2414 3693; x_wconf 92' lang='lat' dir='ltr'>ad</span> <span class='ocrx_word' id='word_1_301' title='bbox 2424 3623 2579 3713; x_wconf 90' lang='lat' dir='ltr'>pri-</span> 
     </span>
     <span class='ocr_line' id='line_1_33' title="bbox 303 3730 2581 3831; baseline -0.004 -27"><span class='ocrx_word' id='word_1_302' title='bbox 303 3764 334 3804; x_wconf 95' lang='lat'>«</span> <span class='ocrx_word' id='word_1_303' title='bbox 357 3761 543 3808; x_wconf 89' lang='lat' dir='ltr'>mam</span> <span class='ocrx_word' id='word_1_304' title='bbox 574 3765 597 3807; x_wconf 90' lang='lat'>.·</span> <span class='ocrx_word' id='word_1_305' title='bbox 629 3740 857 3831; x_wconf 86' lang='lat' dir='ltr'>utique</span> <span class='ocrx_word' id='word_1_306' title='bbox 887 3737 1284 3807; x_wconf 86' lang='lat' dir='ltr'>servandam</span> <span class='ocrx_word' id='word_1_307' title='bbox 1311 3760 1442 3805; x_wconf 90' lang='lat' dir='ltr'>esse</span> <span class='ocrx_word' id='word_1_308' title='bbox 1460 3742 1533 3805; x_wconf 92' lang='lat' dir='ltr'>S.</span> <span class='ocrx_word' id='word_1_309' title='bbox 1569 3738 1905 3806; x_wconf 62' lang='lat' dir='ltr'>memoria?</span> <span class='ocrx_word' id='word_1_310' title='bbox 1929 3735 2043 3803; x_wconf 91' lang='lat' dir='ltr'>Pii</span> <span class='ocrx_word' id='word_1_311' title='bbox 2070 3737 2128 3803; x_wconf 89' lang='lat' dir='ltr'><em>V</em></span> <span class='ocrx_word' id='word_1_312' title='bbox 2145 3730 2581 3800; x_wconf 87' lang='lat' dir='ltr'>constitutio-</span> 
     </span>
     <span class='ocr_line' id='line_1_34' title="bbox 303 3836 2580 3928; baseline -0.005 -15"><span class='ocrx_word' id='word_1_313' title='bbox 303 3871 337 3913; x_wconf 91' lang='lat'>«</span> <span class='ocrx_word' id='word_1_314' title='bbox 364 3870 545 3928; x_wconf 88' lang='lat' dir='ltr'>nem,</span> <span class='ocrx_word' id='word_1_315' title='bbox 584 3859 647 3916; x_wconf 90' lang='lat' dir='ltr'>et</span> <span class='ocrx_word' id='word_1_316' title='bbox 669 3845 1199 3915; x_wconf 88' lang='lat' dir='ltr'>nominationem</span> <span class='ocrx_word' id='word_1_317' title='bbox 1227 3843 1627 3912; x_wconf 85' lang='lat' dir='ltr'>vicariorum</span> <span class='ocrx_word' id='word_1_318' title='bbox 1653 3842 2078 3910; x_wconf 65' lang='lat' dir='ltr'>saecularium</span> <span class='ocrx_word' id='word_1_319' title='bbox 2102 3836 2196 3907; x_wconf 87' lang='lat' dir='ltr'>ad</span> <span class='ocrx_word' id='word_1_320' title='bbox 2218 3848 2477 3927; x_wconf 88' lang='lat' dir='ltr'>tempus</span> <span class='ocrx_word' id='word_1_321' title='bbox 2510 3836 2580 3902; x_wconf 92' lang='lat' dir='ltr'>in</span> 
     </span>
     <span class='ocr_line' id='line_1_35' title="bbox 308 3947 2583 4066; baseline -0.005 -45"><span class='ocrx_word' id='word_1_322' title='bbox 308 3979 342 4021; x_wconf 88' lang='lat'>«</span> <span class='ocrx_word' id='word_1_323' title='bbox 367 3955 697 4047; x_wconf 82' lang='lat' dir='ltr'>beneficiis</span> <span class='ocrx_word' id='word_1_324' title='bbox 714 3954 962 4024; x_wconf 86' lang='lat' dir='ltr'>curatis</span> <span class='ocrx_word' id='word_1_325' title='bbox 984 3953 1187 4021; x_wconf 90' lang='lat' dir='ltr'>unitis</span> <span class='ocrx_word' id='word_1_326' title='bbox 1209 3964 1505 4044; x_wconf 88' lang='lat' dir='ltr'>spectare</span> <span class='ocrx_word' id='word_1_327' title='bbox 1529 3950 1626 4020; x_wconf 89' lang='lat' dir='ltr'>ad</span> <span class='ocrx_word' id='word_1_328' title='bbox 1644 3947 2153 4066; x_wconf 83' lang='lat' dir='ltr'>amplitudinem</span> <span class='ocrx_word' id='word_1_329' title='bbox 2183 3958 2373 4013; x_wconf 88' lang='lat' dir='ltr'>tuam</span> <span class='ocrx_word' id='word_1_330' title='bbox 2388 3965 2583 4036; x_wconf 89' lang='lat' dir='ltr'>;per-</span> 
     </span>
     <span class='ocr_line' id='line_1_36' title="bbox 312 4049 2585 4155; baseline -0.006 -27"><span class='ocrx_word' id='word_1_331' title='bbox 312 4087 345 4128; x_wconf 85' lang='lat'>«</span> <span class='ocrx_word' id='word_1_332' title='bbox 365 4076 721 4155; x_wconf 88' lang='lat' dir='ltr'>petuorum</span> <span class='ocrx_word' id='word_1_333' title='bbox 755 4085 900 4130; x_wconf 77' lang='lat' dir='ltr'>vero</span> <span class='ocrx_word' id='word_1_334' title='bbox 930 4061 1003 4129; x_wconf 85' lang='lat' dir='ltr'>in</span> <span class='ocrx_word' id='word_1_335' title='bbox 1030 4061 1169 4128; x_wconf 86' lang='lat' dir='ltr'>vim</span> <span class='ocrx_word' id='word_1_336' title='bbox 1195 4058 1488 4151; x_wconf 85' lang='lat' dir='ltr'>ejusdem</span> <span class='ocrx_word' id='word_1_337' title='bbox 1512 4053 2001 4125; x_wconf 82' lang='lat' dir='ltr'>constitutionis</span> <span class='ocrx_word' id='word_1_338' title='bbox 2018 4063 2313 4143; x_wconf 86' lang='lat' dir='ltr'>spectare</span> <span class='ocrx_word' id='word_1_339' title='bbox 2336 4049 2429 4118; x_wconf 93' lang='lat' dir='ltr'>ad</span> <span class='ocrx_word' id='word_1_340' title='bbox 2461 4070 2585 4116; x_wconf 91' lang='lat' dir='ltr'>no-</span> 
     </span>
     <span class='ocr_line' id='line_1_37' title="bbox 316 4148 2588 4256; baseline -0.011 -17"><span class='ocrx_word' id='word_1_341' title='bbox 316 4193 345 4232; x_wconf 79' lang='lat'>«</span> <span class='ocrx_word' id='word_1_342' title='bbox 370 4171 798 4238; x_wconf 89' lang='lat' dir='ltr'>minationem</span> <span class='ocrx_word' id='word_1_343' title='bbox 818 4169 1124 4248; x_wconf 89' lang='lat' dir='ltr'>illorum,</span> <span class='ocrx_word' id='word_1_344' title='bbox 1147 4168 1219 4234; x_wconf 91' lang='lat' dir='ltr'>in</span> <span class='ocrx_word' id='word_1_345' title='bbox 1243 4185 1527 4256; x_wconf 85' lang='lat' dir='ltr'>quorum</span> <span class='ocrx_word' id='word_1_346' title='bbox 1543 4160 1818 4230; x_wconf 87' lang='lat' dir='ltr'>ecclesiis</span> <span class='ocrx_word' id='word_1_347' title='bbox 1831 4157 2035 4226; x_wconf 85' lang='lat' dir='ltr'>unitis</span> <span class='ocrx_word' id='word_1_348' title='bbox 2048 4166 2415 4251; x_wconf 86' lang='lat' dir='ltr'>ponentur.</span> <span class='ocrx_word' id='word_1_349' title='bbox 2445 4148 2588 4238; x_wconf 86' lang='lat' dir='ltr'>Ipsi</span> 
     </span>
    </p>
   </div>
   <div class='ocr_carea' id='block_1_3' title="bbox 312 4298 2586 4468">
    <p class='ocr_par' dir='ltr' id='par_1_4' title="bbox 312 4298 2586 4468">
     <span class='ocr_line' id='line_1_38' title="bbox 369 4298 2586 4389; baseline -0.012 -10"><span class='ocrx_word' id='word_1_350' title='bbox 369 4327 430 4389; x_wconf 79' lang='grc' dir='ltr'>(ι)</span> <span class='ocrx_word' id='word_1_351' title='bbox 459 4326 841 4378; x_wconf 80' lang='lat' dir='ltr'>contendebant</span> <span class='ocrx_word' id='word_1_352' title='bbox 868 4324 1078 4387; x_wconf 86' lang='lat' dir='ltr'>quidam</span> <span class='ocrx_word' id='word_1_353' title='bbox 1110 4322 1248 4372; x_wconf 85' lang='lat' dir='ltr'>illam</span> <span class='ocrx_word' id='word_1_354' title='bbox 1279 4320 1475 4371; x_wconf 76' lang='lat' dir='ltr'>bullam</span> <span class='ocrx_word' id='word_1_355' title='bbox 1510 4316 1663 4367; x_wconf 81' lang='lat' dir='ltr'>fuisse</span> <span class='ocrx_word' id='word_1_356' title='bbox 1697 4319 1982 4367; x_wconf 80' lang='lat' dir='ltr'>revocatam</span> <span class='ocrx_word' id='word_1_357' title='bbox 2006 4328 2098 4379; x_wconf 86' lang='lat' dir='ltr'>per</span> <span class='ocrx_word' id='word_1_358' title='bbox 2121 4310 2377 4376; x_wconf 81' lang='lat' dir='ltr'>quoddam</span> <span class='ocrx_word' id='word_1_359' title='bbox 2414 4298 2531 4349; x_wconf 78' lang='lat' dir='ltr'>subs</span> <span class='ocrx_word' id='word_1_360' title='bbox 2535 4305 2586 4340; x_wconf 69' lang='grc' dir='ltr'>Θ·</span> 
     </span>
     <span class='ocr_line' id='line_1_39' title="bbox 312 4405 1143 4468; baseline -0.008 -11"><span class='ocrx_word' id='word_1_361' title='bbox 312 4418 462 4468; x_wconf 86' lang='lat' dir='ltr'>quens</span> <span class='ocrx_word' id='word_1_362' title='bbox 486 4408 680 4458; x_wconf 73' lang='lat' dir='ltr'>Sanctae</span> <span class='ocrx_word' id='word_1_363' title='bbox 705 4405 846 4456; x_wconf 85' lang='lat' dir='ltr'>Sedis</span> <span class='ocrx_word' id='word_1_364' title='bbox 864 4405 1143 4455; x_wconf 84' lang='lat' dir='ltr'>decretum.</span> 
     </span>
    </p>
   </div>
  </div>
 </body>
</html>
