2930 4982
1187 379 1266 425 un
1311 379 1643 426 cAmruus.
2484 376 2561 433 ‘29

290 521 319 560 α
343 518 573 587 scopus
596 494 807 564 dictus
836 501 1052 586 postea
1076 493 1222 580 fuit,
1258 503 1320 565 et
1349 498 1583 565 desinit
1615 498 1789 565 circa
1808 498 2008 565 finem
2029 501 2250 568 saeculi
2280 521 2370 584 ιιι,
2408 526 2564 571 cum

288 628 318 666 «
342 602 636 692 paroeciae
670 602 861 670 condi
902 607 1262 692 coeperunt.
1307 602 1383 670 ln
1428 600 1710 671 secundo
1748 604 1871 672 hoc
1906 606 2327 674 ecclesiarum
2362 615 2560 697 statu,

287 732 317 771 «
340 709 410 775 in
437 730 583 776 eam
609 713 1006 798 potestatem,
1039 730 1173 797 qua
1195 714 1382 777 antea
1400 710 1815 799 potiebantur
1836 711 2253 801 presbyteria,
2286 716 2564 804 ingressi

283 841 313 878 «
340 821 495 883 sunt
516 815 1043 905 presbyterorum
1077 816 1388 904 praefecti,
1424 816 1674 885 scilicet
1704 815 1753 883 ii
1782 816 1898 905 qui
1933 839 1969 884 a
1999 819 2185 888 nobis
2215 821 2564 891 dioecesani

284 920 646 1012 «Episcopi
681 920 1134 990 nominantur.
1181 920 1329 989 Non
1364 922 1653 1012 amplius
1693 922 1898 1012 igitur
1936 924 2179 1013 singuli
2209 927 2562 1017 presbyteri

284 1053 313 1091 «
339 1027 424 1095 ab
473 1028 577 1096 sui
623 1028 881 1116 collegii
931 1033 1127 1111 nutu,
1180 1029 1292 1096 sed
1339 1029 1422 1096 ab
1449 1028 1758 1120 Episcopi
1784 1031 1974 1119 jussu
2009 1030 2398 1119 pendebant3
2435 1057 2564 1104 non

281 1132 622 1221 «amplius
664 1131 929 1222 singula
966 1133 1273 1201 mandata
1313 1133 1396 1201 ab
1423 1134 1947 1223 presbyterorum
1981 1137 2423 1226 universitate,
2456 1141 2566 1209 sed

279 1263 310 1302 «
337 1239 424 1306 ab
462 1238 779 1330 Episcopo
806 1238 1226 1330 recipiebant.
1266 1237 1439 1308 Hinc
1470 1241 1599 1310 illae
1636 1243 1841 1310 sancti
1869 1240 2101 1331 ignatii
2135 1265 2320 1312 voces
2356 1269 2373 1313 ε
2409 1246 2567 1315 Sine

282 1368 316 1406 «
342 1343 668 1436 Episcopo
719 1367 910 1413 nemo
961 1343 1333 1434 quidquam
1389 1368 1616 1413 eorum
1656 1347 1870 1434 faciat
1898 1370 2044 1436 quoe
2074 1348 2169 1416 ad
2192 1351 2562 1420 Ecclesiam

281 1451 696 1540 «pertinent.
741 1451 1013 1521 Nemini
1050 1452 1208 1520 licet
1236 1450 1579 1541 baptizare
1618 1452 1756 1521 sine
1786 1453 2111 1544 Episcopi
2115 1455 2331 1544 jussu.
2365 1459 2567 1528 Nulli

278 1584 308 1621 «
339 1557 608 1625 licitum
628 1571 726 1626 est
751 1558 1254 1627 Eucharistiam
1283 1558 1614 1627 celebrare
1641 1560 1887 1649 absque
1925 1561 2120 1629 venia
2147 1563 2487 1655 Episcopi.
2521 1592 2555 1628 n

272 1663 577 1755 (Epistola
615 1666 695 1733 ad
724 1664 1203 1756 Smyrnenses.)
1244 1692 1276 1731 «
1306 1665 1875 1747 Quemadmodum
1910 1690 2058 1736 vero
2088 1675 2272 1737 antea
2301 1672 2565 1761 presby-

274 1792 306 1832 α
333 1770 483 1838 terii
529 1771 687 1839 scita
737 1772 921 1839 irrita
961 1777 1176 1859 erant,
1208 1773 1338 1847 nisi
1365 1773 1697 1857 omnium,
1730 1773 1834 1840 vel
1864 1773 2087 1841 saltem
2119 1774 2561 1863 plurimorum

274 1901 306 1940 «
332 1876 860 1967 presbyterorum
891 1877 1207 1944 sententia
1238 1879 1630 1963 accessisset,
1673 1880 1762 1946 ita
1791 1880 1986 1947 etiam
2017 1885 2231 1970 postea
2260 1879 2560 1974 Episcopi

166 2043 170 2047 .
274 1985 509 2074 «jussa
549 1990 687 2052 rata
729 1985 1007 2052 minime
1048 1990 1265 2070 erant,
1315 2007 1461 2074 quae
1505 1984 1861 2074 presbyteri
1902 1985 2211 2076 suffragio
2260 2008 2378 2056 suo
2431 2011 2562 2058 non

269 2114 303 2153 «
333 2091 861 2180 comprobarant.
909 2089 1155 2174 Verbo,
1201 2090 1557 2179 presbyteri
1599 2092 1696 2159 uti
1742 2092 1990 2179 singuli
2021 2093 2090 2160 in
2126 2092 2252 2160 hoc
2281 2097 2562 2162 secundo

271 2221 303 2258 «
330 2201 506 2263 statu
539 2218 622 2262 ne
655 2195 986 2263 tantillum
1025 2194 1293 2283 quidem
1338 2216 1457 2263 suo
1486 2195 1630 2262 loco
1667 2197 1831 2262 moti
1863 2197 2163 2280 fuerunt3
2207 2200 2562 2288 presbyteri

267 2326 302 2363 «
332 2322 495 2366 vero
531 2301 634 2365 uti
672 2299 988 2376 universi,
1027 2298 1294 2385 juribus
1324 2299 1460 2363 suis
1482 2298 1881 2379 exciderunt,
1915 2300 2333 2389 praesidisque
2360 2303 2563 2393 impe·

266 2431 304 2470 «
332 2405 521 2471 rium
571 2406 931 2471 senserunt.
979 2425 1013 2464 »
1071 2399 1326 2490 (Politi,
1375 2400 1901 2493 Jurisprudentia
1954 2405 2378 2476 ecclesiastica
2412 2412 2559 2476 uni-

258 2512 469 2594 versa,
511 2514 670 2576 torn.
703 2506 786 2591 V,
819 2529 965 2597 pag.
998 2505 1084 2575 39
1105 2535 1124 2595 3
1155 2506 1308 2575 edit.
1345 2506 1577 2576 Venet.
1627 2508 1852 2600 1790.)

348 2615 436 2685 Ut
479 2616 707 2706 probet
746 2615 973 2682 citatus
1015 2619 1239 2708 auctor
1281 2614 1456 2704 quod
1494 2614 1588 2681 ibi
1626 2616 1933 2704 affirmat,
1972 2616 2271 2710 Episcopi
2318 2642 2555 2711 nempe

260 2728 435 2812 jussa
462 2728 600 2790 rata
627 2726 814 2789 antea
830 2742 963 2788 non
988 2721 1183 2789 fuisse
1207 2743 1406 2811 quam
1434 2722 1802 2790 accessisset
1825 2745 2119 2793 assensus
2147 2727 2551 2816 presbyterii,

268 2830 534 2897 remittit
573 2828 653 2896 ad
695 2826 883 2917 plura
924 2828 1135 2917 operis
1188 2828 1291 2894 sui
1339 2826 1501 2895 loca.
1554 2826 1641 2894 At
1689 2849 1840 2895 vero
1895 2830 2034 2897 haec
2082 2832 2210 2897 nisi
2263 2837 2448 2897 caute
2499 2840 2559 2897 et

271 2938 591 3022 praeeunte
628 2932 1086 2999 definitionum
1132 2931 1438 2999 Ecclesiae
1485 2932 1621 2998 face
1662 2932 1812 3019 quis
1836 2934 2113 3020 accipiat
2138 2939 2324 3021 atque
2354 2935 2556 3004 inter-

272 3045 573 3127 pretetur,
608 3036 978 3128 periculum
1003 3037 1063 3102 ei
1091 3036 1397 3102 imminet
1420 3057 1502 3101 ne
1532 3035 1599 3101 in
1621 3034 2056 3103 certissimum
2086 3042 2148 3104 et
2171 3038 2552 3112 damnatum

273 3168 551 3214 errorem
597 3143 984 3234 abripiatur,
1032 3163 1162 3230 quo
1204 3140 1562 3229 negabatur
1601 3139 1905 3231 Episcopi
1933 3164 2129 3233 supra
2152 3145 2554 3235 presbyteros

274 3270 341 3316 ex
370 3251 593 3319 divina
616 3249 1024 3317 ordinatione
1048 3247 1504 3338 superioritas3
1528 3248 1704 3337 quod
1724 3248 1796 3315 in
1820 3254 2091 3317 tractatu
2121 3249 2201 3319 de
2221 3253 2553 3347 Episcopo

275 3355 487 3424 sedulo
514 3356 938 3424 ostendimus,
971 3351 1106 3421 Nec
1134 3352 1405 3421 audacia
1431 3360 1603 3421 caret
1624 3376 1900 3423 asserere
1924 3357 2223 3426 ecclesias
2247 3360 2554 3450 primitus

276 3463 572 3550 exstitisse
609 3460 849 3550 absque
876 3459 1008 3527 ullo
1037 3459 1356 3549 Episcopo
1381 3481 1418 3525 a
1442 3459 1968 3548 presbyterorum
1997 3469 2254 3531 tantum
2282 3465 2553 3553 collegio

277 3567 677 3653 gubernataS‚
720 3574 781 3634 et
825 3566 1176 3656 Episcopos
1220 3565 1371 3633 dein
1396 3565 1477 3632 ab
1499 3567 1787 3656 ejusdem
1822 3570 2204 3657 presbyterii
2236 3592 2550 3638 consensu

276 3674 461 3743 fuisse
498 3677 568 3742 in
598 3680 729 3743 toto
756 3672 1046 3740 dioecesis
1081 3673 1401 3759 regimine
1436 3675 1885 3764 dependentes.

361 3781 611 3847 Tertius
649 3790 870 3846 status
901 3799 925 3841 .·
958 3800 992 3839 (ι
1020 3773 1205 3842 Finis
1238 3775 1452 3841 saeculi
1483 3798 1553 3840 ιιι
1586 3778 1855 3842 initium
1886 3777 2100 3843 attulit
2127 3777 2312 3846 tertio
2339 3780 2549 3850 eccle-

283 3911 314 3949 «
338 3887 583 3955 siarum
629 3884 844 3953 statui.
897 3882 1204 3951 Vertente
1256 3880 1490 3949 saeculo
1540 3902 1654 3979 ιιι,
1707 3882 1778 3948 in
1843 3882 2119 3971 singulis
2168 3884 2549 3957 dioecesibus

285 3992 843 4060 «christianorum
892 4010 1208 4056 numerus
1252 3988 1410 4056 adeo
1462 3991 1769 4071 creverat,
1820 3995 1894 4055 ut
1928 3990 2124 4059 unius
2172 3995 2396 4085 templi
2436 4018 2549 4062 an-

285 4123 314 4160 «
341 4099 566 4188 gustiae
623 4118 730 4165 eos
788 4116 1014 4185 capere
1079 4115 1213 4162 non
1274 4094 1561 4184 amplius
1610 4101 1889 4185 possent.
1947 4094 2020 4164 In
2076 4097 2143 4165 id
2198 4101 2399 4190 igitur
2448 4124 2549 4171 res

288 4206 654 4284 «redierat,
716 4208 791 4270 ut
837 4223 1090 4270 necesse
1146 4200 1342 4268 fuerit
1394 4201 1815 4270 ecclesiarum
1880 4226 2238 4274 numerum
2290 4209 2539 4297 augeri.

286 4308 777 4391 «Quamobrem
841 4329 973 4375 non
1032 4306 1320 4397 amplius
1372 4305 1444 4372 in
1496 4307 1770 4397 singulis
1836 4309 2220 4378 dioecesibus
2274 4308 2549 4395 singulae

288 4440 317 4478 «
341 4418 641 4503 ecclesiae,
693 4415 804 4485 sed
857 4414 929 4482 in
974 4434 1106 4481 una
1159 4412 1512 4501 eademque
1556 4412 1839 4502 dioecesi,
1886 4421 2078 4504 atque
2103 4475 2104 4478 ,
2129 4415 2285 4481 adeo
2322 4414 2391 4475 in
2418 4428 2549 4473 una
