<?xml version="1.0" encoding="UTF-8"?>
<!DOCTYPE html PUBLIC "-//W3C//DTD XHTML 1.0 Transitional//EN"
    "http://www.w3.org/TR/xhtml1/DTD/xhtml1-transitional.dtd">
<html xmlns="http://www.w3.org/1999/xhtml" xml:lang="en" lang="en">
 <head>
  <title>
</title>
<meta http-equiv="Content-Type" content="text/html;charset=utf-8" />
  <meta name='ocr-system' content='tesseract 3.04.00' />
  <meta name='ocr-capabilities' content='ocr_page ocr_carea ocr_par ocr_line ocrx_word'/>
</head>
<body>
  <div class='ocr_page' id='page_1' title='image "./tractatusdecapi00bouigoog_0342.png"; bbox 0 0 2930 4982; ppageno 0'>
   <div class='ocr_carea' id='block_1_1' title="bbox 353 295 1682 352">
    <p class='ocr_par' dir='ltr' id='par_1_1' title="bbox 353 295 1682 352">
     <span class='ocr_line' id='line_1_1' title="bbox 353 295 1682 352; baseline -0.002 -1"><span class='ocrx_word' id='word_1_1' title='bbox 353 295 426 352; x_wconf 82' lang='lat'>31</span> <span class='ocrx_word' id='word_1_2' title='bbox 442 295 480 351; x_wconf 87' lang='grc'>0</span> <span class='ocrx_word' id='word_1_3' title='bbox 1339 301 1682 349; x_wconf 70' lang='grc' dir='ltr'>τιιΑῦτΑτῦε</span> 
     </span>
    </p>
   </div>
   <div class='ocr_carea' id='block_1_2' title="bbox 351 420 2681 4430">
    <p class='ocr_par' dir='ltr' id='par_1_2' title="bbox 351 420 2681 1153">
     <span class='ocr_line' id='line_1_2' title="bbox 354 420 2640 515; baseline -0.001 -22"><span class='ocrx_word' id='word_1_4' title='bbox 354 424 508 493; x_wconf 83' lang='lat' dir='ltr'>chez</span> <span class='ocrx_word' id='word_1_5' title='bbox 538 423 636 515; x_wconf 82' lang='lat' dir='ltr'>(ln</span> <span class='ocrx_word' id='word_1_6' title='bbox 684 445 895 509; x_wconf 65' lang='lat' dir='ltr'>cous,</span> <span class='ocrx_word' id='word_1_7' title='bbox 926 422 973 489; x_wconf 92' lang='lat' dir='ltr'>l.</span> <span class='ocrx_word' id='word_1_8' title='bbox 1018 422 1128 508; x_wconf 91' lang='lat'>11,</span> <span class='ocrx_word' id='word_1_9' title='bbox 1161 441 1220 488; x_wconf 87' lang='lat' dir='ltr'>c.</span> <span class='ocrx_word' id='word_1_10' title='bbox 1251 421 1317 505; x_wconf 95' lang='grc'>2,</span> <span class='ocrx_word' id='word_1_11' title='bbox 1349 420 1511 489; x_wconf 91' lang='lat' dir='ltr'>dub.</span> <span class='ocrx_word' id='word_1_12' title='bbox 1542 422 1678 513; x_wconf 87' lang='lat'><strong>97).</strong></span> <span class='ocrx_word' id='word_1_13' title='bbox 1711 422 1905 505; x_wconf 83' lang='lat' dir='ltr'><strong>Sciat,</strong></span> <span class='ocrx_word' id='word_1_14' title='bbox 1936 423 2237 512; x_wconf 82' lang='lat' dir='ltr'>inquam,</span> <span class='ocrx_word' id='word_1_15' title='bbox 2264 423 2405 491; x_wconf 85' lang='lat' dir='ltr'>haec</span> <span class='ocrx_word' id='word_1_16' title='bbox 2435 446 2452 492; x_wconf 76' lang='lat' dir='ltr'><strong><em>z</em></strong></span> <span class='ocrx_word' id='word_1_17' title='bbox 2482 444 2640 491; x_wconf 84' lang='lat' dir='ltr'>nam</span> 
     </span>
     <span class='ocr_line' id='line_1_3' title="bbox 353 529 2641 621; baseline -0 -23"><span class='ocrx_word' id='word_1_18' title='bbox 353 531 650 621; x_wconf 81' lang='lat' dir='ltr'>quamvis</span> <span class='ocrx_word' id='word_1_19' title='bbox 679 530 915 598; x_wconf 89' lang='lat' dir='ltr'>melius</span> <span class='ocrx_word' id='word_1_20' title='bbox 944 529 1027 596; x_wconf 90' lang='lat' dir='ltr'>sit</span> <span class='ocrx_word' id='word_1_21' title='bbox 1061 533 1136 595; x_wconf 87' lang='lat' dir='ltr'>ut</span> <span class='ocrx_word' id='word_1_22' title='bbox 1163 548 1237 595; x_wconf 86' lang='lat' dir='ltr'>ea</span> <span class='ocrx_word' id='word_1_23' title='bbox 1273 529 1577 618; x_wconf 87' lang='lat' dir='ltr'>opinione</span> <span class='ocrx_word' id='word_1_24' title='bbox 1603 530 1899 598; x_wconf 81' lang='lat' dir='ltr'>canonici</span> <span class='ocrx_word' id='word_1_25' title='bbox 1928 551 2061 598; x_wconf 87' lang='lat' dir='ltr'>non</span> <span class='ocrx_word' id='word_1_26' title='bbox 2092 535 2378 613; x_wconf 79' lang='lat' dir='ltr'>utantur,</span> <span class='ocrx_word' id='word_1_27' title='bbox 2426 536 2641 598; x_wconf 78' lang='lat' dir='ltr'>temen</span> 
     </span>
     <span class='ocr_line' id='line_1_4' title="bbox 351 635 2637 730; baseline -0.002 -21"><span class='ocrx_word' id='word_1_28' title='bbox 351 639 710 730; x_wconf 87' lang='lat' dir='ltr'>Episcopus</span> <span class='ocrx_word' id='word_1_29' title='bbox 734 658 866 705; x_wconf 90' lang='lat' dir='ltr'>non</span> <span class='ocrx_word' id='word_1_30' title='bbox 893 635 1082 704; x_wconf 89' lang='lat' dir='ltr'>debet</span> <span class='ocrx_word' id='word_1_31' title='bbox 1104 656 1362 725; x_wconf 82' lang='lat' dir='ltr'><strong>semper</strong></span> <span class='ocrx_word' id='word_1_32' title='bbox 1380 635 1797 726; x_wconf 82' lang='lat' dir='ltr'>rigidioribus</span> <span class='ocrx_word' id='word_1_33' title='bbox 1811 636 2237 727; x_wconf 88' lang='lat' dir='ltr'>opinionibus</span> <span class='ocrx_word' id='word_1_34' title='bbox 2264 636 2637 705; x_wconf 74' lang='lat' dir='ltr'>adhaerere:</span> 
     </span>
     <span class='ocr_line' id='line_1_5' title="bbox 353 740 2681 836; baseline -0.003 -21"><span class='ocrx_word' id='word_1_35' title='bbox 353 745 677 836; x_wconf 77' lang='lat' dir='ltr'>siquidem</span> <span class='ocrx_word' id='word_1_36' title='bbox 725 763 910 811; x_wconf 90' lang='lat' dir='ltr'>nosse</span> <span class='ocrx_word' id='word_1_37' title='bbox 951 740 1165 825; x_wconf 85' lang='lat' dir='ltr'>debet,</span> <span class='ocrx_word' id='word_1_38' title='bbox 1199 742 1631 830; x_wconf 80' lang='lat' dir='ltr'>promptiora</span> <span class='ocrx_word' id='word_1_39' title='bbox 1661 763 1789 809; x_wconf 85' lang='lat' dir='ltr'>esse</span> <span class='ocrx_word' id='word_1_40' title='bbox 1811 742 1983 832; x_wconf 84' lang='lat' dir='ltr'>jura</span> <span class='ocrx_word' id='word_1_41' title='bbox 2029 740 2126 809; x_wconf 88' lang='lat' dir='ltr'>ad</span> <span class='ocrx_word' id='word_1_42' title='bbox 2158 741 2640 811; x_wconf 87' lang='lat' dir='ltr'>absolvendum</span> <span class='ocrx_word' id='word_1_43' title='bbox 2678 783 2681 784; x_wconf 30' lang='lat' dir='ltr'><em>f</em></span> 
     </span>
     <span class='ocr_line' id='line_1_6' title="bbox 353 844 2639 945; baseline -0.003 -26"><span class='ocrx_word' id='word_1_44' title='bbox 353 872 558 945; x_wconf 83' lang='lat' dir='ltr'>quam</span> <span class='ocrx_word' id='word_1_45' title='bbox 605 847 702 917; x_wconf 88' lang='lat' dir='ltr'>ad</span> <span class='ocrx_word' id='word_1_46' title='bbox 742 844 1324 916; x_wconf 84' lang='lat' dir='ltr'>condemnandum</span> <span class='ocrx_word' id='word_1_47' title='bbox 1372 846 1537 937; x_wconf 81' lang='lat' dir='ltr'>(cap.</span> <span class='ocrx_word' id='word_1_48' title='bbox 1583 849 1700 914; x_wconf 73' lang='lat' dir='ltr'>Eae</span> <span class='ocrx_word' id='word_1_49' title='bbox 1756 847 2032 935; x_wconf 76' lang='lat' dir='ltr'>litteris,</span> <span class='ocrx_word' id='word_1_50' title='bbox 2089 847 2183 917; x_wconf 89' lang='lat' dir='ltr'>De</span> <span class='ocrx_word' id='word_1_51' title='bbox 2247 847 2559 940; x_wconf 83' lang='lat' dir='ltr'>probat.).</span> <span class='ocrx_word' id='word_1_52' title='bbox 2604 874 2639 913; x_wconf 85' lang='lat'>»</span> 
     </span>
     <span class='ocr_line' id='line_1_7' title="bbox 356 950 2643 1049; baseline -0.001 -24"><span class='ocrx_word' id='word_1_53' title='bbox 356 955 789 1049; x_wconf 84' lang='lat' dir='ltr'>(Andreucci‚</span> <span class='ocrx_word' id='word_1_54' title='bbox 833 956 928 1019; x_wconf 92' lang='lat' dir='ltr'>De</span> <span class='ocrx_word' id='word_1_55' title='bbox 980 950 1223 1018; x_wconf 88' lang='lat' dir='ltr'>tuenda</span> <span class='ocrx_word' id='word_1_56' title='bbox 1253 974 1419 1042; x_wconf 90' lang='lat' dir='ltr'>pace</span> <span class='ocrx_word' id='word_1_57' title='bbox 1460 953 1640 1020; x_wconf 88' lang='lat' dir='ltr'>inter</span> <span class='ocrx_word' id='word_1_58' title='bbox 1690 953 2111 1045; x_wconf 79' lang='lat' dir='ltr'>Episcopum</span> <span class='ocrx_word' id='word_1_59' title='bbox 2139 968 2202 1022; x_wconf 91' lang='lat' dir='ltr'>et</span> <span class='ocrx_word' id='word_1_60' title='bbox 2232 955 2643 1046; x_wconf 89' lang='lat' dir='ltr'>capitulum,</span> 
     </span>
     <span class='ocr_line' id='line_1_8' title="bbox 357 1057 1133 1153; baseline -0.005 -24"><span class='ocrx_word' id='word_1_61' title='bbox 357 1082 504 1153; x_wconf 83' lang='lat' dir='ltr'>pars</span> <span class='ocrx_word' id='word_1_62' title='bbox 528 1061 605 1144; x_wconf 89' lang='grc'>2,</span> <span class='ocrx_word' id='word_1_63' title='bbox 638 1081 697 1127; x_wconf 90' lang='lat' dir='ltr'>c.</span> <span class='ocrx_word' id='word_1_64' title='bbox 738 1060 802 1136; x_wconf 87' lang='lat'>1,</span> <span class='ocrx_word' id='word_1_65' title='bbox 835 1081 902 1125; x_wconf 92' lang='lat' dir='ltr'>n.</span> <span class='ocrx_word' id='word_1_66' title='bbox 943 1057 1133 1147; x_wconf 86' lang='grc'>101.)</span> 
     </span>
    </p>

    <p class='ocr_par' dir='ltr' id='par_1_3' title="bbox 354 1164 2653 1446">
     <span class='ocr_line' id='line_1_9' title="bbox 449 1164 2649 1235; baseline 0 -1"><span class='ocrx_word' id='word_1_67' title='bbox 449 1187 725 1234; x_wconf 61' lang='lat' dir='ltr'>punctum</span> <span class='ocrx_word' id='word_1_68' title='bbox 774 1187 838 1231; x_wconf 86' lang='lat' dir='ltr'>n.</span> <span class='ocrx_word' id='word_1_69' title='bbox 877 1201 969 1216; x_wconf 89' lang='lat'>—-</span> <span class='ocrx_word' id='word_1_70' title='bbox 1018 1165 1256 1232; x_wconf 86' lang='lat' dir='ltr'>Causae</span> <span class='ocrx_word' id='word_1_71' title='bbox 1283 1164 1383 1229; x_wconf 86' lang='lat' dir='ltr'>ita</span> <span class='ocrx_word' id='word_1_72' title='bbox 1430 1176 1819 1233; x_wconf 75' lang='lat' dir='ltr'><em>excusantes</em></span> <span class='ocrx_word' id='word_1_73' title='bbox 1856 1178 1934 1233; x_wconf 91' lang='lat' dir='ltr'>ut</span> <span class='ocrx_word' id='word_1_74' title='bbox 1964 1177 2187 1233; x_wconf 88' lang='lat' dir='ltr'>tamen</span> <span class='ocrx_word' id='word_1_75' title='bbox 2237 1167 2468 1235; x_wconf 83' lang='lat' dir='ltr'>absens</span> <span class='ocrx_word' id='word_1_76' title='bbox 2518 1190 2649 1234; x_wconf 89' lang='lat' dir='ltr'>non</span> 
     </span>
     <span class='ocr_line' id='line_1_10' title="bbox 357 1267 2653 1364; baseline -0.001 -25"><span class='ocrx_word' id='word_1_77' title='bbox 357 1271 653 1340; x_wconf 83' lang='lat' dir='ltr'>lucretur</span> <span class='ocrx_word' id='word_1_78' title='bbox 667 1268 1193 1337; x_wconf 84' lang='lat' dir='ltr'>distributiones.</span> <span class='ocrx_word' id='word_1_79' title='bbox 1226 1267 1597 1364; x_wconf 83' lang='lat' dir='ltr'>Praebendae</span> <span class='ocrx_word' id='word_1_80' title='bbox 1648 1275 1905 1339; x_wconf 82' lang='lat' dir='ltr'>tantum</span> <span class='ocrx_word' id='word_1_81' title='bbox 1954 1271 2206 1338; x_wconf 83' lang='lat' dir='ltr'>fructus</span> <span class='ocrx_word' id='word_1_82' title='bbox 2235 1278 2296 1339; x_wconf 85' lang='lat' dir='ltr'>et</span> <span class='ocrx_word' id='word_1_83' title='bbox 2340 1294 2479 1340; x_wconf 89' lang='lat' dir='ltr'>non</span> <span class='ocrx_word' id='word_1_84' title='bbox 2527 1272 2653 1340; x_wconf 88' lang='lat' dir='ltr'>dis-</span> 
     </span>
     <span class='ocr_line' id='line_1_11' title="bbox 354 1374 1658 1446; baseline -0.002 -1"><span class='ocrx_word' id='word_1_85' title='bbox 354 1377 741 1446; x_wconf 79' lang='lat' dir='ltr'>tributiones</span> <span class='ocrx_word' id='word_1_86' title='bbox 790 1375 1132 1442; x_wconf 87' lang='lat' dir='ltr'>lucrantur</span> <span class='ocrx_word' id='word_1_87' title='bbox 1188 1374 1348 1440; x_wconf 88' lang='lat' dir='ltr'>dum</span> <span class='ocrx_word' id='word_1_88' title='bbox 1377 1374 1658 1443; x_wconf 84' lang='lat' dir='ltr'>absunt:</span> 
     </span>
    </p>

    <p class='ocr_par' dir='ltr' id='par_1_4' title="bbox 357 1477 2661 2524">
     <span class='ocr_line' id='line_1_12' title="bbox 454 1477 2655 1571; baseline -0.001 -21"><span class='ocrx_word' id='word_1_89' title='bbox 454 1484 518 1550; x_wconf 81' lang='lat'>1⁰</span> <span class='ocrx_word' id='word_1_90' title='bbox 547 1481 693 1550; x_wconf 93' lang='lat' dir='ltr'>Duo</span> <span class='ocrx_word' id='word_1_91' title='bbox 728 1479 1017 1548; x_wconf 82' lang='lat' dir='ltr'>canonici</span> <span class='ocrx_word' id='word_1_92' title='bbox 1044 1477 1218 1568; x_wconf 86' lang='lat' dir='ltr'>apud</span> <span class='ocrx_word' id='word_1_93' title='bbox 1245 1478 1637 1568; x_wconf 83' lang='lat' dir='ltr'>Episcopum</span> <span class='ocrx_word' id='word_1_94' title='bbox 1675 1502 1794 1571; x_wconf 93' lang='lat' dir='ltr'>pro</span> <span class='ocrx_word' id='word_1_95' title='bbox 1820 1482 2023 1571; x_wconf 89' lang='lat' dir='ltr'>ipsius</span> <span class='ocrx_word' id='word_1_96' title='bbox 2046 1486 2108 1547; x_wconf 86' lang='lat' dir='ltr'>et</span> <span class='ocrx_word' id='word_1_97' title='bbox 2139 1480 2430 1548; x_wconf 86' lang='lat' dir='ltr'>dioecesis</span> <span class='ocrx_word' id='word_1_98' title='bbox 2463 1482 2655 1549; x_wconf 85' lang='lat' dir='ltr'>utili-</span> 
     </span>
     <span class='ocr_line' id='line_1_13' title="bbox 360 1585 2659 1674; baseline -0.002 -17"><span class='ocrx_word' id='word_1_99' title='bbox 360 1595 484 1658; x_wconf 80' lang='lat' dir='ltr'>tate</span> <span class='ocrx_word' id='word_1_100' title='bbox 503 1587 742 1656; x_wconf 85' lang='lat' dir='ltr'>detenti</span> <span class='ocrx_word' id='word_1_101' title='bbox 770 1610 786 1653; x_wconf 90' lang='lat'><strong>:</strong></span> <span class='ocrx_word' id='word_1_102' title='bbox 813 1588 1025 1652; x_wconf 89' lang='lat' dir='ltr'>Sacra</span> <span class='ocrx_word' id='word_1_103' title='bbox 1057 1586 1510 1674; x_wconf 77' lang='lat' dir='ltr'>Conqreqatio</span> <span class='ocrx_word' id='word_1_104' title='bbox 1536 1587 1815 1668; x_wconf 85' lang='lat' dir='ltr'>censuit,</span> <span class='ocrx_word' id='word_1_105' title='bbox 1833 1585 2179 1654; x_wconf 86' lang='lat' dir='ltr'>canonicos</span> <span class='ocrx_word' id='word_1_106' title='bbox 2203 1586 2659 1653; x_wconf 82' lang='lat' dir='ltr'>inservientes</span> 
     </span>
     <span class='ocr_line' id='line_1_14' title="bbox 357 1681 2661 1781; baseline -0.001 -21"><span class='ocrx_word' id='word_1_107' title='bbox 357 1692 694 1781; x_wconf 81' lang='lat' dir='ltr'>Episcopo</span> <span class='ocrx_word' id='word_1_108' title='bbox 724 1690 978 1758; x_wconf 89' lang='lat' dir='ltr'>lucrari</span> <span class='ocrx_word' id='word_1_109' title='bbox 1011 1691 1276 1779; x_wconf 86' lang='lat' dir='ltr'>fructus</span> <span class='ocrx_word' id='word_1_110' title='bbox 1290 1690 1838 1780; x_wconf 70' lang='lat' dir='ltr'>praebendarum,</span> <span class='ocrx_word' id='word_1_111' title='bbox 1866 1715 2003 1758; x_wconf 90' lang='lat' dir='ltr'>non</span> <span class='ocrx_word' id='word_1_112' title='bbox 2027 1703 2253 1757; x_wconf 90' lang='lat' dir='ltr'>autem</span> <span class='ocrx_word' id='word_1_113' title='bbox 2291 1681 2661 1778; x_wconf 75' lang='lat' dir='ltr'>quotidia-</span> 
     </span>
     <span class='ocr_line' id='line_1_15' title="bbox 358 1793 2658 1885; baseline -0.001 -20"><span class='ocrx_word' id='word_1_114' title='bbox 358 1818 483 1865; x_wconf 89' lang='lat' dir='ltr'>nas</span> <span class='ocrx_word' id='word_1_115' title='bbox 518 1795 1033 1863; x_wconf 79' lang='lat' dir='ltr'>distributiones</span> <span class='ocrx_word' id='word_1_116' title='bbox 1064 1793 1263 1885; x_wconf 85' lang='lat' dir='ltr'>(anno</span> <span class='ocrx_word' id='word_1_117' title='bbox 1301 1795 1499 1879; x_wconf 83' lang='grc'>1587,</span> <span class='ocrx_word' id='word_1_118' title='bbox 1539 1798 1607 1864; x_wconf 89' lang='lat' dir='ltr'>in</span> <span class='ocrx_word' id='word_1_119' title='bbox 1638 1796 2036 1877; x_wconf 84' lang='lat' dir='ltr'>Coloniensi,</span> <span class='ocrx_word' id='word_1_120' title='bbox 2080 1795 2248 1862; x_wconf 90' lang='lat' dir='ltr'>libro</span> <span class='ocrx_word' id='word_1_121' title='bbox 2272 1817 2337 1862; x_wconf 85' lang='lat' dir='ltr'>1v</span> <span class='ocrx_word' id='word_1_122' title='bbox 2362 1795 2658 1863; x_wconf 80' lang='lat' dir='ltr'>decreto-</span> 
     </span>
     <span class='ocr_line' id='line_1_16' title="bbox 359 1898 2649 1993; baseline -0.001 -23"><span class='ocrx_word' id='word_1_123' title='bbox 359 1925 539 1988; x_wconf 88' lang='lat' dir='ltr'>rum,</span> <span class='ocrx_word' id='word_1_124' title='bbox 569 1925 636 1993; x_wconf 88' lang='lat' dir='ltr'>p.</span> <span class='ocrx_word' id='word_1_125' title='bbox 670 1901 851 1992; x_wconf 86' lang='lat'>317).</span> <span class='ocrx_word' id='word_1_126' title='bbox 885 1901 965 1969; x_wconf 84' lang='lat' dir='ltr'>Et</span> <span class='ocrx_word' id='word_1_127' title='bbox 994 1902 1149 1969; x_wconf 84' lang='lat' dir='ltr'>item</span> <span class='ocrx_word' id='word_1_128' title='bbox 1181 1906 1421 1970; x_wconf 78' lang='lat' dir='ltr'>iterum</span> <span class='ocrx_word' id='word_1_129' title='bbox 1451 1901 1953 1992; x_wconf 64' lang='lat' dir='ltr'>decisumfibid.</span> <span class='ocrx_word' id='word_1_130' title='bbox 1991 1900 2161 1969; x_wconf 89' lang='lat' dir='ltr'>libro</span> <span class='ocrx_word' id='word_1_131' title='bbox 2178 1923 2334 1986; x_wconf 68' lang='grc' dir='ltr'>ΗΧ,</span> <span class='ocrx_word' id='word_1_132' title='bbox 2365 1923 2431 1990; x_wconf 89' lang='lat' dir='ltr'>p.</span> <span class='ocrx_word' id='word_1_133' title='bbox 2464 1898 2649 1991; x_wconf 81' lang='lat'>301).</span> 
     </span>
     <span class='ocr_line' id='line_1_17' title="bbox 361 2006 2651 2099; baseline -0.002 -22"><span class='ocrx_word' id='word_1_134' title='bbox 361 2008 431 2077; x_wconf 90' lang='lat' dir='ltr'>Si</span> <span class='ocrx_word' id='word_1_135' title='bbox 453 2015 669 2078; x_wconf 78' lang='lat' dir='ltr'>tamen</span> <span class='ocrx_word' id='word_1_136' title='bbox 697 2008 1056 2099; x_wconf 81' lang='lat' dir='ltr'>Episcopus</span> <span class='ocrx_word' id='word_1_137' title='bbox 1083 2030 1297 2076; x_wconf 92' lang='lat' dir='ltr'>unum</span> <span class='ocrx_word' id='word_1_138' title='bbox 1332 2031 1410 2076; x_wconf 87' lang='lat' dir='ltr'>ex</span> <span class='ocrx_word' id='word_1_139' title='bbox 1448 2008 1578 2077; x_wconf 91' lang='lat' dir='ltr'>illis</span> <span class='ocrx_word' id='word_1_140' title='bbox 1609 2010 1891 2077; x_wconf 86' lang='lat' dir='ltr'>mitteret</span> <span class='ocrx_word' id='word_1_141' title='bbox 1918 2007 2191 2076; x_wconf 87' lang='lat' dir='ltr'>Romam</span> <span class='ocrx_word' id='word_1_142' title='bbox 2225 2006 2306 2074; x_wconf 85' lang='lat' dir='ltr'>ad</span> <span class='ocrx_word' id='word_1_143' title='bbox 2334 2006 2651 2074; x_wconf 81' lang='lat' dir='ltr'>visitatio-</span> 
     </span>
     <span class='ocr_line' id='line_1_18' title="bbox 362 2112 2651 2194; baseline -0.002 -11"><span class='ocrx_word' id='word_1_144' title='bbox 362 2137 515 2183; x_wconf 90' lang='lat' dir='ltr'>nem</span> <span class='ocrx_word' id='word_1_145' title='bbox 537 2136 867 2183; x_wconf 84' lang='lat' dir='ltr'>sacrorum</span> <span class='ocrx_word' id='word_1_146' title='bbox 886 2112 1227 2194; x_wconf 85' lang='lat' dir='ltr'>liminum,</span> <span class='ocrx_word' id='word_1_147' title='bbox 1245 2116 1346 2182; x_wconf 87' lang='lat' dir='ltr'>vel</span> <span class='ocrx_word' id='word_1_148' title='bbox 1365 2115 1590 2182; x_wconf 82' lang='lat' dir='ltr'>ambos</span> <span class='ocrx_word' id='word_1_149' title='bbox 1607 2137 1832 2183; x_wconf 91' lang='lat' dir='ltr'>secum</span> <span class='ocrx_word' id='word_1_150' title='bbox 1856 2114 2138 2193; x_wconf 87' lang='lat' dir='ltr'>duceret,</span> <span class='ocrx_word' id='word_1_151' title='bbox 2166 2113 2651 2181; x_wconf 77' lang='lat' dir='ltr'>distributiones</span> 
     </span>
     <span class='ocr_line' id='line_1_19' title="bbox 362 2218 2647 2311; baseline -0.002 -22"><span class='ocrx_word' id='word_1_152' title='bbox 362 2222 773 2289; x_wconf 83' lang='lat' dir='ltr'>lucrarentur</span> <span class='ocrx_word' id='word_1_153' title='bbox 803 2273 822 2308; x_wconf 89' lang='lat'>,</span> <span class='ocrx_word' id='word_1_154' title='bbox 851 2220 1006 2311; x_wconf 85' lang='lat' dir='ltr'>quia</span> <span class='ocrx_word' id='word_1_155' title='bbox 1039 2220 1273 2289; x_wconf 79' lang='lat' dir='ltr'>rediret</span> <span class='ocrx_word' id='word_1_156' title='bbox 1299 2241 1480 2287; x_wconf 80' lang='lat' dir='ltr'>casus</span> <span class='ocrx_word' id='word_1_157' title='bbox 1508 2221 1578 2287; x_wconf 92' lang='lat' dir='ltr'>in</span> <span class='ocrx_word' id='word_1_158' title='bbox 1615 2221 1997 2310; x_wconf 81' lang='lat' dir='ltr'>praecedenti</span> <span class='ocrx_word' id='word_1_159' title='bbox 2027 2225 2270 2311; x_wconf 78' lang='lat' dir='ltr'>puncto</span> <span class='ocrx_word' id='word_1_160' title='bbox 2294 2230 2366 2286; x_wconf 87' lang='lat' dir='ltr'>n⁰</span> <span class='ocrx_word' id='word_1_161' title='bbox 2399 2219 2509 2287; x_wconf 90' lang='grc'>17.</span> <span class='ocrx_word' id='word_1_162' title='bbox 2543 2218 2647 2309; x_wconf 81' lang='lat' dir='ltr'>(ita</span> 
     </span>
     <span class='ocr_line' id='line_1_20' title="bbox 366 2325 2643 2410; baseline -0.002 -14"><span class='ocrx_word' id='word_1_163' title='bbox 366 2329 553 2396; x_wconf 84' lang='lat' dir='ltr'>docet</span> <span class='ocrx_word' id='word_1_164' title='bbox 587 2327 974 2395; x_wconf 75' lang='lat' dir='ltr'>Benedictus</span> <span class='ocrx_word' id='word_1_165' title='bbox 1002 2326 1180 2405; x_wconf 81' lang='lat' dir='ltr'>xlv,</span> <span class='ocrx_word' id='word_1_166' title='bbox 1237 2325 1709 2393; x_wconf 82' lang='lat' dir='ltr'>Institutiones</span> <span class='ocrx_word' id='word_1_167' title='bbox 1754 2326 2230 2410; x_wconf 63' lang='lat' dir='ltr'>ecclesiasticae,</span> <span class='ocrx_word' id='word_1_168' title='bbox 2283 2327 2433 2395; x_wconf 91' lang='lat' dir='ltr'>inst.</span> <span class='ocrx_word' id='word_1_169' title='bbox 2499 2327 2643 2408; x_wconf 88' lang='lat'>107,</span> 
     </span>
     <span class='ocr_line' id='line_1_21' title="bbox 364 2432 783 2524; baseline -0.002 -25"><span class='ocrx_word' id='word_1_170' title='bbox 364 2432 406 2521; x_wconf 68' lang='grc' dir='ltr'>ἓ</span> <span class='ocrx_word' id='word_1_171' title='bbox 435 2433 500 2516; x_wconf 88' lang='grc'>9,</span> <span class='ocrx_word' id='word_1_172' title='bbox 536 2454 606 2500; x_wconf 90' lang='lat' dir='ltr'>n.</span> <span class='ocrx_word' id='word_1_173' title='bbox 642 2432 783 2524; x_wconf 85' lang='lat'>59.)</span> 
     </span>
    </p>

    <p class='ocr_par' dir='ltr' id='par_1_5' title="bbox 366 2537 2652 3159">
     <span class='ocr_line' id='line_1_22' title="bbox 454 2537 2640 2630; baseline 0.001 -27"><span class='ocrx_word' id='word_1_174' title='bbox 454 2537 523 2602; x_wconf 71' lang='grc' dir='ltr'>2ο</span> <span class='ocrx_word' id='word_1_175' title='bbox 564 2537 929 2604; x_wconf 85' lang='lat' dir='ltr'>Canonicus</span> <span class='ocrx_word' id='word_1_176' title='bbox 967 2538 1084 2625; x_wconf 90' lang='lat' dir='ltr'>qui</span> <span class='ocrx_word' id='word_1_177' title='bbox 1132 2538 1329 2605; x_wconf 88' lang='lat' dir='ltr'>simul</span> <span class='ocrx_word' id='word_1_178' title='bbox 1377 2542 1510 2623; x_wconf 83' lang='lat' dir='ltr'>agit</span> <span class='ocrx_word' id='word_1_179' title='bbox 1548 2540 1868 2608; x_wconf 79' lang='lat' dir='ltr'>vicarium</span> <span class='ocrx_word' id='word_1_180' title='bbox 1902 2541 2271 2630; x_wconf 80' lang='lat' dir='ltr'>generalem</span> <span class='ocrx_word' id='word_1_181' title='bbox 2316 2538 2640 2628; x_wconf 89' lang='lat' dir='ltr'>Episcopi.</span> 
     </span>
     <span class='ocr_line' id='line_1_23' title="bbox 369 2641 2649 2735; baseline 0 -27"><span class='ocrx_word' id='word_1_182' title='bbox 369 2641 581 2708; x_wconf 85' lang='lat' dir='ltr'>Sacra</span> <span class='ocrx_word' id='word_1_183' title='bbox 621 2642 1066 2731; x_wconf 76' lang='lat' dir='ltr'>Conqreqatio</span> <span class='ocrx_word' id='word_1_184' title='bbox 1107 2643 1483 2733; x_wconf 88' lang='lat' dir='ltr'>respondit,</span> <span class='ocrx_word' id='word_1_185' title='bbox 1527 2647 1947 2714; x_wconf 60' lang='lat' dir='ltr'>canonicum«</span> <span class='ocrx_word' id='word_1_186' title='bbox 1973 2647 2440 2714; x_wconf 80' lang='lat' dir='ltr'>inservientem</span> <span class='ocrx_word' id='word_1_187' title='bbox 2480 2642 2649 2735; x_wconf 83' lang='lat' dir='ltr'>Epi-</span> 
     </span>
     <span class='ocr_line' id='line_1_24' title="bbox 366 2746 2652 2843; baseline 0 -28"><span class='ocrx_word' id='word_1_188' title='bbox 366 2768 557 2838; x_wconf 85' lang='lat' dir='ltr'>scopo</span> <span class='ocrx_word' id='word_1_189' title='bbox 589 2746 666 2815; x_wconf 88' lang='lat' dir='ltr'>in</span> <span class='ocrx_word' id='word_1_190' title='bbox 689 2748 920 2839; x_wconf 79' lang='lat' dir='ltr'>officio</span> <span class='ocrx_word' id='word_1_191' title='bbox 948 2747 1220 2831; x_wconf 82' lang='lat' dir='ltr'>vicarii,</span> <span class='ocrx_word' id='word_1_192' title='bbox 1251 2773 1386 2817; x_wconf 90' lang='lat' dir='ltr'>non</span> <span class='ocrx_word' id='word_1_193' title='bbox 1412 2750 1667 2818; x_wconf 88' lang='lat' dir='ltr'>lucrari</span> <span class='ocrx_word' id='word_1_194' title='bbox 1695 2751 2199 2821; x_wconf 85' lang='lat' dir='ltr'>distributiones</span> <span class='ocrx_word' id='word_1_195' title='bbox 2223 2750 2652 2843; x_wconf 81' lang='lat' dir='ltr'>quotidianas</span> 
     </span>
     <span class='ocr_line' id='line_1_25' title="bbox 366 2852 2644 2947; baseline 0 -27"><span class='ocrx_word' id='word_1_196' title='bbox 366 2874 491 2943; x_wconf 87' lang='lat' dir='ltr'>pro</span> <span class='ocrx_word' id='word_1_197' title='bbox 530 2853 672 2922; x_wconf 87' lang='lat' dir='ltr'>illis</span> <span class='ocrx_word' id='word_1_198' title='bbox 717 2852 971 2921; x_wconf 85' lang='lat' dir='ltr'>divinis</span> <span class='ocrx_word' id='word_1_199' title='bbox 1022 2852 1205 2920; x_wconf 74' lang='lat' dir='ltr'>boris</span> <span class='ocrx_word' id='word_1_200' title='bbox 1255 2854 1496 2945; x_wconf 86' lang='lat' dir='ltr'>quibus</span> <span class='ocrx_word' id='word_1_201' title='bbox 1541 2878 1673 2924; x_wconf 90' lang='lat' dir='ltr'>non</span> <span class='ocrx_word' id='word_1_202' title='bbox 1729 2855 2023 2923; x_wconf 87' lang='lat' dir='ltr'>intersit.</span> <span class='ocrx_word' id='word_1_203' title='bbox 2080 2855 2187 2947; x_wconf 91' lang='grc'>(17</span> <span class='ocrx_word' id='word_1_204' title='bbox 2246 2858 2389 2923; x_wconf 89' lang='lat' dir='ltr'>dec.</span> <span class='ocrx_word' id='word_1_205' title='bbox 2455 2854 2644 2939; x_wconf 87' lang='grc'>1627,</span> 
     </span>
     <span class='ocr_line' id='line_1_26' title="bbox 368 2959 2645 3051; baseline -0 -24"><span class='ocrx_word' id='word_1_206' title='bbox 368 2960 539 3029; x_wconf 88' lang='lat' dir='ltr'>libro</span> <span class='ocrx_word' id='word_1_207' title='bbox 567 2961 1137 3048; x_wconf 84' lang='lat' dir='ltr'>xm&#39;decretorum,</span> <span class='ocrx_word' id='word_1_208' title='bbox 1163 2961 1272 3030; x_wconf 81' lang='lat' dir='ltr'>fol.</span> <span class='ocrx_word' id='word_1_209' title='bbox 1305 2960 1492 3049; x_wconf 89' lang='grc'>267.)</span> <span class='ocrx_word' id='word_1_210' title='bbox 1525 2960 1617 3030; x_wconf 79' lang='lat' dir='ltr'>lta</span> <span class='ocrx_word' id='word_1_211' title='bbox 1642 2962 1836 3032; x_wconf 84' lang='lat' dir='ltr'>etiam</span> <span class='ocrx_word' id='word_1_212' title='bbox 1858 2962 2096 3031; x_wconf 83' lang='lat' dir='ltr'>iterum</span> <span class='ocrx_word' id='word_1_213' title='bbox 2118 2961 2414 3031; x_wconf 88' lang='lat' dir='ltr'>decisum</span> <span class='ocrx_word' id='word_1_214' title='bbox 2443 2959 2645 3051; x_wconf 72' lang='lat' dir='ltr'>(ibid,</span> 
     </span>
     <span class='ocr_line' id='line_1_27' title="bbox 372 3065 1175 3159; baseline 0.006 -27"><span class='ocrx_word' id='word_1_215' title='bbox 372 3065 538 3135; x_wconf 86' lang='lat' dir='ltr'>libro</span> <span class='ocrx_word' id='word_1_216' title='bbox 566 3089 772 3154; x_wconf 84' lang='lat' dir='ltr'>xxvn,</span> <span class='ocrx_word' id='word_1_217' title='bbox 804 3089 952 3158; x_wconf 82' lang='lat' dir='ltr'>pag.</span> <span class='ocrx_word' id='word_1_218' title='bbox 994 3067 1175 3159; x_wconf 89' lang='grc'>113).</span> 
     </span>
    </p>

    <p class='ocr_par' dir='ltr' id='par_1_6' title="bbox 374 3173 2653 4218">
     <span class='ocr_line' id='line_1_28' title="bbox 464 3173 2652 3267; baseline -0.001 -25"><span class='ocrx_word' id='word_1_219' title='bbox 464 3173 530 3242; x_wconf 87' lang='lat'>3⁰</span> <span class='ocrx_word' id='word_1_220' title='bbox 566 3174 981 3243; x_wconf 81' lang='lat' dir='ltr'>Examinator</span> <span class='ocrx_word' id='word_1_221' title='bbox 1018 3174 1342 3262; x_wconf 80' lang='lat' dir='ltr'>synodalis</span> <span class='ocrx_word' id='word_1_222' title='bbox 1383 3200 1400 3243; x_wconf 73' lang='grc' dir='ltr'><em>ε</em></span> <span class='ocrx_word' id='word_1_223' title='bbox 1447 3178 1556 3244; x_wconf 89' lang='lat' dir='ltr'>An</span> <span class='ocrx_word' id='word_1_224' title='bbox 1600 3177 1913 3246; x_wconf 86' lang='lat' dir='ltr'>canonici</span> <span class='ocrx_word' id='word_1_225' title='bbox 1954 3175 2076 3267; x_wconf 81' lang='lat' dir='ltr'>qui</span> <span class='ocrx_word' id='word_1_226' title='bbox 2113 3185 2274 3241; x_wconf 88' lang='lat' dir='ltr'>sunt</span> <span class='ocrx_word' id='word_1_227' title='bbox 2310 3173 2652 3241; x_wconf 72' lang='lat' dir='ltr'>examina-</span> 
     </span>
     <span class='ocr_line' id='line_1_29' title="bbox 374 3274 2652 3368; baseline 0 -26"><span class='ocrx_word' id='word_1_228' title='bbox 374 3288 542 3344; x_wconf 84' lang='lat' dir='ltr'>tores</span> <span class='ocrx_word' id='word_1_229' title='bbox 581 3278 953 3368; x_wconf 73' lang='lat' dir='ltr'>synodales,</span> <span class='ocrx_word' id='word_1_230' title='bbox 1012 3280 1075 3346; x_wconf 89' lang='lat' dir='ltr'>si</span> <span class='ocrx_word' id='word_1_231' title='bbox 1117 3302 1252 3347; x_wconf 89' lang='lat' dir='ltr'>non</span> <span class='ocrx_word' id='word_1_232' title='bbox 1303 3279 1617 3347; x_wconf 88' lang='lat' dir='ltr'>intersint</span> <span class='ocrx_word' id='word_1_233' title='bbox 1667 3282 1863 3349; x_wconf 75' lang='lat' dir='ltr'>choro</span> <span class='ocrx_word' id='word_1_234' title='bbox 1911 3280 2245 3348; x_wconf 84' lang='lat' dir='ltr'>occasione</span> <span class='ocrx_word' id='word_1_235' title='bbox 2309 3274 2652 3346; x_wconf 84' lang='lat' dir='ltr'>assistendi</span> 
     </span>
     <span class='ocr_line' id='line_1_30' title="bbox 374 3379 2653 3476; baseline 0 -29"><span class='ocrx_word' id='word_1_236' title='bbox 374 3383 694 3462; x_wconf 74' lang='lat' dir='ltr'>eoeamini,</span> <span class='ocrx_word' id='word_1_237' title='bbox 739 3385 1079 3453; x_wconf 86' lang='lat' dir='ltr'>lucrentur</span> <span class='ocrx_word' id='word_1_238' title='bbox 1114 3385 1607 3453; x_wconf 87' lang='lat' dir='ltr'>distributiones</span> <span class='ocrx_word' id='word_1_239' title='bbox 1636 3385 2061 3476; x_wconf 81' lang='lat' dir='ltr'>quotidianas</span> <span class='ocrx_word' id='word_1_240' title='bbox 2089 3408 2224 3452; x_wconf 89' lang='lat' dir='ltr'>non</span> <span class='ocrx_word' id='word_1_241' title='bbox 2256 3385 2455 3451; x_wconf 86' lang='lat' dir='ltr'>aliter</span> <span class='ocrx_word' id='word_1_242' title='bbox 2494 3406 2569 3451; x_wconf 87' lang='lat' dir='ltr'>ac</span> <span class='ocrx_word' id='word_1_243' title='bbox 2600 3379 2653 3447; x_wconf 86' lang='lat' dir='ltr'>si</span> 
     </span>
     <span class='ocr_line' id='line_1_31' title="bbox 375 3487 2648 3583; baseline -0 -27"><span class='ocrx_word' id='word_1_244' title='bbox 375 3487 620 3556; x_wconf 86' lang='lat' dir='ltr'>divinis</span> <span class='ocrx_word' id='word_1_245' title='bbox 647 3489 1085 3557; x_wconf 83' lang='lat' dir='ltr'>interessent?</span> <span class='ocrx_word' id='word_1_246' title='bbox 1107 3528 1197 3542; x_wconf 91' lang='lat'>—</span> <span class='ocrx_word' id='word_1_247' title='bbox 1234 3494 1450 3557; x_wconf 87' lang='lat' dir='ltr'>Sacra</span> <span class='ocrx_word' id='word_1_248' title='bbox 1485 3492 1926 3583; x_wconf 74' lang='lat' dir='ltr'>Conqreqatio</span> <span class='ocrx_word' id='word_1_249' title='bbox 1971 3491 2330 3582; x_wconf 83' lang='lat' dir='ltr'>respondit,</span> <span class='ocrx_word' id='word_1_250' title='bbox 2364 3513 2506 3557; x_wconf 89' lang='lat' dir='ltr'>non</span> <span class='ocrx_word' id='word_1_251' title='bbox 2555 3489 2648 3555; x_wconf 88' lang='lat' dir='ltr'>lu·</span> 
     </span>
     <span class='ocr_line' id='line_1_32' title="bbox 378 3592 2646 3686; baseline -0.001 -23"><span class='ocrx_word' id='word_1_252' title='bbox 378 3595 555 3664; x_wconf 79' lang='lat' dir='ltr'>erari</span> <span class='ocrx_word' id='word_1_253' title='bbox 611 3592 722 3685; x_wconf 89' lang='grc'>(20</span> <span class='ocrx_word' id='word_1_254' title='bbox 770 3597 1153 3686; x_wconf 76' lang='lat' dir='ltr'>septembris</span> <span class='ocrx_word' id='word_1_255' title='bbox 1199 3595 1405 3680; x_wconf 79' lang='grc'>1642,</span> <span class='ocrx_word' id='word_1_256' title='bbox 1459 3598 1529 3663; x_wconf 91' lang='lat' dir='ltr'>in</span> <span class='ocrx_word' id='word_1_257' title='bbox 1586 3598 2035 3680; x_wconf 88' lang='lat' dir='ltr'>Cremonensi,</span> <span class='ocrx_word' id='word_1_258' title='bbox 2085 3595 2204 3663; x_wconf 90' lang='lat' dir='ltr'>lib.</span> <span class='ocrx_word' id='word_1_259' title='bbox 2257 3618 2392 3664; x_wconf 85' lang='lat' dir='ltr'>xvu</span> <span class='ocrx_word' id='word_1_260' title='bbox 2446 3597 2646 3662; x_wconf 84' lang='lat' dir='ltr'>decre-</span> 
     </span>
     <span class='ocr_line' id='line_1_33' title="bbox 375 3697 2640 3795; baseline -0.004 -26"><span class='ocrx_word' id='word_1_261' title='bbox 375 3708 591 3770; x_wconf 79' lang='lat' dir='ltr'>torum</span> <span class='ocrx_word' id='word_1_262' title='bbox 611 3757 627 3788; x_wconf 90' lang='lat'>,</span> <span class='ocrx_word' id='word_1_263' title='bbox 656 3725 722 3791; x_wconf 85' lang='lat' dir='ltr'>p.</span> <span class='ocrx_word' id='word_1_264' title='bbox 758 3701 901 3791; x_wconf 83' lang='lat'>95).</span> <span class='ocrx_word' id='word_1_265' title='bbox 933 3702 1118 3769; x_wconf 78' lang='lat' dir='ltr'>Etita</span> <span class='ocrx_word' id='word_1_266' title='bbox 1145 3703 1299 3769; x_wconf 80' lang='lat' dir='ltr'>alias</span> <span class='ocrx_word' id='word_1_267' title='bbox 1319 3702 1611 3770; x_wconf 88' lang='lat' dir='ltr'>decisum</span> <span class='ocrx_word' id='word_1_268' title='bbox 1635 3705 1841 3772; x_wconf 82' lang='lat' dir='ltr'>fuerat</span> <span class='ocrx_word' id='word_1_269' title='bbox 1866 3703 2089 3795; x_wconf 67' lang='lat' dir='ltr'>(ibid,</span> <span class='ocrx_word' id='word_1_270' title='bbox 2121 3702 2291 3769; x_wconf 86' lang='lat' dir='ltr'>libro</span> <span class='ocrx_word' id='word_1_271' title='bbox 2310 3724 2354 3768; x_wconf 85' lang='lat' dir='ltr'><strong>x</strong></span> <span class='ocrx_word' id='word_1_272' title='bbox 2371 3752 2391 3788; x_wconf 91' lang='lat'>,</span> <span class='ocrx_word' id='word_1_273' title='bbox 2419 3724 2485 3790; x_wconf 92' lang='lat' dir='ltr'>p.</span> <span class='ocrx_word' id='word_1_274' title='bbox 2519 3697 2640 3785; x_wconf 89' lang='grc'>38).</span> 
     </span>
     <span class='ocr_line' id='line_1_34' title="bbox 407 3801 2647 3896; baseline -0.004 -20"><span class='ocrx_word' id='word_1_275' title='bbox 407 3852 412 3866; x_wconf 60' lang='lat'><em>2</em></span> <span class='ocrx_word' id='word_1_276' title='bbox 466 3811 535 3876; x_wconf 79' lang='lat'>4⁰</span> <span class='ocrx_word' id='word_1_277' title='bbox 562 3809 689 3890; x_wconf 83' lang='lat' dir='ltr'>Qui</span> <span class='ocrx_word' id='word_1_278' title='bbox 728 3809 990 3875; x_wconf 87' lang='lat' dir='ltr'>inservit</span> <span class='ocrx_word' id='word_1_279' title='bbox 1029 3809 1344 3877; x_wconf 81' lang='lat' dir='ltr'>tribunali</span> <span class='ocrx_word' id='word_1_280' title='bbox 1390 3811 1594 3878; x_wconf 82' lang='lat' dir='ltr'>sancti</span> <span class='ocrx_word' id='word_1_281' title='bbox 1641 3811 1836 3878; x_wconf 79' lang='lat' dir='ltr'>officii</span> <span class='ocrx_word' id='word_1_282' title='bbox 1888 3833 1906 3877; x_wconf 76' lang='lat' dir='ltr'><em>z</em></span> <span class='ocrx_word' id='word_1_283' title='bbox 1953 3812 2167 3876; x_wconf 90' lang='lat' dir='ltr'>Sacra</span> <span class='ocrx_word' id='word_1_284' title='bbox 2212 3801 2647 3896; x_wconf 75' lang='lat' dir='ltr'>Gonqreqatio</span> 
     </span>
     <span class='ocr_line' id='line_1_35' title="bbox 380 3906 2649 4005; baseline -0.003 -26"><span class='ocrx_word' id='word_1_285' title='bbox 380 3917 655 3998; x_wconf 87' lang='lat' dir='ltr'>censuit,</span> <span class='ocrx_word' id='word_1_286' title='bbox 706 3915 1095 3982; x_wconf 85' lang='lat' dir='ltr'>canonicum</span> <span class='ocrx_word' id='word_1_287' title='bbox 1124 3913 1525 4002; x_wconf 77' lang='lat' dir='ltr'>qui‘divinis</span> <span class='ocrx_word' id='word_1_288' title='bbox 1569 3939 1704 3982; x_wconf 87' lang='lat' dir='ltr'>non</span> <span class='ocrx_word' id='word_1_289' title='bbox 1746 3917 2044 4004; x_wconf 88' lang='lat' dir='ltr'>interest,</span> <span class='ocrx_word' id='word_1_290' title='bbox 2089 3911 2547 4005; x_wconf 80' lang='lat' dir='ltr'>quamtumvis</span> <span class='ocrx_word' id='word_1_291' title='bbox 2571 3906 2649 3974; x_wconf 87' lang='lat' dir='ltr'>sit</span> 
     </span>
     <span class='ocr_line' id='line_1_36' title="bbox 378 4012 2649 4143; baseline -0.001 -59"><span class='ocrx_word' id='word_1_292' title='bbox 378 4018 736 4104; x_wconf 81' lang='lat' dir='ltr'>inquisitor</span> <span class='ocrx_word' id='word_1_293' title='bbox 757 4019 941 4107; x_wconf 76' lang='lat' dir='ltr'>fidei,</span> <span class='ocrx_word' id='word_1_294' title='bbox 968 4043 1103 4088; x_wconf 91' lang='lat' dir='ltr'>non</span> <span class='ocrx_word' id='word_1_295' title='bbox 1131 4019 1388 4087; x_wconf 86' lang='lat' dir='ltr'>lucrari</span> <span class='ocrx_word' id='word_1_296' title='bbox 1411 4020 1909 4091; x_wconf 85' lang='lat' dir='ltr'>distributiones</span> <span class='ocrx_word' id='word_1_297' title='bbox 1951 4020 2401 4143; x_wconf 57' lang='lat' dir='ltr'>quotidianas:</span> <span class='ocrx_word' id='word_1_298' title='bbox 2439 4012 2649 4110; x_wconf 88' lang='lat' dir='ltr'>(Apud</span> 
     </span>
     <span class='ocr_line' id='line_1_37' title="bbox 379 4122 2403 4218; baseline 0.002 -27"><span class='ocrx_word' id='word_1_299' title='bbox 379 4122 806 4191; x_wconf 83' lang='lat' dir='ltr'>Benedictum</span> <span class='ocrx_word' id='word_1_300' title='bbox 842 4125 1024 4217; x_wconf 85' lang='lat' dir='ltr'>XIV,</span> <span class='ocrx_word' id='word_1_301' title='bbox 1056 4129 1197 4196; x_wconf 81' lang='lat' dir='ltr'>loco</span> <span class='ocrx_word' id='word_1_302' title='bbox 1236 4127 1477 4218; x_wconf 78' lang='lat' dir='ltr'>citato.)</span> <span class='ocrx_word' id='word_1_303' title='bbox 2372 4124 2403 4163; x_wconf 64' lang='lat'>‘-</span> 
     </span>
    </p>

    <p class='ocr_par' dir='ltr' id='par_1_7' title="bbox 380 4226 2649 4430">
     <span class='ocr_line' id='line_1_38' title="bbox 443 4226 2649 4324; baseline -0.002 -25.952"><span class='ocrx_word' id='word_1_304' title='bbox 443 4228 537 4298; x_wconf 85' lang='lat'>5⁰</span> <span class='ocrx_word' id='word_1_305' title='bbox 569 4226 959 4297; x_wconf 84' lang='lat' dir='ltr'>Administri</span> <span class='ocrx_word' id='word_1_306' title='bbox 988 4235 1274 4302; x_wconf 81' lang='lat' dir='ltr'>Camerae</span> <span class='ocrx_word' id='word_1_307' title='bbox 1302 4234 1683 4324; x_wconf 81' lang='lat' dir='ltr'>apostolicae.</span> <span class='ocrx_word' id='word_1_308' title='bbox 1728 4236 2028 4305; x_wconf 88' lang='lat' dir='ltr'>Decisum</span> <span class='ocrx_word' id='word_1_309' title='bbox 2060 4258 2092 4302; x_wconf 82' lang='lat' dir='ltr'>a</span> <span class='ocrx_word' id='word_1_310' title='bbox 2135 4235 2337 4303; x_wconf 82' lang='lat' dir='ltr'>Sacra</span> <span class='ocrx_word' id='word_1_311' title='bbox 2374 4231 2649 4318; x_wconf 84' lang='lat' dir='ltr'>Congre-</span> 
     </span>
     <span class='ocr_line' id='line_1_39' title="bbox 380 4332 2429 4430; baseline -0.003 -21"><span class='ocrx_word' id='word_1_312' title='bbox 380 4342 635 4430; x_wconf 80' lang='lat' dir='ltr'>gatione</span> <span class='ocrx_word' id='word_1_313' title='bbox 661 4332 945 4402; x_wconf 84' lang='lat' dir='ltr'>concilii.</span> <span class='ocrx_word' id='word_1_314' title='bbox 976 4335 1144 4402; x_wconf 90' lang='lat' dir='ltr'>Vide</span> <span class='ocrx_word' id='word_1_315' title='bbox 1168 4342 1341 4424; x_wconf 85' lang='lat' dir='ltr'>apud</span> <span class='ocrx_word' id='word_1_316' title='bbox 1367 4341 1789 4411; x_wconf 89' lang='lat' dir='ltr'>Benedictum</span> <span class='ocrx_word' id='word_1_317' title='bbox 1823 4341 1974 4410; x_wconf 92' lang='lat' dir='ltr'>XlV</span> <span class='ocrx_word' id='word_1_318' title='bbox 2003 4341 2164 4430; x_wconf 86' lang='lat' dir='ltr'>(loco</span> <span class='ocrx_word' id='word_1_319' title='bbox 2191 4335 2429 4427; x_wconf 83' lang='lat' dir='ltr'>citato).</span> 
     </span>
    </p>
   </div>
  </div>
 </body>
</html>
