2930 4982
399 329 477 384 50
1361 332 1701 382 waltemus

391 458 619 527 cebant
645 454 940 525 canonici
967 475 1042 520 eo
1069 459 1382 545 tempore,
1425 476 1558 544 quo
1609 454 1736 522 hoc
1779 456 2048 524 nomine
2077 457 2299 523 donati
2347 460 2524 542 sunt,
2558 477 2673 546 per

390 585 588 653 quam
621 561 1210 630 denominationem
1239 562 1321 630 ab
1361 562 1506 628 aliis
1542 561 1818 642 clericiS,
1856 562 2153 629 eamdem
2183 561 2382 629 vitam
2428 563 2672 650 regula·

390 691 527 737 rem
565 690 693 736 non
723 667 1085 758 agentibus„
1137 668 1731 757 distinguebantur.
1763 665 1844 733 Et
1881 666 1989 734 illa
2013 667 2284 755 quidem
2328 668 2552 758 opinio
2596 667 2675 735 ab

390 775 758 842 auctoribus
793 773 1174 861 generaliter
1200 778 1454 863 recepta
1492 778 1603 841 est.
1649 771 1823 852 Jam‚
1856 794 1974 841 suo
2004 778 2323 863 tempore,
2358 774 2678 841 Alcuinus

389 882 467 948 ad
489 901 632 946 eam
662 879 1008 947 inclinasse
1035 878 1289 946 videtur
1318 879 1480 946 dum
1512 879 1671 947 dicit
1695 879 1789 971 (in
1822 879 2096 948 homilia
2125 880 2202 947 de
2228 880 2495 969 zizania)
2530 904 2546 946 ε
2585 892 2679 948 est

385 1006 670 1073 namque
696 1005 909 1051 canon
937 983 1117 1064 vitae,
1149 996 1226 1052 ut
1257 984 1512 1052 dictum
1530 997 1652 1064 est,
1694 999 1759 1052 et
1785 997 1880 1053 est
1906 1008 2119 1054 canon
2140 986 2463 1076 pecuniae,
2498 984 2678 1054 vide-

388 1090 543 1158 licet
561 1090 846 1179 alicujus
859 1091 1201 1179 pensionis
1219 1103 1410 1158 certoe
1425 1116 1448 1157 .·
1481 1090 1656 1158 unde
1677 1092 1849 1158 solet
1872 1090 2002 1158 dici
2020 1115 2043 1157 .·
2074 1092 2270 1160 Solve
2289 1091 2460 1157 mihi
2479 1112 2678 1158 cano-

390 1218 541 1264 nem
592 1217 836 1275 meum,
882 1194 956 1261 id
979 1206 1098 1282 est,
1117 1197 1510 1286 pensionem
1554 1219 1797 1264 meam.
1847 1197 1979 1266 Eia
2019 1219 2198 1287 erqo,
2253 1220 2292 1264 o
2341 1199 2672 1280 canonice,

388 1301 805 1368 inveniamus
827 1324 868 1368 a
890 1324 1016 1390 quo
1038 1300 1384 1391 derivaris,
1413 1302 1490 1370 id
1504 1314 1625 1390 est,
1655 1328 1697 1372 a
1719 1326 1967 1372 canone
1982 1303 2312 1394 pecuniae,
2346 1325 2479 1369 non
2507 1326 2549 1369 a
2573 1326 2677 1370 ca-

384 1431 551 1476 none
575 1409 729 1476 vitoe
755 1433 778 1474 .·
817 1407 893 1476 id
912 1420 1032 1497 est,
1073 1434 1115 1477 a
1146 1432 1397 1492 canone
1424 1410 1734 1501 reqioniS,
1767 1434 1902 1479 non
1931 1434 1973 1477 a
2022 1432 2270 1479 canone
2298 1410 2669 1501 reliqionis.

386 1514 494 1583 lvo
513 1514 927 1587 Carnutensis
952 1517 1021 1583 in
1047 1539 1162 1585 sua
1177 1519 1442 1608 epistola
1465 1517 1596 1586 203
1620 1518 1710 1584 sic
1731 1518 1923 1584 habet
1953 1542 1968 1585 ε
2008 1517 2327 1585 Canonici
2347 1516 2679 1607 appellati

383 1627 558 1707 estis,
594 1620 776 1714 quod
795 1623 1141 1691 canonicas
1168 1624 1431 1711 requlas
1461 1646 1575 1691 vos
1599 1622 1766 1690 velle
1792 1623 2134 1691 observare
2160 1623 2409 1692 coeteris
2431 1623 2678 1690 arctius

387 1731 752 1805 devovistis.
787 1728 958 1796 Hinc
986 1729 1344 1817 generatim
1376 1731 1722 1797 canonistae
1752 1730 2146 1797 vocabulum
2181 1730 2337 1796 illud
2379 1751 2416 1796 a
2441 1729 2678 1816 requla

388 1840 677 1910 derivare
706 1842 1182 1904 consueverunt
1214 1858 1229 1901 ε
1259 1835 1525 1902 Dicitur
1560 1837 1912 1903 canonicus
1938 1859 1980 1902 a
2020 1857 2290 1913 canone,
2332 1834 2453 1900 hoc
2481 1845 2604 1919 est,
2638 1857 2679 1900 a

390 1946 626 2037 requla
667 1952 835 2010 recte
883 1952 946 2008 et
981 1941 1134 2009 bene
1162 1940 1451 2020 vivendi,
1501 1942 1621 2009 sub
1655 1965 1788 2032 qua
1818 1941 2155 2032 recipitur,
2185 1941 2274 2008 ait
2317 1938 2676 2008 Scarsanto-

388 2055 536 2119 nius
569 2053 638 2139 (t.
675 2049 719 2132 l,
751 2071 815 2137 p.
844 2047 912 2134 5,
934 2047 1086 2115 edit.
1124 2047 1344 2132 Lucae,
1392 2047 1613 2137 1723).

476 2161 560 2228 11⁰
608 2154 956 2225 Sententia
995 2193 1086 2205 —
1133 2155 1475 2223 Existimat
1508 2178 1736 2223 vocem
1777 2157 1959 2223 illam
2015 2156 2292 2222 derivari
2348 2177 2385 2222 a
2431 2177 2683 2222 canone

383 2270 648 2355 sumpto
673 2282 789 2353 pro
819 2261 1153 2351 catalqu,
1196 2264 1265 2328 in
1313 2284 1444 2351 quo
1499 2261 1799 2353 inscripti
1830 2266 2015 2329 erant
2063 2262 2282 2329 clerici
2332 2261 2530 2328 alicui
2579 2282 2682 2328 ec-

385 2373 590 2440 clesiae
634 2368 1077 2453 inservientes,
1119 2369 1235 2456 qui
1272 2370 1416 2437 ideo
1440 2369 1825 2437 dicebantur
1854 2370 1932 2435 de
1957 2390 2205 2435 canone
2232 2390 2344 2434 seu
2392 2368 2474 2433 de
2512 2373 2681 2438 cata-

385 2480 529 2568 logo
550 2473 854 2555 ecclesiae,
882 2495 997 2540 seu
1025 2475 1206 2543 illius
1230 2476 1518 2544 ecclesiae
1540 2474 1861 2544 canonici,
1894 2472 2108 2552 Quam
2133 2473 2512 2561 opinionem
2540 2494 2681 2540 sus-

391 2588 550 2653 tinet
575 2582 867 2651 eruditus
897 2579 1199 2666 Sarnelli,
1227 2583 1611 2671 Vigiliensis
1652 2582 2012 2670 Episcopus
2038 2579 2323 2670 (Lettere
2351 2575 2681 2645 ecclesias-

394 2692 585 2771 tiene,
623 2696 777 2758 tom.
813 2686 869 2781 1,
904 2690 1127 2757 lettera
1154 2688 1244 2779 4).
1299 2688 1421 2755 Per
1462 2709 1779 2756 canonem
1817 2692 2034 2753 autem
2075 2684 2478 2752 intellectum
2519 2685 2681 2752 olim

389 2797 584 2865 fuisse
613 2800 997 2889 praedictum
1027 2796 1417 2883 catalogum,
1453 2800 1515 2861 et
1542 2816 1657 2884 per
1680 2793 2023 2861 canonicos
2047 2792 2388 2883 praedictos
2415 2791 2681 2861 clericos

390 2908 543 2973 huic
576 2908 857 2995 catalogo
880 2903 1247 2992 inscriptoS‚
1278 2895 1508 2991 probat
1531 2902 1861 2992 praecipue
1883 2922 1962 2968 ex
1991 2899 2407 2989 sequentibus
2448 2920 2683 2966 monu-

390 3011 622 3077 mentis
649 3036 664 3076 :
709 3011 958 3077 Auctor
990 3029 1242 3096 graecus
1282 3006 1649 3083 Balsamon,
1686 3007 2011 3096 explicans
2043 3028 2174 3095 quo
2207 3028 2400 3094 sensu
2425 3009 2681 3071 sanctus

393 3117 669 3185 Basilius
694 3138 912 3184 vocem
956 3115 1300 3181 canonicos
1338 3121 1732 3204 usurpasset,
1765 3117 1856 3182 sic
1888 3114 2081 3180 habet
2115 3136 2130 3178 ι
2171 3112 2537 3178 Canonicos
2577 3133 2683 3178 eos

395 3220 553 3287 dicit
579 3223 694 3310 qui
720 3224 792 3288 in
833 3242 1081 3289 canone
1117 3232 1589 3295 numerantur,
1622 3220 1873 3286 scilicet
1900 3219 2188 3299 clericos,
2236 3217 2674 3286 monachos...

393 3364 477 3375 --
524 3325 890 3392 Concilium
923 3332 1138 3390 autem
1190 3325 1532 3391 Nicaenum
1582 3327 1850 3415 (canone
1887 3323 1990 3414 16)
2042 3348 2057 3391 :
2112 3322 2513 3405 Sacerdotes,
2559 3338 2684 3391 aut

397 3429 676 3513 diaconi,
713 3441 836 3495 aut
860 3427 1230 3518 qeneratim
1258 3429 1653 3517 quicumque
1677 3440 1834 3495 sunt
1873 3430 1946 3496 in
1972 3451 2217 3497 canone
2240 3428 2560 3495 recensiti.
2590 3468 2678 3480 —

395 3536 763 3624 Concilium
798 3536 1593 3615 Antiochenumfflanone
1612 3536 1653 3602 2
1692 3561 1706 3601 z
1744 3537 1827 3603 Si
1855 3538 2001 3625 quis
2022 3536 2453 3627 deprehensus
2470 3537 2683 3625 fuerit

396 3644 786 3735 EpiscopuS,
815 3652 934 3708 aut
946 3640 1321 3731 presbyter,
1346 3652 1469 3707 aut
1492 3635 1835 3727 diaconus,
1860 3657 1983 3710 aut
2003 3643 2177 3710 alius
2197 3642 2315 3731 qui
2336 3641 2415 3708 de
2435 3664 2683 3709 canone

401 3749 514 3826 sit,
573 3772 721 3815 cum
794 3746 1389 3814 eoecommunicatis
1442 3749 2027 3816 communicans...
2084 3785 2174 3797 —
2234 3746 2299 3811 ld
2320 3768 2353 3812 e
2372 3746 2682 3813 mconci-

402 3852 593 3928 lium,
620 3873 866 3918 canone
896 3852 937 3918 6
964 3876 980 3919 ι
1015 3852 1197 3918 Idem
1220 3853 1311 3919 sit
1337 3852 1670 3921 decretum
1702 3854 1873 3920 circa
1895 3850 2259 3920 sacerdotes
2279 3862 2353 3928 vet
2378 3848 2682 3918 diaconos

406 3968 469 4022 et
498 3977 717 4022 omnes
736 3956 851 4044 qui
875 3955 954 4024 de
985 3980 1232 4025 canone
1256 3970 1433 4023 sunt.
1470 3996 1558 4008 —
1586 3957 1665 4025 Et
1693 3961 1931 4026 iterum
1960 3958 2184 4025 eadem
2212 3957 2518 4043 synodUS,
2566 3978 2681 4023 ca-

404 4083 572 4129 none
600 4065 668 4130 11
704 4087 719 4130 :
759 4063 836 4129 Si
865 4065 1035 4153 quis,
1066 4064 1439 4154 Episcopus
1464 4064 1572 4131 vel
1590 4066 1960 4157 presbyter,
1990 4076 2112 4131 aut
2133 4063 2506 4151 qeneratim
2536 4062 2682 4150 quis

405 4166 482 4234 de
505 4191 867 4237 canone.--
888 4168 1256 4237 Concilium
1284 4170 1825 4258 Chalcedonense‚
1851 4190 2095 4236 canone
2110 4170 2151 4236 2
2183 4193 2199 4237 ε
2226 4170 2302 4237 Si
2322 4168 2465 4257 quis
2486 4169 2681 4259 Epis-

403 4298 598 4366 copus
631 4298 749 4365 per
768 4275 1084 4363 pecunias
1106 4289 1497 4364 promoveat
1533 4277 1640 4344 vel
1663 4298 2093 4358 oeconomum,
2120 4276 2226 4342 vel
2252 4274 2674 4363 defensorem,

404 4380 508 4445 vel
546 4378 1094 4464 mansionarium,
1149 4378 1257 4445 vel
1299 4382 1570 4447 omnino
1616 4380 1908 4470 aliquem
1956 4381 2073 4469 qui
2099 4380 2189 4447 sit
2223 4379 2299 4447 in
2337 4402 2670 4448 canone...
