2930 4982
1167 357 1248 404 DE
1294 355 1620 404 cunnus.
2413 348 2451 403 4
2461 347 2493 403 ὃ
2507 348 2543 403 5

267 505 302 546 «
329 484 392 547 et
412 477 720 568 regimini
748 475 1030 565 aliquus
1056 473 1305 542 ordinis
1346 472 1659 560 regularis
1681 473 1803 541 sub
1833 494 2127 565 expressa
2148 472 2542 551 conditione,

264 615 299 656 «
325 590 402 654 ut
441 585 735 674 ejusdem
774 582 1025 650 ordinis
1054 579 1322 647 Praelato
1368 578 1702 667 integrum
1752 581 1835 647 sit
1868 602 2064 669 quem
2112 580 2416 648 maluerit
2442 581 2546 647 sui

263 719 297 759 «
326 693 602 761 instituti
627 688 1006 776 religiosum
1033 687 1104 752 in
1140 683 1477 752 seminarii
1505 690 1822 754 rectorem
1852 686 2087 775 eligere
2118 692 2181 753 et
2206 687 2540 778 deputare.

263 826 298 867 (ι
318 799 409 869 lta
436 794 947 880 accidit-Romae,
978 791 1097 859 ubi
1120 812 1274 858 cum
1292 792 1478 880 juxta
1506 789 1874 857 Tridentini
1904 796 2132 858 statuta
2154 793 2543 860 clericorum

266 932 298 973 «
323 904 751 976 seminarium
779 922 817 968 a
844 900 959 968 Pio
1002 898 1090 967 lv
1127 901 1411 965 erectum
1465 897 1664 964 fuerit
1686 903 1749 964 et
1773 897 2185 987 suppositum
2231 899 2545 987 jurisdic-

262 1039 295 1080 «
321 1013 485 1080 tioni
518 1032 596 1078 ac
617 1009 832 1076 tutelae
859 1005 1219 1074 Cardinalis
1249 1004 1317 1070 in
1346 1004 1512 1071 urbe
1552 1004 1804 1086 vicarii,
1834 1005 1974 1093 ejus
2011 1025 2168 1072 cura
2196 1009 2259 1070 et
2284 1005 2547 1072 actualis

263 1116 799 1187 «administratio
840 1111 1182 1181 commissa
1222 1115 1316 1177 est
1342 1109 1687 1200 praeposito
1725 1110 2009 1199 generali
2063 1115 2125 1177 et
2164 1110 2549 1199 presbyteris

263 1222 646 1293 «societatis
670 1220 861 1300 Jesu3
912 1217 1083 1308 quod
1106 1217 1317 1305 legere
1344 1221 1438 1283 est
1478 1217 1541 1283 in
1588 1222 1791 1283 const.
1851 1215 1977 1284 134
2023 1213 2273 1283 Urbani
2302 1214 2473 1284 Vlll.
2508 1242 2542 1282 n

256 1329 670 1422 (Benedictus
691 1324 872 1405 XIV,
903 1326 999 1395 De
1018 1344 1171 1412 syn.
1204 1319 1488 1406 dioeceS.,
1528 1319 1574 1386 l.
1610 1342 1676 1406 v,
1714 1342 1773 1386 c.
1812 1342 1881 1402 ιι,
1916 1341 1984 1387 n.
2020 1318 2114 1409 9.)
2142 1318 2308 1387 Citat
2334 1326 2551 1411 postea

253 1437 423 1505 idem
465 1439 696 1502 auctor
725 1433 919 1523 plura
959 1428 1253 1518 exempla
1291 1426 1795 1494 seminariorum
1836 1425 2102 1492 familiis
2148 1427 2546 1514 regularium

253 1544 755 1614 commissorum
800 1537 1171 1606 auctoritate
1198 1531 1560 1602 Pontificia.
1593 1531 1665 1599 ln
1696 1531 1799 1599 his
1824 1537 2040 1598 autem
2063 1533 2317 1600 casibus
2352 1535 2549 1601 semi-

253 1652 508 1720 narium
542 1668 806 1738 semper
827 1647 1119 1712 remanet
1146 1640 1270 1708 sub
1288 1638 1748 1728 jurisdictione
1786 1635 2109 1727 Episcopi.
2144 1637 2230 1704 At
2257 1660 2408 1706 vero
2429 1640 2547 1707 de-

254 1759 455 1848 putati
498 1776 623 1847 pro
666 1749 1218 1820 administratione
1246 1746 1349 1813 vel
1399 1748 1812 1826 amoventur,
1846 1743 1899 1810 si
1940 1743 2065 1811 hoc
2101 1749 2546 1834 opportunum

259 1859 685 1934 Sanctaesedi
713 1858 1028 1941 videatur,
1077 1852 1179 1919 vel
1224 1872 1453 1918 eorum
1497 1849 1789 1916 officium
1834 1850 2007 1916 intra
2055 1854 2259 1917 certos
2301 1850 2547 1918 limites

257 1976 641 2056 coarctatur,
670 1963 842 2055 quod
861 1969 925 2029 et
949 1983 989 2027 a
1005 1981 1073 2027 se
1099 1958 1341 2025 factum
1369 1955 1618 2022 ibidem
1643 1958 1910 2021 testatur
1929 1954 2317 2022 Benedictus
2344 1955 2497 2025 XlV
2524 1981 2542 2026 t

264 2102 299 2143 «
333 2077 415 2144 Et
439 2098 557 2143 nos
578 2073 702 2164 ipsi
726 2067 1061 2138 seminarii
1087 2061 1288 2132 nostri
1313 2059 1740 2128 Bononiensis
1777 2059 2071 2147 regimen
2094 2060 2396 2127 dedimus
2418 2062 2547 2129 cle·

267 2207 308 2248 «¹
327 2182 484 2248 ricis
513 2176 921 2269 regularibus
950 2171 1019 2240 S.
1063 2169 1274 2252 Pauli,
1303 2167 1504 2254 vulgo
1537 2164 1945 2242 Barnabitis‚
1978 2187 2110 2231 non
2140 2167 2373 2233 amotis
2396 2167 2546 2256 qui-

270 2311 306 2352 «
336 2286 487 2353 dem
542 2283 883 2373 deputatiS,
938 2279 1053 2366 qui
1101 2278 1284 2365 juxta
1316 2272 1698 2340 enunciatas
1765 2269 2132 2337 Tridentini
2194 2272 2552 2342 sanctiones

270 2414 304 2453 «
335 2386 674 2456 seminarii
730 2381 1092 2472 disciplinae
1131 2385 1347 2466 *atque
1405 2375 1953 2442 administrationi
2009 2374 2380 2464 invigilent,
2443 2377 2552 2444 sed

264 2520 301 2561 ι(
332 2496 709 2565 eorumdem
729 2488 1101 2559 auctoritate
1127 2485 1297 2552 intra
1320 2486 1526 2550 certos
1552 2480 1790 2548 limites
1816 2481 2114 2549 coercita.
2150 2508 2182 2546 »

345 2602 561 2685 Unde,
595 2598 843 2669 cum-in
868 2596 969 2663 his
992 2592 1257 2660 ⁴casibus
1280 2587 1663 2657 interveniat
1691 2589 2056 2677 Apostolica
2089 2589 2435 2656 auctoritas
2468 2589 2550 2656 ad

259 2707 767 2798 dispensandum
791 2724 828 2770 a
843 2704 990 2792 jure
1012 2696 1379 2783 communi,
1406 2697 1518 2785 jus
1557 2695 1837 2784 capitulo
1861 2717 2205 2762 remanens
2232 2695 2551 2762 determi-

266 2814 411 2879 nari
433 2814 658 2901 nequit
683 2811 812 2878 nisi
825 2832 901 2878 ex
920 2810 1033 2876 illo
1056 2807 1223 2874 facto
1245 2828 1263 2871 t
1292 2809 1513 2869 utrum
1540 2802 1611 2867 in
1633 2801 1748 2867 tali
1775 2806 1836 2867 et
1856 2800 1970 2866 tali
2001 2802 2269 2866 materia
2285 2821 2551 2889 praeser-

265 2924 494 2987 vatum
521 2919 714 2984 tuerit
733 2937 961 3001 necne,
984 2916 1165 3002 juxta
1178 2917 1469 2977 tenorem
1498 2906 1736 2973 indulti
1763 2904 2143 2995 Apostolici.

351 3023 467 3093 ΙΙΙ.
498 3022 646 3114 Non
678 3021 790 3089 abs
809 3041 879 3086 re
902 3020 1024 3086 erit
1040 3037 1253 3083 unum
1274 3017 1388 3080 aut
1408 3013 1686 3079 alterum
1706 3009 2079 3098 exemplum
2100 3008 2209 3076 hic
2232 3009 2550 3099 subjicere

262 3143 391 3222 quo
417 3130 750 3197 indicetur
770 3145 1001 3193 norma
1017 3125 1197 3213 Juxta
1220 3140 1422 3209 quam
1456 3116 1649 3185 Sedes
1677 3114 2045 3206 Apostolica
2070 3118 2411 3205 procedere
2439 3140 2551 3186 so-

262 3237 349 3306 let
375 3236 641 3327 quando
668 3232 1019 3302 seminaria
1041 3227 1383 3296 ordinibus
1406 3224 1726 3312 religiosis
1759 3222 2279 3290 committuntur.

351 3344 613 3434 Insigne
634 3339 1000 3429 exemplum
1027 3332 1409 3425 hujusmodi
1435 3336 1529 3399 est
1558 3329 1894 3397 seminarii
1919 3329 2303 3396 clericorum
2331 3329 2548 3401 Romae

263 3447 558 3517 Patribus
578 3444 893 3515 societatis
910 3443 1056 3511 Jesu
1086 3439 1369 3521 traditio,
1413 3459 1449 3504 a
1471 3434 1640 3526 Papa
1662 3434 1777 3502 Pio
1801 3433 1926 3522 lV;
1955 3434 2032 3502 de
2051 3456 2180 3523 qua
2198 3435 2291 3502 sic
2309 3436 2551 3524 legitur

263 3556 330 3622 in
354 3555 538 3622 bulla
566 3551 700 3619 134
716 3548 965 3617 Urbani
987 3544 1161 3631 Vlll,
1183 3544 1225 3633 ἓ
1250 3543 1292 3609 4
1320 3541 1415 3633 (in
1434 3541 1709 3625 Bullar.,
1738 3545 1787 3607 t.
1822 3538 1906 3629 V)
1935 3564 1950 3607 :
1974 3542 2334 3630 Ipsumque
2358 3540 2550 3606 semi-

262 3662 531 3730 narium
552 3658 652 3727 sic
686 3666 975 3723 erectum
1015 3666 1079 3718 et
1102 3649 1515 3731 institutum,
1559 3669 1760 3732 curae,
1798 3645 2112 3734 reqimini
2135 3659 2200 3712 et
2238 3642 2550 3709 adminis-

266 3768 544 3836 crationi
546 3760 912 3857 praepositi
930 3754 1261 3849 qeneralis
1281 3764 1344 3820 et
1362 3752 1903 3843 presbyterorum
1922 3749 2255 3818 societatis
2273 3751 2425 3813 Jesu
2438 3767 2468 3829 ;
2487 3759 2552 3815 et

264 3876 364 3943 sui
386 3898 465 3942 ac
491 3868 790 3940 Romani
815 3862 1159 3954 Pontificis
1190 3882 1324 3952 pro
1357 3870 1649 3948 tempore
1695 3857 2034 3925 existentis
2087 3856 2161 3921 in
2186 3851 2364 3920 dicta
2389 3850 2552 3919 urbe

267 3980 502 4048 vicarii
525 3981 606 4047 in
639 3971 1105 4067 spiritualibus
1128 3966 1481 4059 qeneraliS,
1511 3964 1766 4052 tuteloe,
1786 3959 2170 4054 patrocinio
2199 3971 2264 4025 et
2281 3969 2550 4047 protec-

270 4086 432 4155 tioni
460 4080 816 4176 commisit.

350 4191 527 4260 Duas
568 4187 894 4280 praecipue
937 4180 1335 4252 conditiones
1367 4174 1936 4267 apponere—solent
1985 4169 2551 4240 Patres‘societatis

268 4297 415 4366 Jesu
434 4300 505 4364 in
534 4291 920 4383 acceptanda
950 4286 1451 4357 seminariorum
1474 4279 1850 4365 directione,
1876 4283 1952 4345 ut
1982 4278 2198 4345 videre
2221 4284 2314 4342 oet
2336 4276 2404 4342 in
2435 4274 2550 4338 de-

272 4411 441 4471 creto
485 4399 789 4471 secundae
834 4390 1350 4484 congregationis
1392 4385 1946 4477 generalishujus
1996 4381 2338 4457 soci-etatiS,
2373 4396 2552 4443 anno
