2930 4982
1196 375 1277 421 DE
1317 373 1647 421 culmus.
2450 367 2572 423 557

280 497 452 565 inter
494 496 924 565 necessariam
964 502 1026 563 et
1072 493 1504 563 voluntariam
1537 493 2082 582 jurisdictionem,
2112 496 2223 565 sed
2264 499 2579 587 generali-

282 608 380 670 ter
407 601 1331 692 supponuntjurisdictionem
1360 598 1757 666 ordinariam
1776 599 2078 692 Episcopi
2101 603 2179 671 ad
2212 605 2576 694 capitulum

284 709 432 777 sede
482 703 748 777 vacante
792 708 1090 775 transire.
1125 705 1301 795 Ergo
1337 704 1478 772 sine
1520 704 1945 774 fundamento
1996 708 2269 796 fingitur
2288 732 2576 782 necessa-

281 815 444 882 riam
477 814 742 904 quidem
791 812 1326 903 jurisdictionem
1362 809 1747 899 regulariter
1774 810 2047 878 transire
2069 808 2150 880 ad
2176 817 2567 904 capitulum,

284 939 417 987 non
471 940 622 985 vero
674 918 1133 985 voluntariam.
1202 943 1238 982 «
1289 916 1531 1006 Sicque
1581 917 1939 984 tenendum
1985 918 2101 1003 (ait
2129 916 2571 1007 Reiffenstuel‚

293 1048 328 1087 «
356 1023 495 1089 loco
519 1022 728 1111 citato)
761 1020 938 1111 quod
966 1022 1328 1112 capitulum
1377 1022 1680 1090 succedat
1706 1021 2106 1090 inordinaria
2127 1022 2579 1110 jurisdictione

291 1154 325 1192 «
354 1128 721 1219 episcopali,
757 1149 888 1195 non
918 1128 1130 1195 solum
1172 1129 1550 1205 necessaria,
1586 1128 1697 1196 sed
1721 1127 1915 1196 etiam
1938 1127 2325 1212 voluntaria,
2359 1129 2580 1219 demp-

296 1261 329 1297 «
355 1234 436 1301 tis
461 1234 714 1302 casibus
741 1235 1100 1325 specialiter
1123 1235 1423 1324 exceptis.
1449 1259 1484 1298 »

376 1339 454 1408 11.
484 1341 591 1407 An
611 1340 984 1430 capitulum
995 1338 1298 1407 succedat
1327 1340 1403 1407 in
1414 1338 2066 1429 jurisdictionalibus
2088 1363 2237 1430 quae
2255 1342 2584 1433 Episcopo

289 1460 670 1538 competunt
716 1471 796 1514 ea:
818 1447 1189 1537 privileqio
1227 1458 1351 1514 aut
1394 1468 1476 1512 ea:
1518 1446 1742 1535 aliquo
1781 1447 1917 1513 alio
1954 1445 2237 1536 speciali
2254 1448 2460 1537 jure?
2498 1486 2588 1499 —

289 1554 464 1636 Quos
491 1554 926 1644 pervolvimus
955 1554 1330 1637 canonistae,
1356 1552 1546 1620 nobis
1566 1553 1689 1619 visi
1717 1560 1873 1619 sunt
1900 1553 1977 1619 de
2001 1553 2125 1620 hac
2151 1553 2414 1620 materia
2434 1576 2588 1622 con-

290 1662 428 1728 fuse
458 1660 660 1748 loqui.
705 1660 894 1749 (Vide
925 1659 1365 1742 Reiffenstuel,
1401 1658 1525 1727 loc.
1559 1658 1712 1752 cit„s
1755 1681 1826 1725 n.
1864 1659 1975 1726 42.
2021 1697 2112 1711 —
2155 1660 2580 1746 Leurenium,

289 1767 455 1835 loco.
490 1768 634 1851 cit.,
664 1771 890 1856 quaest.
927 1766 1060 1834 459
1086 1771 1146 1834 et
1173 1771 1401 1856 quaest.
1432 1766 1619 1856 460.)
1641 1764 1915 1833 Videtur
1947 1787 2181 1858 nempe
2203 1770 2475 1836 omnino
2499 1768 2587 1837 ita

289 1874 829 1962 distinguendum
857 1897 875 1960 ς
904 1873 1005 1940 vel
1030 1872 1448 1962 privilegium
1476 1879 1538 1939 et
1555 1873 1669 1962 jus
1695 1872 1972 1962 speciale
2002 1874 2194 1941 affixa
2223 1882 2406 1942 erant
2427 1898 2583 1966 per-

290 2001 462 2047 sonae
485 1978 814 2070 Episcopi,
851 1979 953 2045 vel
982 1979 1119 2046 sedi
1148 2000 1163 2043 :
1201 1980 1255 2044 si
1286 1978 1492 2067 prius,
1520 1978 1775 2044 sublato
1804 1976 2148 2068 Episcopo,
2181 1982 2581 2067 extinguitur

293 2107 448 2153 cum
474 2085 586 2152 illo
607 2085 813 2175 ipsius
864 2084 1278 2174 privilegium
1307 2090 1369 2151 et
1389 2086 1503 2173 jus
1531 2083 1800 2173 speciale
1836 2109 1852 2152 :
1886 2086 1939 2151 si
1967 2086 2311 2175 posteriuS‚
2357 2085 2426 2153 id
2454 2095 2573 2176 est,

292 2191 344 2255 si
369 2196 822 2279 permanenter
834 2191 1256 2279 privilegium
1279 2198 1390 2257 aut
1404 2192 1519 2279 jus
1535 2188 1812 2279 speciale
1838 2182 2585 2283 quodcumqueacquisi-

295 2303 440 2365 tum
471 2297 592 2364 fuit
617 2297 775 2380 sedi,
804 2298 872 2364 in
895 2297 1258 2386 capitulum
1284 2298 1561 2366 transire
1588 2297 1944 2364 dicendum
1977 2303 2098 2382 est,
2129 2300 2404 2389 exceptis
2422 2322 2591 2371 sem-

294 2423 412 2491 per
438 2401 514 2469 iis
532 2402 602 2469 in
628 2401 868 2493 quibus
909 2423 1198 2491 expresse
1229 2424 1266 2468 a
1281 2403 1432 2490 jure
1457 2404 1724 2468 cautum
1755 2407 1850 2468 est
1874 2400 2239 2491 capitulum
2269 2424 2399 2471 non
2440 2427 2590 2474 suc-

297 2509 545 2576 cedere.
585 2508 665 2576 Et
693 2510 780 2577 ita
824 2509 1062 2581 vitatur
1089 2508 1511 2576 contradictio
1539 2508 1608 2575 in
1635 2529 1834 2596 quam
1861 2509 2115 2588 incidit,
2144 2510 2326 2577 verbi
2349 2511 2585 2600 gratia,

295 2613 679 2682 LeureniuS.
714 2614 1060 2704 Postquam
1101 2614 1279 2682 enim
1327 2616 1590 2703 negavit
1633 2614 1994 2704 capitulum
2023 2615 2364 2684 succedere
2390 2617 2455 2683 in
2474 2618 2589 2706 ju-

296 2721 842 2789 risdictionalibus
869 2742 1015 2810 quae
1030 2726 1412 2810 competunt
1438 2719 1759 2811 Episcopo
1784 2743 1860 2789 ex
1886 2721 2107 2811 aliquo
2121 2722 2273 2811 jure
2298 2721 2586 2811 speciali,

234 2896 247 2903 i
298 2832 579 2898 affirmat
614 2838 828 2920 postea
870 2830 1116 2919 (quaest.
1175 2829 1331 2919 460)
1376 2830 1829 2898 succederein
1888 2831 1970 2898 iis
2001 2852 2157 2919 *quae
2214 2835 2592 2920 competunt

298 2958 374 3007 ex
419 2938 908 3004 consuetudine.
963 2934 1163 3004 Porro
1202 2938 1374 3026 quod
1433 2937 1793 3027 possidetur
1817 2942 2041 3005 contra
2104 2952 2217 3017 seu
2272 2943 2446 3005 extra
2476 2940 2589 3028 jus

301 3064 654 3111 commune
672 3067 747 3111 ex
771 3044 958 3112 titulo
978 3044 1492 3129 consuetudiniS,
1531 3049 1625 3110 est
1646 3043 1911 3132 aliquod
1932 3045 2044 3132 jus
2062 3045 2360 3133 speciale.

391 3148 497 3216 111.
534 3150 640 3216 An
695 3149 1076 3240 capitulum
1101 3149 1406 3219 succedat
1451 3150 1524 3216 in
1569 3150 2088 3240 competentibus
2143 3152 2473 3242 Episcopo
2512 3173 2593 3221 ea·

303 3254 764 3324 consuetudine
785 3261 823 3324 Ρ
843 3295 936 3309 -
958 3255 1129 3325 Cum
1159 3258 1558 3325 consuetudo
1590 3280 1721 3325 non
1742 3258 2034 3348 acquirat
2053 3259 2163 3346 jus
2197 3258 2411 3325 solum
2443 3279 2592 3347 per-

303 3384 475 3430 sonae
501 3362 830 3453 Episcopi,
887 3364 995 3431 sed
1037 3363 1354 3454 Episcopo
1414 3369 1730 3453 quatenus
1778 3364 1913 3448 tali,
1968 3365 2034 3430 id
2086 3370 2202 3446 est,
2257 3363 2417 3438 sedi,
2451 3365 2593 3453 jam

302 3475 470 3559 patet
494 3491 567 3536 ex
587 3468 772 3535 dictis
820 3470 1341 3559 respondendum
1389 3491 1526 3538 esse
1555 3470 1962 3558 affirmative,
2015 3476 2209 3559 prout
2252 3471 2593 3560 respondet

302 3573 602 3642 laudatus
624 3573 986 3640 Leurenius
1011 3574 1150 3642 loco
1169 3576 1380 3641 citato.
2568 3635 2572 3638 ,

392 3678 507 3748 lv.
542 3680 649 3746 An
693 3677 1067 3769 capitulum
1106 3676 1409 3747 succedat
1449 3677 1522 3745 in
1535 3676 2008 3767 jurisdictione
2042 3677 2348 3765 dcleqata
2386 3699 2592 3767 quam

299 3783 679 3876 possidebat
703 3783 1068 3875 Episcopus
1096 3785 1134 3849 P
1159 3821 1249 3834 —
1285 3782 1429 3851 Non
1460 3805 1695 3873 parum
1724 3783 1919 3851 etiam
1965 3782 2274 3849 insudant
2301 3788 2591 3865 auctores

306 3894 379 3960 in
396 3891 731 3960 enodanda
757 3891 879 3957 hac
913 3890 1290 3978 quaestione.
1327 3888 1684 3980 Triplicem
1724 3890 2152 3980 discutiemus
2174 3891 2583 3958 sententiam.

401 3986 828 4067 1⁰“Sententia
848 4019 1118 4086 neqans.
1156 4035 1236 4048 -
1270 3996 1460 4064 Illam
1484 3997 1651 4063 inter
1674 3996 1833 4070 alios
1854 4001 2222 4086 propugnat
2243 3994 2595 4085 Fagnanus

308 4103 403 4196 (in
431 4127 491 4172 c.
521 4104 642 4170 His
669 4126 841 4193 quae,
876 4103 955 4170 de
988 4104 1346 4191 majoritate
1380 4110 1442 4168 et
1486 4102 1704 4179 obed„
1742 4125 1811 4170 n.
1860 4102 1998 4187 54).
2023 4101 2378 4191 Ροείᾳυειῐη
2412 4104 2590 4175 enim

307 4209 619 4276 stabilivit
640 4215 952 4297 tanquam
987 4208 1278 4297 regulam
1301 4206 1667 4296 generalem
1688 4207 1767 4273 ad
1792 4207 2154 4296 capitulum
2182 4210 2456 4275 transire
2475 4206 2602 4303 ju-⁴

310 4314 753 4382 risdictionem
784 4314 1109 4405 Episcopi,
1133 4315 1227 4381 sic
1255 4313 1473 4381 addit:
1518 4311 1813 4403 «Excipe
1837 4335 1874 4381 a
1898 4315 2203 4404 praedicta
2232 4313 2456 4400 regula
2473 4311 2589 4398 ju-

320 4447 355 4484 «
386 4418 828 4487 risdictionem
866 4418 1180 4511 Episcopo
1202 4425 1696 4510 competentem,
1729 4441 1862 4489 non
1893 4422 2044 4511 jure
2090 4441 2210 4488 suo
2235 4414 2588 4501 ordinarie,
