2930 4982
403 339 442 394 ⁴
452 337 485 392 7
495 337 532 394 6
1374 335 1719 390 ‘macutus

410 492 446 531 ι(
491 484 738 535 annum
780 458 1064 529 cantanti
1089 456 1398 526 debeatur
1427 456 1754 547 pulvinar,
1789 459 1851 522 et
1887 457 2094 545 tapete
2121 457 2266 520 ante
2292 453 2510 543 ipsum
2535 455 2567 520 ‘t
2593 490 2684 505 —
2752 488 2759 496 ,

412 600 446 638 α
483 571 673 641 Sacra
688 566 1117 658 Congregatio
1145 563 1396 632 censuit
1417 561 1936 652 respondendum
1964 557 2106 627 :Ad
2123 559 2187 626 7.
2211 557 2497 627 Absentc
2518 559 2685 650 Epi-

407 705 443 744 «
476 699 696 769 scopo,
716 674 930 766 juxta
959 669 1419 740 coeremoniale
1445 669 1511 760 (l.
1550 668 1618 752 2,
1648 691 1705 737 c.
1737 666 1803 759 3)
1836 665 2108 735 debetur
2136 665 2454 756 pulvinar
2482 676 2547 732 et
2585 677 2687 734 ta-

407 812 440 851 ι(
474 795 627 876 pete
696 802 825 872 pro
893 774 1411 847 hebdomadario
1486 774 1819 844 canonico.
1881 798 1916 837 »
1990 765 2213 864 (Apud
2272 770 2637 841 Gardellini
2663 825 2683 857 ,

399 887 732 978 η.3448)

489 993 563 1062 ln
611 992 839 1062 eadem
883 1010 1076 1059 causa
1122 985 1535 1069 Cortonensi,
1589 984 1676 1055 10
1715 983 2098 1076 septembris
2159 982 2371 1070 1701,
2426 983 2509 1050 ad
2552 983 2686 1051 du-

396 1099 586 1170 bium
620 1099 703 1167 14
732 1122 750 1167 ε
793 1123 829 1165 a
849 1096 957 1167 An
998 1092 1326 1165 canonicis
1351 1100 1484 1163 tam
1513 1092 1583 1161 in
1611 1090 1960 1162 cathedrali
1988 1111 2190 1182 quam
2216 1094 2390 1158 extra
2416 1089 2682 1159 missam

405 1232 440 1272 α
475 1204 881 1276 cantantibus
934 1200 1191 1273 tolerari
1235 1201 1436 1294 possit
1491 1200 1794 1269 assistens
1849 1220 2005 1268 cum
2046 1195 2376 1289 pluviali?
2410 1218 2446 1260 »
2488 1193 2679 1265 Sacra

398 1309 824 1400 Congregatio
850 1307 1220 1401 respondit:
1249 1331 1285 1372 α
1311 1305 1422 1375 Ad
1447 1306 1555 1374 14.
1587 1305 1938 1396 Neqative,
1965 1316 2029 1372 et
2058 1301 2300 1373 dentur
2328 1300 2616 1372 decreta.
2642 1326 2676 1367 u

398 1416 616 1509 (Apud
644 1415 1029 1502 Gardellini,
1058 1436 1130 1482 n.
1165 1411 1398 1503 3448.)

488 1522 597 1593 An
635 1521 793 1591 alibi
821 1525 1252 1613 praeterquam
1279 1516 1351 1586 in
1379 1517 1810 1587 celebratione
1845 1515 2072 1608 synodi
2103 1513 2434 1585 canonicis
2460 1514 2682 1583 cathe-

397 1629 687 1698 dralibus
712 1626 1070 1696 debeantur
1097 1646 1363 1694 scamna
1393 1645 1513 1716 per
1538 1645 1752 1692 unum
1788 1622 2067 1712 gradum
2091 1643 2128 1691 a
2163 1619 2523 1713 pavimento
2552 1618 2683 1688 ele·

397 1741 541 1804 vata
557 1737 591 1803 ‘2
609 1732 807 1804 Sacra
828 1732 1253 1823 Congregatio
1274 1732 1529 1800 rituum
1558 1730 1653 1821 (in
1678 1727 2083 1818 Novariensi,
2115 1729 2146 1799 1
2175 1726 2449 1798 octobris
2475 1723 2672 1818 1701)

397 1838 776 1930 respondit:
819 1838 1169 1907 Canonicis
1197 1834 1606 1907 cathedralis
1640 1858 1775 1905 non
1806 1846 2169 1927 competere
2194 1855 2545 1903 scamnum
2570 1855 2675 1904 seu

398 1946 710 2015 altiorem
737 1944 960 2013 locum
977 1945 1114 2014 nisi
1135 1945 1204 2013 in
1228 1941 1506 2036 synodo.
1541 1942 1767 2035 (Apud
1792 1941 2179 2023 Gardellini,
2211 1964 2282 2010 n.
2319 1936 2589 2033 3452.)

491 2048 606 2118 lv.
656 2047 968 2118 Canonici
1001 2049 1384 2118 cathedralis
1429 2048 1720 2141 deputati
1768 2048 1849 2117 ad
1891 2046 2228 2117 seminarii
2270 2043 2677 2113 administra·

397 2156 642 2225 tionem
668 2155 1058 2249 praeferendi
1085 2162 1239 2226 sunt
1264 2157 1409 2226 aliis
1436 2155 1757 2248 deputatis
1783 2156 1863 2225 de
1895 2154 2092 2244 clero,
2124 2151 2241 2223 etsi
2278 2151 2354 2220 hi
2382 2148 2670 2242 primum

397 2261 642 2339 suerint
659 2263 843 2333 electi
874 2263 1128 2354 (3934.)

489 2366 574 2437 V.
610 2365 977 2437 Canonicus
1006 2366 1389 2437 cathedralis
1417 2365 1751 2437 celebrans
1776 2365 2006 2456 nequit
2031 2359 2356 2455 impertiri
2381 2358 2676 2429 benedic·

396 2472 644 2542 tionem
672 2472 1110 2542 concionatori
1147 2472 1317 2541 inter
1345 2472 1701 2543 missarum
1730 2471 2068 2557 solemnia,
2101 2489 2237 2539 non
2262 2466 2673 2537 interessente

342 2565 368 2588 ⁸
395 2575 738 2669 Episcopo.
777 2577 994 2669 (Apud
1019 2577 1402 2666 Gardellini,
1432 2601 1502 2648 n.
1530 2578 1768 2669 3587.)

486 2681 798 2751 Canonici
834 2682 1215 2752 cathedralis
1256 2685 1593 2755 existentes
1630 2687 1729 2755 uti
1769 2684 2017 2778 singuli
2055 2685 2126 2753 in
2158 2682 2309 2753 locis
2351 2677 2666 2757 dioecesiS,

397 2793 730 2879 nequeunt
748 2809 1075 2858 assumere
1096 2788 1398 2858 habitum
1426 2789 1874 2860 canonicalem
1895 2790 1997 2860 vel
2019 2786 2408 2881 praetendere
2428 2805 2673 2877 praece-

396 2894 680 2964 dentiam
701 2902 762 2963 et
786 2894 1008 2964 locum
1033 2895 1438 2965 distinctum.
1473 2895 1881 2987 (Gardellini,
1910 2919 1978 2964 n.
2007 2894 2245 2984 3742.)

487 3000 831 3070 Canonicis
861 3010 924 3071 et
945 3001 1392 3093 Dignitatibus
1419 3002 1800 3072 cathedralis
1826 3002 2131 3071 nonlicet
2152 3003 2225 3070 in
2255 3000 2671 3068 celebratione

396 3106 611 3175 missae
633 3107 898 3199 privatae
925 3108 1162 3178 habere
1191 3109 1571 3178 ministrum
1598 3115 1767 3180 cotta
1789 3109 2099 3178 indutum
2123 3106 2240 3198 qui
2265 3105 2523 3175 missale
2544 3124 2671 3173 sus⁶

393 3213 618 3301 tineat,
665 3214 822 3283 folia
856 3222 1084 3303 vertat,
1135 3215 1375 3284 indicet
1408 3215 1708 3305 legenda,
1756 3215 2009 3305 detegat
2038 3213 2332 3296 calicem,
2359 3213 2590 3280 vinum
2614 3211 2673 3277 et

394 3337 635 3406 aquam
660 3326 806 3389 ante
834 3319 1234 3390 offertorium
1257 3322 1587 3391 infundat.
1632 3322 2034 3414 (Gardellini,
2064 3317 2502 3410 3777-3791).

486 3422 794 3492 Canonici
837 3428 909 3492 in
954 3427 1437 3496 convisitatores
1472 3429 1789 3520 assumpti
1836 3435 2080 3518 gestare
2116 3432 2389 3519 possunt
2417 3423 2666 3516 propria

395 3529 677 3636 insignia
700 3535 835 3598 tam
860 3531 930 3599 in
953 3533 1301 3623 collegiatis
1326 3554 1530 3623 quam
1558 3535 1630 3601 in
1658 3534 1803 3603 aliis
1829 3535 2135 3619 ecclesiiS‚
2163 3532 2385 3623 eisque
2407 3530 2668 3601 debetur

394 3636 840 3727 praecedentia.
866 3637 1083 3729 (Apud
1101 3637 1482 3724 Gardellini,
1516 3662 1586 3708 n.
1617 3639 1849 3733 3989.)

485 3741 649 3812 Tam
698 3743 868 3812 intra
918 3766 1119 3834 quam
1168 3751 1342 3814 extra
1400 3746 1832 3816 cathedralem
1879 3745 2196 3836 distingui
2231 3746 2564 3834 nequeunt
2601 3738 2669 3808 in

395 3847 609 3917 missis
629 3847 894 3940 privatis
924 3871 958 3916 a
989 3850 1396 3941 simplicibus
1423 3851 1858 3920 sacerdotibus
1889 3851 2099 3941 (ibid.,
2123 3872 2191 3917 n.
2221 3848 2449 3939 4285).

391 4027 449 4123 d.
482 3954 828 4045 Nequeunt
846 3962 1019 4026 extra
1055 3957 1490 4026 cathedralem
1518 3960 1616 4027 uti
1642 3957 2097 4050 pulvinaribus
2127 3957 2206 4025 ad
2236 3954 2667 4047 genuflecten-

438 4079 554 4125 um
580 4060 821 4155 (ibid.).

482 4160 793 4235 Canonici
816 4174 1148 4258 nequeunt
1166 4169 1472 4241 adhibere
1507 4170 1872 4263 pulvinaria
1887 4170 1958 4240 in
1979 4169 2113 4240 suis
2137 4167 2398 4237 sedibus
2419 4159 2661 4258 (2939).

393 4375 418 4469 (
480 4267 818 4469 ῦὲιὲἓὲιζοίε
867 4275 1251 4348 cathedralis
1293 4278 1389 4347 uti
1434 4277 1588 4347 licet
1639 4299 1854 4370 panno
1895 4299 2012 4348 seu
2057 4282 2263 4368 tapete
2303 4276 2374 4342 in
2411 4286 2666 4342 scamno

420 4399 489 4448 n.
738 4427 754 4445 .
