2930 4982
1083 368 1162 412 on
1210 366 1538 413 cunnus.
2330 347 2453 417 549

171 492 347 572 bant,
392 487 710 556 vicarium
741 488 822 554 ad
866 490 1106 553 nutum
1148 485 1412 575 capituli
1453 506 1590 551 esse
1631 473 2093 564 revocabilem.
2133 499 2196 557 et
2254 492 2460 559 teneri

170 601 424 665 tantum
452 593 837 685 capitulares
864 593 945 660 ad
981 592 1189 660 alium
1229 592 1760 658 constituendum
1804 595 1974 662 infra
2020 601 2170 680 octo
2217 597 2378 684 dies,
2404 598 2460 666 si

169 703 450 795 priorem
477 705 878 769 revocassent
906 725 924 787 3
952 698 1157 765 teneri
1182 697 1499 765 vicarium
1532 697 1816 788 capitulo
1841 701 2163 768 rationem
2194 703 2462 770 reddere

171 828 304 874 suae
322 806 898 874 administrationis
924 804 1178 892 quoties
1199 802 1581 895 capitulares
1601 805 1959 892 exegissent
1995 828 2011 870 :
2065 827 2249 895 posse
2275 808 2454 898 capi-

169 907 384 981 tulum
415 912 800 979 constituere
830 909 1135 978 officiales
1156 915 1220 977 et
1241 932 1472 1000 cogere
1495 909 1816 978 vicarium
1836 908 1917 976 ad
1953 910 2271 977 utendum
2322 913 2463 980 istis

167 1028 229 1091 et
246 1043 379 1089 non
415 1020 560 1087 aliis
591 1042 608 1085 ι
655 1039 788 1085 non
817 1038 1001 1108 posse
1028 1040 1066 1084 a
1093 1018 1335 1085 vicario
1365 1018 1507 1086 sine
1548 1018 1855 1085 mandato
1885 1016 2151 1108 speciali
2194 1017 2459 1107 capituli

166 1150 237 1197 ea
265 1126 511 1218 peragi,
539 1146 660 1215 pro
674 1124 914 1215 quibus
936 1124 1222 1192 vicarius
1247 1124 1551 1215 Episcopi
1584 1123 1834 1210 indiget
1864 1123 2169 1191 mandato
2199 1122 2464 1213 speciali

165 1232 471 1324 Episcopi
506 1255 522 1299 ε
551 1252 734 1321 posse
761 1230 1128 1321 capitulum
1156 1252 1544 1320 cognoscere
1579 1231 1659 1298 de
1688 1229 1969 1319 querelis
2007 1234 2070 1296 et
2105 1230 2465 1298 accusatio-

163 1340 362 1407 nibus
382 1346 606 1407 contra
633 1338 953 1406 vicarium
985 1338 1180 1406 inatis
1200 1345 1264 1405 et
1292 1338 1486 1405 illum
1510 1336 1832 1425 judicare.
1863 1335 1980 1403 Illa
2014 1341 2231 1403 autem
2265 1342 2327 1404 et
2356 1337 2462 1406 his

162 1445 402 1512 similia
430 1444 838 1512 consectaria·
861 1443 1084 1512 omnia
1121 1443 1384 1528 cadunt,
1418 1445 1472 1511 si
1503 1444 1729 1533 vigens
1757 1437 2161 1533 supponatur
2202 1444 2463 1532 princi-

165 1552 354 1641 pium
381 1550 808 1638 contrarium,
852 1572 1111 1641 nempe,
1152 1551 1354 1618 electo
1382 1549 1624 1617 vicario
1679 1549 2047 1641 capitulari,
2099 1550 2271 1616 nihil
2314 1566 2460 1617 om·-

159 1660 321 1726 nino
331 1658 807 1748 jurisdictionis
823 1659 1036 1747 quoad
1068 1658 1444 1725 exercitium
1478 1679 1813 1724 remanere
1838 1678 2034 1748 penes
2063 1657 2450 1748 capitulum.

156 1760 326 1830 Cum
353 1757 933 1855 ergo'principium
959 1765 1128 1832 istud
1167 1766 1249 1831 sit
1286 1767 1398 1856 jus
1429 1787 1612 1832 nunc
1643 1764 1996 1831 certissime
2047 1764 2298 1854 vigenS,
2340 1763 2454 1830 illo

158 1868 326 1936 duce
365 1869 798 1961 expendendae
841 1879 993 1938 sunt
1022 1872 1673 1960 omnesquaestiones
1722 1870 1800 1936 de
1859 1871 2213 1959 respectiva
2273 1871 2451 1960 capi-

157 1975 373 2043 tulum
394 1978 562 2046 inter
588 1982 652 2045 et
668 1978 990 2045 vicarium
1024 1976 1442 2067 capitularem
1472 1980 1798 2067 potestate.

1092 2238 1380 2299 CAPUT
1451 2239 1514 2297 11

152 2394 447 2441 romsrAs
498 2396 723 2442 vann
777 2399 842 2443 m
894 2398 1226 2444 mmmmm
1283 2398 1392 2442 nsi·
1441 2397 1700 2443 msam
1758 2395 2049 2443 romsns
2111 2395 2445 2441 onmmmA

234 2503 512 2562 Enscom,
559 2504 768 2556 omns
803 2506 984 2552 ramo
1033 2505 1412 2551 'ramsmnxr
1454 2506 1519 2550 m
1576 2487 1940 2561 ciriromu,
1994 2503 2070 2547 m*
2109 2502 2239 2554 011AE
2290 2502 2444 2549 ‘rou

233 2608 455 2655 POSTEA
496 2590 738 2658 vicimo
780 2611 1124 2658 counimur.
2523 2582 2526 2593 '

242 2787 521 2873 Potestas
544 2791 873 2859 ordinaria
901 2791 1228 2882 Episcopi,
1253 2811 1406 2858 cum
1436 2791 1663 2880 paucis
1691 2787 2173 2878 exceptionibus
2202 2788 2270 2853 in
2296 2790 2446 2876 jure
2473 2866 2484 2881 .

152 2897 488 2987 expressis,
521 2903 780 2965 mortuo
802 2896 1104 2981 Praesule,
1136 2899 1360 2965 transit
1381 2897 1458 2964 ad
1496 2895 1856 2987 capitulum
1880 2901 1942 2961 et
1985 2899 2200 2984 postea
2237 2895 2306 2960 in
2348 2894 2444 2960 vi-

153 3004 407 3070 carium
440 3002 883 3091 capitularem.
904 3002 1118 3071 'Porro
1148 3004 1318 3070 hanc
1358 3005 1568 3093 ipsam
1600 3006 1976 3094 potestatem
2011 3000 2441 3090 episcopalem

152 3109 436 3175 vicarius
486 3108 856 3199 capitularis
899 3109 1116 3195 habet,
1149 3131 1278 3177 non
1316 3114 1569 3177 tantum
1615 3108 1684 3174 in
1725 3112 1987 3174 caeteros
2022 3105 2437 3186 dioecesanOS,

151 3215 256 3282 sed
283 3215 476 3280 etiam
525 3215 595 3281 in
623 3217 978 3305 ipsummet
1003 3217 1390 3307 capitulum.
1439 3215 1608 3283 Nam
1657 3219 1926 3304 potestas
1972 3211 2213 3278 vicario
2238 3216 2445 3278 trans-

149 3331 374 3412 missa,
406 3351 539 3397 non
578 3335 672 3399 est
717 3337 989 3421 potestas
1036 3331 1296 3420 qualem
1332 3331 1578 3421 placuit
1610 3327 1894 3417 capitulo
1922 3326 2352 3394 determinare
2380 3332 2441 3394 et

149 3433 615 3518 limitare,‚sed
665 3436 925 3526 qualem
953 3443 1284 3527 acceperat
1307 3432 1711 3527 capitulum3
1746 3439 1840 3501 est
1884 3452 2124 3520 nempe
2168 3431 2442 3522 ipsamet

143 3541 512 3628 jurisdictio
560 3543 886 3613 ordinaria
913 3543 1241 3635 Episcopi.
1278 3543 1347 3611 Id
1393 3544 1688 3633 sequitur
1725 3542 1963 3621 invicte
1994 3559 2067 3605 ex
2117 3539 2454 3631 principio

150 3667 346 3738 supra
367 3649 675 3739 exposito,
707 3650 864 3717 olim
898 3649 1123 3734 dubio,
1157 3657 1429 3717 etnunc
1456 3648 1844 3735 certissimo,
1876 3672 2011 3717 non
2042 3669 2229 3742 posse
2257 3645 2440 3736 capi-

152 3754 369 3821 tulum
384 3754 928 3845 jurisdictionem
954 3757 1400 3824 transmittere
1424 3757 1677 3824 vicario
1702 3780 1850 3824 cum
1873 3754 2429 3825 restrictionibus.

149 3855 215 3925 Si
241 3863 618 3931 transmissa
644 3869 740 3931 est
760 3864 1002 3932 vicario
1030 3870 1302 3954 potestas
1330 3869 1458 3931 tota
1477 3870 1752 3953 quanta,
1786 3864 2313 3954 possidetrevera
2340 3862 2435 3928 vi-

150 3965 361 4032 carius
363 3968 391 4055 j
399 3969 883 4037 urisdictionem
895 3970 1294 4037 ordinariam
1315 3968 1641 4059 Episcopi.
1660 3967 1781 4037 Sed
1794 3969 2157 4058 jurisdictio
2168 3968 2431 4036 ordina·

151 4069 552 4163 riaEpiscopi
569 4081 662 4141 est
670 4074 1039 4164 j1urisdictio
1063 4077 1260 4144 etiam
1282 4075 1351 4143 in
1379 4075 1734 4165 ipsummet
1750 4076 2137 4165 capitulum,
2173 4074 2431 4163 quando

152 4194 278 4243 non
330 4184 423 4245 est
479 4187 887 4272 exemptum3
937 4204 1092 4272 ergo
1145 4183 1427 4249 vicarius
1479 4181 1852 4273 capitularis
1901 4182 2428 4270 jurisdictionem

152 4276 539 4353 ordinariam
563 4285 867 4378 Episcopi
893 4288 1085 4356 habet
1119 4289 1311 4357 etiam
1341 4288 1411 4354 in
1449 4290 1803 4378 ipsummet
1832 4287 2212 4376 capitulum.
2241 4284 2429 4353 Unde

151 4381 310 4453 sicut
332 4391 541 4478 potuit
562 4392 921 4482 capitulum
948 4393 1178 4484 primis
1199 4397 1343 4462 octo
1372 4391 1599 4459 diebus
1622 4390 1976 4480 quemlibet
2005 4388 2424 4475 canonicum,
