2930 4982
475 355 597 411 508
1440 360 1783 407 rnAcrArcs

471 484 908 575 impertiretur
934 504 972 549 a
1005 481 1328 571 capitulo;
1365 483 1475 549 cui
1513 480 1902 571 permissum
1930 485 2064 548 erat
2111 480 2192 548 ad
2230 481 2331 548 sui
2360 480 2643 548 favorem
2675 484 2735 551 in

467 590 764 681 pluribus
790 588 1016 657 vicarii
1049 589 1420 656 facultatem
1455 588 1754 655 limitare.
1783 586 2033 656 Verum
2078 609 2234 655 cum
2269 588 2425 655 boni
2466 589 2733 657 ecclesiae

465 696 803 783 regiminis
825 696 991 762 ratio
1011 694 1311 784 postulet,
1341 699 1417 761 ut
1441 693 1801 784 capitulum
1833 694 1930 760 nil
1953 693 2078 761 sibi
2102 698 2399 781 reservet,
2428 695 2543 761 sed
2579 695 2731 763 inte-

464 823 656 889 grum
673 799 1150 889 jurisdictionis
1161 798 1554 890 Episcopalis
1566 799 1943 866 exercitium
1963 799 2033 864 in
2046 798 2365 866 vicarium
2391 798 2729 880 transferat,

461 912 607 972 tum
634 905 716 972 ad
758 903 1086 971 evitandas
1113 902 1418 970 sactiones
1446 925 1591 992 quoe
1648 902 2031 992 regulariter
2073 904 2143 970 in
2194 902 2497 993 capitulis
2537 904 2732 992 vigere

463 1012 695 1096 solent,
728 1016 869 1078 tum
900 1010 1053 1099 quia
1080 1030 1216 1075 non
1254 1030 1511 1098 semper
1539 1008 1906 1098 capitulum
1939 1013 2035 1076 est
2084 1014 2580 1097 congregatum,
2633 1031 2730 1077 nec

464 1117 650 1186 facile
671 1115 1048 1206 congregari
1079 1122 1305 1206 potest,
1338 1115 1701 1206 praesertim
1731 1116 1800 1182 in
1824 1114 1904 1182 iis
1927 1137 2071 1204 quae
2095 1115 2374 1184 celerem
2405 1115 2727 1204 requirunt

462 1224 962 1314 expeditionem3
995 1224 1147 1290 hinc
1166 1222 1358 1290 hodie
1386 1223 1710 1290 contraria
1759 1220 2034 1289 invaluit
2077 1221 2415 1304 sententia,
2468 1227 2532 1289 et
2568 1224 2725 1311 juxta

459 1328 978 1418 quamplurimas
1028 1348 1362 1394 sacrarum
1410 1327 1991 1416 congregationum
2040 1327 2487 1411 resolutiones,
2536 1327 2724 1395 omni-

462 1431 732 1498 modum
749 1432 1220 1521 jurisdictionis
1233 1432 1622 1519 exercitium
1651 1454 1802 1522 quae
1819 1430 2138 1523 Episcopo
2162 1433 2586 1523 competebat,
2611 1435 2723 1522 pri·

458 1538 671 1605 vative
693 1538 770 1627 ad
784 1538 1168 1627 capitulum,
1193 1540 1505 1608 transitin
1524 1539 1842 1607 vicarium
1866 1538 2320 1629 capitularem3
2343 1540 2451 1606 cui
2474 1538 2722 1629 proinde

459 1645 849 1731 permissum
875 1649 970 1712 est
996 1650 1202 1713 totum
1233 1646 1300 1712 id
1329 1646 1560 1730 facere,
1588 1647 1761 1735 quod
1790 1645 1869 1713 de
1895 1648 2048 1735 jure
2078 1645 2333 1737 explere
2374 1650 2563 1735 potest
2582 1646 2716 1712 sede

457 1756 717 1816 vacante
737 1751 1098 1841 capitulum
1122 1753 1364 1842 ipsum,
1389 1751 1641 1820 etiamsi
1663 1752 1818 1820 alias
1840 1752 2196 1842 requireret
2234 1751 2501 1842 speciale
2540 1765 2712 1817 man-

453 1851 676 1920 datum
700 1882 716 1941 ;
743 1862 816 1921 ut
839 1857 1169 1945 respondit
1194 1856 1388 1926 Sacra
1417 1858 1846 1946 Congregatio
1890 1857 2394 1948 Episcoporum,
2426 1857 2496 1923 in
2520 1856 2712 1946 Aqui-

454 1957 637 2041 lcma,
673 1959 715 2026 8
748 1960 903 2029 maii
927 1960 1097 2029 1682
1121 1966 1212 2040 ;et
1237 1963 1304 2028 in
1322 1962 1820 2052 Fulqinatensz',
1851 1962 1924 2028 17
1959 1962 2321 2030 decembris
2343 1961 2549 2048 16833
2578 1963 2711 2029 etin

455 2067 863 2145 Mantuam,
925 2067 1006 2133 18
1054 2068 1226 2134 mail‘
1257 2068 1513 2136 1685...
1561 2067 1907 2148 Quinimo,
1965 2069 2216 2136 etiamsi
2254 2069 2615 2159 capitulum
2660 2068 2713 2134 in

452 2167 763 2237 electione
790 2171 1014 2240 vicarii
1065 2174 1439 2264 capitularis
1483 2195 1771 2264 expresse
1822 2175 1947 2242 sibi
1987 2179 2334 2242 reservaret
2376 2175 2714 2243 facultatem

453 2267 868 2365 dispensandi
903 2301 1101 2368 super
1127 2280 1505 2364 interstitiis,
1553 2281 1837 2370 aliasque
1888 2279 2124 2368 gratias
2175 2279 2481 2362 faciendi,
2528 2279 2714 2347 adhuc

451 2402 585 2448 non
638 2390 874 2452 attenta
928 2386 1312 2474 hujusmodi
1362 2388 1815 2467 reservatione,
1860 2386 2131 2454 facultas
2180 2385 2598 2478 dispensandi
2647 2384 2715 2452 ad

453 2485 766 2556 vicarium
817 2490 1238 2580 capitularem
1284 2499 1571 2582 spectare
1628 2494 1842 2581 debet,
1901 2498 1976 2561 ut
2039 2491 2284 2583 pluries
2335 2490 2717 2581 rescripsisse

447 2589 709 2657 Sacram
750 2594 1333 2682 Congregationem
1388 2597 1865 2690 Episcoporum
1910 2604 1973 2667 et
2017 2599 2415 2688 regularium
2464 2601 2717 2663 testatur

447 2694 801 2767 Monacelli.
845 2724 879 2763 >³
931 2699 1242 2789 (Riganti,
1301 2704 1797 2772 Commentaria
1849 2706 1923 2773 in
1970 2705 2239 2794 requlas
2279 2700 2709 2784 cancellar-zze,

446 2803 526 2869 ad
572 2804 869 2892 regulam
912 2805 1028 2893 24,
1067 2806 1208 2897 §3‚
1239 2829 1306 2874 n.
1354 2806 1487 2875 229
1513 2815 1577 2876 et
1620 2832 1787 2899 seq„
1821 2815 1997 2878 tomo
2040 2809 2125 2892 ll,
2165 2831 2311 2901 pag.
2360 2806 2513 2893 409,
2559 2805 2710 2873 edit.

447 2907 696 2996 Romae,
739 2911 963 3002 1745.)

534 3014 652 3081 His
678 3019 1020 3106 praeallatis
1034 3020 1113 3087 ad
1131 3020 1573 3089 resolvendam
1598 3025 2024 3112 quaestionem
2058 3022 2502 3090 deveniamus.

539 3121 603 3187 1⁰
631 3119 822 3190 Sacra
850 3123 1276 3214 Congregatio
1326 3148 1521 3217 super
1573 3129 1845 3219 negotiis
1868 3128 2343 3220 Episcoporum
2365 3134 2428 3194 et
2474 3124 2709 3214 regula·

443 3228 619 3293 rium
653 3251 784 3297 non
807 3230 1063 3298 videtur
1084 3254 1379 3322 unquam
1412 3234 1711 3302 variasse.
1751 3234 1897 3302 Non
1947 3256 2129 3326 posse
2160 3234 2344 3301 enim
2395 3229 2651 3300 limitari
2676 3248 2709 3294 a

443 3332 724 3419 capitulo
757 3337 1281 3420 J'urisdictionem
1335 3362 1533 3428 quam
1587 3341 1779 3409 tradit
1835 3342 2075 3409 vicario
2122 3339 2467 3430 capitulari
2525 3333 2706 3405 tenuit

441 3456 611 3502 anno
642 3438 838 3520 1587,
871 3462 1044 3506 anno
1079 3443 1273 3522 1603,
1308 3466 1481 3513 anno
1514 3445 1710 3529 1618,
1747 3468 1822 3513 ex
1848 3448 2053 3515 citatis
2073 3445 2506 3514 documentis.
2545 3441 2702 3512 Sem-

441 3561 557 3631 per
582 3548 799 3610 autem
822 3550 1036 3634 postea
1068 3548 1238 3614 idem
1260 3553 1545 3620 tenuisse
1582 3554 1854 3620 minime
1895 3553 2174 3620 dubium
2195 3574 2330 3619 esse
2360 3554 2582 3642 potest.

530 3648 597 3716 2ο
628 3648 1054 3741 Congregatio
1073 3662 1287 3722 autem
1317 3659 1602 3744 concilii,
1631 3681 1799 3748 quae,
1836 3665 1990 3727 teste
2022 3658 2359 3747 Fagnano,
2412 3649 2701 3747 paucissi-

439 3778 579 3824 mas
605 3759 988 3827 variationes
1015 3781 1198 3849 passa
1222 3768 1338 3844 est,
1372 3762 1440 3829 in
1471 3763 1591 3830 hac
1618 3765 1883 3832 materia
1911 3764 2204 3847 variavit,
2231 3764 2422 3852 quasi
2453 3773 2700 3848 sequens

436 3858 780 3946 ipsammet
809 3870 1416 3954 contemporaneum
1459 3867 1799 3938 doctorum
1856 3870 2305 3937 variationem.
2340 3867 2508 3935 Nam
2539 3877 2700 3954 posse

363 4030 395 4045 ‚
437 3968 734 4056 restringi
760 3968 1281 4058 jurisdictionem
1304 3993 1339 4037 a
1359 3973 1642 4061 capitulo
1666 3996 2037 4043 concessam
2083 3974 2326 4041 vicario
2350 3963 2694 4062 capitulari,

435 4072 729 4141 tenuerat
756 4098 927 4145 anno
963 4076 1133 4146 1632
1153 4085 1215 4145 et
1248 4078 1409 4146 1651
1437 4104 1453 4158 ;
1479 4085 1542 4147 et
1568 4080 1694 4147 sibi
1723 4081 1952 4150 Rotam
1978 4082 2485 4149 consentientem
2509 4074 2698 4143 habe—

438 4173 569 4249 bat·
597 4183 671 4240 ut
724 4186 896 4265 patet
940 4206 1015 4251 ex
1058 4186 1247 4253 citata
1277 4186 1595 4255 decisione
1645 4188 1844 4277 hujus
1890 4188 2256 4273 tribunaliS,
2291 4206 2463 4255 anno
2516 4174 2694 4248 1603·

435 4279 656 4454 llIostha
674 4303 847 4365 vere,
883 4286 963 4351 ab
983 4308 1154 4356 anno
1191 4291 1412 4359 saltem
1448 4292 1645 4378 1736,
1682 4295 2010 4362 sententia>
2057 4294 2367 4387 oppositae
2419 4291 2697 4358 constans

484 4410 592 4456 aesl
626 4440 639 4455 .
