2930 4982
347 311 472 368 246
1319 315 1661 362 'rnAcrA‘rcs

442 442 508 507 1ο
542 439 925 508 Assistentia
953 438 1241 530 praestari
1270 437 1456 506 debet
1470 439 1655 526 juxta
1680 436 1957 503 formam
1977 456 2174 524 quam
2196 435 2437 524 regulae
2459 434 2631 505 Pon-

346 546 601 615 tificalis
626 546 901 614 Romani
926 545 1377 636 praescribunt.
1407 581 1500 595 -
1525 544 1586 610 A
1614 541 1809 612 Sacra
1830 541 2341 631 Congregatione
2365 541 2633 612 Rituum

346 674 619 743 sequens
651 652 931 720 dubium
963 654 1132 719 inter
1165 650 1289 718 alia
1317 650 1631 718 declarari
1669 649 2139 740 supplicaverat
2170 647 2532 718 Cardinalis
2559 651 2635 718 de

348 761 591 844 Castro,
615 758 1018 851 Hispalensis
1041 757 1624 848 Archiepiscopus:
1650 782 1684 821 «
1704 755 1811 839 An
1835 754 2097 845 quando
2120 754 2254 845 ipse
2279 752 2638 824 Cardinalis

353 894 391 936 α
434 867 976 959 Archiepiscopus
1011 864 1385 933 solemniter
1429 863 1710 930 celebrat
1746 862 1843 928 vel
1885 861 2012 928 alia
2052 859 2442 951 pontificalia
2488 884 2637 929 mu-

355 999 392 1039 «
435 994 588 1040 nera
608 976 880 1056 exercet,
906 971 1291 1062 compellere
1314 972 1514 1060 possit
1537 969 1884 1058 dignitates
1906 974 1969 1036 et
1991 968 2358 1051 canonicOS,
2383 968 2641 1036 univer-

360 1105 393 1144 «
440 1099 717 1167 sumque
750 1078 1112 1168 capitulum
1158 1077 1442 1146 ecclesiae
1471 1097 1603 1144 suae
1636 1075 2140 1166 metropolitanae
2176 1079 2251 1142 ut
2287 1075 2412 1143 sibi
2454 1074 2642 1143 assis-

357 1212 393 1253 «
441 1191 578 1254 tant
604 1191 666 1252 et
693 1184 1088 1253 inserviant?
1121 1184 1202 1252 Et
1229 1182 1432 1274 posito
1456 1181 1633 1272 quod
1659 1203 1766 1249 eos
1796 1203 2024 1271 cogere
2052 1181 2270 1271 possit,
2305 1188 2502 1271 prout
2523 1180 2641 1248 sibi

360 1316 395 1358 et
427 1293 580 1382 J'ure
621 1290 812 1359 licere
840 1289 1185 1370 existimat,
1223 1311 1512 1379 quonam
1543 1289 1676 1356 ritu
1705 1294 1770 1355 et
1805 1309 1843 1355 a
1877 1287 2119 1377 quibus
2157 1286 2642 1355 inserviendum

361 1422 396 1463 ι(
434 1404 497 1467 et
532 1396 961 1466 assistendum
1000 1396 1131 1464 sit?
1158 1434 1249 1447 —
1277 1394 1707 1484 Congregatio
1737 1393 2112 1484 respondit:
2145 1396 2342 1462 Posse
2377 1395 2642 1462 Arclzie-

362 1531 398 1569 ι(
432 1504 786 1596 piscopum
827 1526 909 1572 ex·
948 1503 1201 1573 decreto
1239 1503 1504 1572 concilii
1543 1500 1914 1571 Tridentini
1946 1501 2116 1590 (sess.
2161 1500 2275 1584 24,
2312 1524 2368 1570 c.
2409 1501 2517 1592 12)
2544 1523 2644 1569 eos

361 1635 395 1674 «
439 1609 826 1698 compellere
877 1622 958 1677 ut
1012 1610 1143 1678 sibi
1198 1609 1519 1678 assistant
1568 1620 1634 1676 et
1686 1607 2080 1675 inserviant.
2132 1605 2364 1676 Modus
2412 1619 2644 1674 autem

365 1740 399 1781 «
444 1713 797 1783 assistendi
831 1726 896 1782 et
926 1713 1327 1782 inserviendi
1351 1714 1408 1782 is
1451 1736 1582 1781 esse
1610 1712 1817 1796 debet,
1848 1736 2042 1803 quem
2082 1713 2333 1802 requloe
2359 1711 2642 1802 Pontifi-

365 1845 400 1885 «
445 1818 611 1887 calis
627 1820 919 1887 Romani
922 1819 1393 1910 praescribunt.
1424 1819 1544 1888 Die
1568 1819 1654 1888 23
1678 1821 1896 1887 martii
1926 1817 2122 1886 1592.
2152 1844 2186 1882 »
2217 1817 2405 1898 Quod
2433 1818 2644 1895 decre-

358 1933 502 1994 tum
533 1925 990 1993 confirmatum
1029 1925 1150 1993 suit
1191 1925 1417 1994 litteris
1456 1927 1528 1993 in
1566 1926 1778 1993 forma
1809 1925 2024 1995 brevis
2053 1947 2091 1992 a
2118 1924 2449 1992 Clemente
2470 1921 2636 1999 VIII,

358 2029 464 2100 die
501 2030 582 2100 13
612 2030 792 2121 junii
834 2031 1032 2099 1592.
1078 2030 1297 2123 (Apud
1326 2030 1689 2100 Gardellini
1738 2033 1806 2098 in
1849 2031 2011 2098 tomi
2045 2032 2082 2099 7
2112 2028 2492 2121 appendice,
2530 2029 2642 2096 sub

360 2147 433 2205 n⁰
462 2137 539 2205 21
559 2188 575 2215 ,
606 2139 843 2228 pagina
877 2160 1029 2207 vero
1080 2137 1219 2230 19.)
1251 2138 1430 2207 Idem
1470 2139 1731 2230 probari
1760 2142 1974 2227 posset
2027 2138 2253 2205 multis
2291 2136 2437 2206 aliis
2479 2136 2634 2204 deci-

363 2242 692 2326 sionibus3
743 2243 853 2312 sed
892 2265 998 2313 eas
1040 2243 1431 2325 omittimuS,
1476 2266 1631 2314 cum
1673 2243 1860 2315 nulla
1905 2233 2076 2313 circ'a
2114 2244 2239 2313 hoc
2275 2248 2451 2311 extet
2498 2264 2638 2311 con-

363 2350 695 2417 troversia.

457 2452 524 2519 2ο
569 2453 855 2530 Debetur
907 2456 1104 2525 etiam
1150 2457 1505 2526 assistentia
1550 2457 1867 2551 Episcopo
1891 2511 1910 2543 ,
1956 2456 2216 2548 quando
2262 2454 2643 2547 pontificalia

367 2567 615 2627 exercet
642 2562 796 2629 alibi
828 2584 1028 2650 quam
1058 2566 1130 2630 in
1159 2565 1509 2632 cathedrali
1535 2565 1825 2649 ecclesia,
1851 2566 2044 2634 modo
2082 2570 2297 2632 tamen
2320 2585 2446 2631 non
2473 2567 2639 2628 extra

370 2664 695 2735 civitatem
725 2671 838 2734 aut
864 2668 1204 2737 suburbia.
1242 2707 1334 2721 —
1363 2670 1536 2739 Inter
1571 2674 1747 2739 varia
1783 2673 2105 2763 proposita
2141 2672 2341 2739 dubia
2367 2692 2405 2737 a
2431 2668 2643 2737 cardi—

372 2771 507 2840 nali
577 2772 657 2840 de
714 2772 935 2841 Castro
1003 2773 1371 2865 Hispalensi
1428 2778 1934 2868 Archiepiscopo
1996 2779 2082 2846 ita
2144 2778 2477 2866 legebatur
2530 2772 2643 2842 sub

373 2899 646 2946 numero
689 2877 731 2945 2
782 2902 799 2945 z
862 2904 896 2944 «
938 2878 1274 2965 Praeterea,
1317 2882 1374 2949 si
1424 2884 1687 2971 quando
1741 2884 2144 2971 contingeret
2187 2890 2259 2951 ut
2303 2882 2504 2949 missa
2542 2901 2644 2969 per

380 3011 415 3049 a
462 2986 765 3054 eumdem
784 2987 1370 3080 Archiepiscopum
1390 2992 1768 3059 solemniter
1791 2991 2172 3058 celebranda
2187 2989 2290 3058 vel
2309 2990 2452 3056 aliae
2472 2988 2645 3054 func-

378 3116 417 3159 «
460 3093 667 3161 tiones
720 3094 1120 3184 pontificales
1174 3102 1383 3167 essent
1447 3099 1816 3166 exercendae
1870 3102 2044 3164 extra
2095 3094 2646 3185 metropolitanam

383 3222 418 3261 α
452 3198 816 3288 θοοΙθείειιῐι,
837 3199 907 3267 in
930 3201 1150 3290 aliqua
1173 3208 1390 3271 tamen
1414 3204 1708 3294 ejusdem
1734 3204 2008 3271 civitatis
2030 3203 2131 3271 vel
2159 3202 2642 3280 suburbiorum,

383 3326 418 3365 α
461 3324 546 3369 an
586 3305 884 3373 similiter
919 3308 1117 3395 possit
1150 3309 1539 3399 compellere
1583 3308 1966 3400 capitulares
2012 3314 2084 3375 ut
2130 3306 2256 3375 sibi
2306 3305 2648 3375 inserviant

382 3432 419 3473 «
453 3414 515 3478 et
555 3411 871 3493 assistant,
911 3417 976 3478 et
1005 3415 1059 3482 si
1088 3415 1395 3505 praedicta
1431 3416 1701 3483 ecclesia
1742 3419 1903 3483 esset
1941 3415 2300 3502 collegiata,
2345 3411 2417 3479 in
2449 3421 2647 3500 'eaque

378 3539 418 3582 ι(
452 3515 597 3584 aliae
623 3514 970 3605 dignitates
999 3524 1062 3586 et
1088 3520 1383 3588 canonici
1418 3519 1752 3587 adessent?
1779 3546 1812 3585 »
1852 3519 1920 3588 S.
1954 3518 2383 3608 congregatio
2408 3517 2648 3584 rituum

372 3624 704 3715 respondit
731 3647 747 3690 ε
778 3623 996 3692 Licere
1029 3614 1235 3694 etiam
1257 3626 1389 3717 ipsi
1411 3626 1914 3718 Archiepiscopo
1949 3625 2207 3695 eosdem
2234 3622 2645 3714 compellere,

372 3732 621 3819 quoties
672 3728 767 3799 ad
811 3731 991 3799 alias
1043 3731 1331 3822 ejusdem
1380 3732 1672 3801 civitatis
1722 3743 1787 3800 et
1840 3732 2308 3801 suburbiorum
2357 3727 2652 3797 ecclesias

372 3836 741 3905 accedittad
766 3837 1050 3929 aliquod
1060 3840 1455 3930 pontificale
1479 3862 1720 3907 munus
1747 3837 2197 3908 exercendum.
2243 3839 2487 3906 Verum
2511 3854 2653 3902 cum

372 3940 640 4007 lionoris
666 3954 731 4008 et
764 3943 1019 4012 servitii
1039 3945 1147 4011 sui
1171 3967 1371 4012 causa
1399 3947 1690 4013 voluerit
1717 3945 1802 4013 ab
1833 3945 2103 4014 ecclesia
2129 3935 2657 4033 metropolitana

372 4044 733 4135 diqnitates
759 4063 826 4117 et
852 4050 1195 4118 canonicos
1223 4050 1523 4141 aliosque
1550 4051 1954 4144 capitulares
1984 4050 2352 4135 eoetrahere,
2381 4048 2504 4138 qui
2534 4044 2658 4114 sibi

372 4149 755 4222 solemniter
806 4156 1170 4225 celebranti
1220 4156 1331 4226 vel
1362 4158 1801 4249 pontificalia
1835 4156 2177 4226 exercenti
2223 4152 2545 4224 assistant
2601 4159 2660 4218 et

373 4256 762 4355 inseroiant,
795 4274 974 4327 curet
1020 4262 1123 4350 (ut
1162 4286 1297 4353 par
1340 4264 1459 4354 est)
1504 4288 1587 4333 ne
1630 4265 1776 4356 ipsa
1817 4264 2088 4334 ecclesia
2135 4258 2662 4351 metropolitana

375 4364 698 4437 ministris
744 4367 1049 4438 omnibus
1091 4367 1521 4463 destituatur,
1562 4372 1904 4465 debitoque
1941 4370 2131 4441 cultu
2174 4381 2239 4439 et
2284 4370 2512 4462 officio
2559 4367 2664 4437 de·
