2930 4982
383 357 464 411 74
1320 382 1328 391 ·
1353 366 1691 414 ΤΒΑΟΥΑΤΙῙΒ

378 484 506 553 sint
553 486 632 552 de
682 485 963 581 capitulo
993 539 1012 570 ,
1072 488 1448 578 praecedunt
1494 487 1689 554 etiam
1746 486 1818 553 in
1869 486 2119 554 actibus
2177 485 2660 576 capitularibus.

468 592 536 659 2ο
550 594 649 661 Ad
680 594 847 683 ipsas
864 595 1162 686 pertinet,
1179 594 1495 689 impedito
1508 594 1830 685 Episcopo
1840 646 1856 672 ,
1873 593 2248 661 exercitium
2263 592 2670 660 functionum

374 723 520 789 quae
550 701 857 768 dicuntur
885 700 1342 791 Pontificales,
1387 700 1521 769 sive
1550 702 1701 785 sint,
1741 701 1873 768 sive
1908 722 2037 767 non
2065 700 2194 767 sint
2227 700 2305 767 de
2344 698 2664 789 capitulo;

383 807 528 873 «ita
552 813 647 888 ut,
678 806 768 873 ait
787 806 1274 875 Scarsantonius
1302 806 1437 897 (t.1,
1472 830 1536 897 p.
1576 806 1730 892 177,
1760 806 1914 874 edit.
1947 806 2287 892 Lucensis,
2312 804 2532 896 1723),
2566 807 2670 873 vel

381 938 415 977 «
438 914 517 980 ad
558 913 842 1003 primam
869 913 1275 1001 dignitatem,
1312 914 1410 980 vel
1430 915 1510 981 ad
1536 920 1916 1003 sequentem
1937 913 2009 979 in
2036 913 2240 1001 gradu
2250 964 2268 998 ,
2302 933 2433 979 non
2462 913 2541 979 ad
2561 933 2669 979 ca-

380 1045 415 1083 «
444 1019 760 1086 nonicum
796 1019 1405 1103 hebdomadarium,
1451 1026 1731 1110 spectet3
1768 1040 1977 1109 neque
2010 1041 2124 1110 per
2150 1019 2525 1110 episcopum
2565 1018 2686 1086 al-‘

379 1110 412 1189 ὲ(
434 1124 578 1209 teri,
606 1148 725 1192 nec
745 1126 868 1216 ipsi
890 1148 1007 1193 suo
1026 1127 1314 1217 generali
1336 1127 1601 1207 vicario,
1629 1118 1946 1195 committi
1970 1127 2184 1216 possit.
2211 1124 2453 1193 Eodem
2475 1127 2668 1193 modo

377 1256 412 1295 «
437 1254 590 1319 quo,
635 1231 943 1321 impedita
980 1232 1190 1322 prima
1232 1233 1576 1322 dignitate,
1629 1256 1759 1301 non
1814 1240 2019 1324 potest
2063 1233 2287 1300 eadem
2328 1252 2445 1321 pro
2480 1231 2672 1299 libito

376 1363 410 1403 «
443 1338 649 1405 alium
672 1338 1024 1426 subrogare
1047 1341 1112 1406 in
1135 1342 1274 1429 ejus
1303 1339 1522 1407 locum
1547 1364 1563 1420 ;
1593 1341 1701 1407 sed
1731 1340 1799 1406 in
1829 1339 2019 1407 illum
2040 1341 2362 1407 subintrat
2384 1339 2670 1427 dignitas

376 1469 409 1509 «
436 1445 837 1534 subsequens
860 1447 928 1512 in
961 1447 1188 1535 gradu.
1207 1446 1323 1538 (De
1342 1446 1545 1530 Luca,
1580 1450 1676 1514 De
1692 1468 2005 1538 procem„
2042 1447 2202 1514 disc.
2234 1445 2341 1529 19,
2369 1468 2435 1511 n.
2462 1446 2672 1511 11.—

377 1577 411 1613 «
431 1549 633 1633 Idem,
664 1555 759 1617 De
777 1551 1027 1641 φοραί,
1056 1551 1213 1620 disc.
1245 1553 1358 1639 64,
1397 1575 1463 1619 n.
1502 1552 1568 1620 2.
1626 1590 1717 1603 —
1768 1553 1968 1635 Idem,
2005 1551 2323 1636 Miscell.,
2353 1551 2510 1619 disc.
2542 1551 2663 1636 37,

374 1680 505 1725 «n.
541 1657 605 1724 8.
645 1695 735 1707 —
772 1657 1141 1745 Pignatelli,
1179 1659 1490 1726 Consult.
1525 1659 1636 1742 27,
1676 1681 1743 1727 n.
1799 1660 1867 1736 5,
1908 1666 1958 1725 t.
1990 1658 2199 1727 lV.—
2224 1658 2530 1739 Barbosa,
2568 1661 2671 1724 De

375 1788 408 1827 «
437 1763 791 1845 canonicis,
826 1786 882 1832 c.
917 1765 983 1847 5,
1014 1787 1082 1831 n.
1117 1762 1256 1855 46.)
1275 1764 1636 1833 Concordat
1653 1765 1988 1855 dispositio
2010 1764 2470 1833 caeremonialis
2498 1764 2671 1854 Epi-

371 1894 405 1932 «
439 1891 784 1959 scoporum
814 1870 879 1959 (l.
933 1893 976 1952 1,
1017 1893 1074 1937 c.
1107 1868 1218 1960 26)
1251 1895 1268 1948 ;
1316 1877 1378 1937 et
1411 1872 1675 1938 resolvit
1703 1871 2197 1939 sacra-Rittium
2237 1866 2672 1960 Congregatio'

373 2004 407 2043 «
469 1977 567 2063 (11
609 1977 892 2044 februar.
930 1977 1201 2044 1702111
1234 1976 1696 2066 Gerundensi).
1827 1996 1830 2001 ·

454 2080 519 2147 3⁰
563 2109 596 2145 «
648 2080 1003 2169 Suffragari
1055 2092 1211 2149 non?
1236 2089 1443 2173 posset
1499 2084 1806 2150 adversus
1844 2084 2141 2150 eamdem
2177 2082 2668 2173 dispositionem

371 2212 404 2250 «
436 2186 692 2276 (nempe
720 2186 1219 2255 Goeremonialis
1251 2189 1765 2279 Episcoporum)
1791 2192 2114 2257 contraria
2134 2190 2556 2273 consuetudo,
2598 2195 2669 2256 ut

370 2319 404 2356 «
425 2295 539 2360 dec
548 2294 703 2360 revit
720 2316 899 2362 sacra
914 2294 1186 2362 Rituum
1203 2295 1632 2383 Congregatio
1653 2293 1740 2385 (in
1757 2295 2256 2379 Brittinoriensi,
2281 2296 2368 2363 26
2389 2301 2669 2385 septem-

370 2399 554 2465 «bris
575 2399 795 2490 1682).
822 2400 1235 2468 Consuetudo
1257 2401 1799 2469 immemorabilis
1825 2402 2079 2469 videtur
2090 2402 2430 2490 suffragari
2451 2423 2658 2491 posse.

452 2506 520 2570 4⁰
564 2533 595 2568 «
624 2505 805 2573 Ultra
833 2507 1179 2574 recensitas
1212 2509 1587 2576 functiones
1615 2508 2013 2596 episcopales
2044 2512 2400 2595 spectantes
2417 2507 2495 2570 ad
2516 2508 2662 2593 pri-

371 2636 404 2675 «
438 2633 611 2678 mam
633 2612 1035 2700 dignitatem,
1077 2614 1207 2695 vel,
1256 2636 1329 2681 ea
1365 2614 1700 2703 impedita,
1749 2613 1826 2679 ad
1881 2619 2253 2699 sequentem
2296 2612 2365 2676 in
2417 2612 2653 2696 gradu,

373 2742 407 2781 «
441 2719 714 2808 pertinet
747 2719 939 2786 etiam
980 2719 1091 2786 illa
1128 2718 1709 2787 administrationis
1760 2724 2311 2785 sacramentorum
2336 2715 2660 2808 Episcopo

374 2848 408 2888 «
436 2824 842 2892 decumbenti
868 2854 884 2912 ;
920 2848 1121 2915 eoque
1149 2826 1294 2893 defu
1305 2833 1451 2892 noto
1477 2825 1817 2891 celebratio
1840 2824 2134 2891 funebris
2157 2823 2380 2890 officii.

443 2931 510 2998 5⁰
545 2956 578 2995 «
598 2931 841 2999 Pariter
859 2933 937 2999 ad
961 2933 1240 3022 primam
1261 2929 1670 3018 dignitatem,
1691 2930 1826 2996 sive
1854 2930 1937 2996 ad
1958 2929 2161 2995 alium
2190 2928 2564 3017 digniorem
2583 2952 2655 2997 ea

375 3035 742 3125 «impedita
785 3044 1023 3126 spectat
1066 3037 1254 3127 fungi
1295 3036 1506 3104 officio
1556 3034 1913 3126 presbyteri
1960 3035 2308 3102 assistentis
2335 3035 2649 3124 Episcopo

372 3167 406 3205 «
438 3142 784 3210 celebranti
820 3143 888 3208 in
922 3145 1426 3232 pontificalibus,
1459 3150 1533 3211 ut
1565 3143 1850 3211 habetur
1872 3143 1943 3208 in
1980 3142 2447 3210 Coeremonialz'
2491 3142 2653 3232 Epi-

374 3273 407 3311 «
431 3270 775 3337 scoporum
803 3250 923 3340 (tit.
956 3253 1050 3317 De
1078 3251 1307 3340 officior
1320 3250 1695 3339 presbyteri
1712 3250 2102 3327 assistentia,
2127 3272 2185 3316 c.
2219 3247 2308 3339 7).

454 3354 519 3420 6ο
553 3380 586 3419 «
629 3355 808 3421 Licet
832 3356 1114 3422 multum
1149 3356 1540 3423 conveniens
1567 3356 1789 3423 existat
1819 3362 1893 3422 ut
1922 3356 2156 3445 primae
2172 3353 2523 3445 dignitates
2551 3377 2654 3421 ca-

370 3484 403 3523 «
434 3461 818 3527 tbedralium
852 3461 981 3527 sint
1002 3461 1326 3549 insignitae
1359 3460 1579 3527 laurea
1610 3461 1948 3546 doctorali,
1978 3463 2161 3549 juxta
2190 3462 2494 3552 disposita
2531 3482 2644 3551 per

371 3593 404 3632 «
428 3566 683 3634 sacrum
714 3567 1547 3635 conciliumTridentinum
1584 3567 1758 3657 (sess.
1791 3567 1904 3649 24,
1939 3590 1997 3635 c.
2032 3568 2137 3653 12,
2174 3570 2252 3636 de
2274 3570 2416 3655 ref.)
2445 3619 2463 3653 ‚
2487 3574 2649 3635 atta-

371 3701 404 3738 «
431 3699 576 3743 men
613 3698 744 3742 non
784 3674 1047 3766 praecise
1072 3678 1401 3741 arctantur
1428 3675 1508 3741 ad
1540 3675 2018 3766 suscipiendam
2047 3676 2337 3743 lauream
2372 3675 2648 3765 praedic-

369 3806 402 3845 «
432 3788 581 3848 tam.
610 3807 643 3846 »
679 3781 1210 3873 (ScarfantoniuS,
1237 3788 1282 3849 t.
1307 3781 1363 3870 Ι,
1385 3807 1451 3874 p.
1481 3782 1603 3849 177
1634 3789 1696 3850 et
1715 3805 1881 3872 seq„
1905 3783 2054 3850 edit.
2077 3782 2387 3864 Lucens,
2418 3782 2496 3847 17
2502 3778 2642 3862 23.)
