2930 4982
518 346 643 405 404
1497 350 1841 400 ‘memus

513 483 814 569 praeterea
857 476 923 543 in
956 473 1268 542 omnibus
1316 472 1537 540 causis
1583 470 1839 539 ardui&
1894 470 2147 541 Decisio
2195 471 2370 542 Rotae
2414 473 2620 542 fuerat
2665 477 2776 564 pri-

512 607 699 652 mum
746 581 1160 664 affirmativa,
1212 582 1399 670 juxta
1445 601 1709 648 sensum
1759 579 2122 646 multorum
2171 582 2650 649 canonistarum
2694 581 2773 671 (in

508 710 701 758 causa
726 686 1195 763 Barbastrensi,
1229 687 1280 775 7,
1301 686 1476 774 junii
1510 685 1710 770 1595,
1751 706 1972 752 coram
2003 684 2390 778 Pamphilo).
2441 685 2677 770 Postea,
2713 709 2769 755 re

507 797 745 865 iterum
780 794 1129 884 proposita,
1161 792 1386 860 eadem
1411 791 1568 860 Rota
1598 791 1800 859 dubia
1824 792 2009 860 haesit
2034 798 2096 859 et
2117 792 2328 861 noluit
2352 792 2761 884 pronuntiare,

503 909 579 971 ut
604 901 824 970 videre
868 906 963 969 est
990 901 1059 967 in
1105 899 1425 968 decisione
1465 900 1509 967 9
1554 899 1755 991 partis
1789 900 1815 966 1
1873 900 2318 967 recentiorum
2361 900 2757 967 decisionum.

505 1007 678 1078 Cum
723 1014 940 1075 tamen
987 1005 1338 1075 decisiones
1380 1027 1578 1097 supra
1605 1006 1812 1074 allatae
1841 1003 2374 1095 Congregationis
2399 1005 2643 1075 concilii
2674 1005 2762 1072 di-

504 1120 677 1200 cant,
728 1134 857 1180 non
905 1113 1157 1202 requiri
1207 1133 1601 1181 consensum
1640 1112 1923 1203 'capituli
1956 1113 2099 1180 nisi
2145 1112 2221 1180 in
2263 1112 2525 1180 casibus
2567 1135 2605 1178 a
2623 1113 2762 1200 jure

503 1219 850 1309 capressis,
876 1219 1271 1287 sufficienter
1298 1218 1422 1286 hoc
1449 1219 1589 1310 ipso
1612 1218 1866 1286 videtur
1892 1218 2278 1306 resolutum,
2310 1219 2501 1287 illum
2523 1240 2757 1287 consen-

500 1348 651 1396 sum
680 1347 811 1393 non
838 1324 1084 1415 requiri
1102 1325 1170 1392 in
1198 1325 1506 1393 omnibus
1538 1325 1748 1393 causis
1773 1325 2016 1409 arduis,
2048 1318 2173 1394 nisi
2199 1325 2360 1393 forte
2384 1326 2608 1414 aliquis
2629 1347 2757 1393 con-

503 1433 789 1501 tenderet
820 1454 1050 1499 causas
1081 1431 1332 1499 ara'uas
1358 1452 1495 1499 esse
1536 1452 1749 1498 unum
1786 1452 1861 1498 ex
1890 1431 2144 1500 casibus
2183 1454 2218 1498 a
2253 1434 2405 1521 jure
2432 1433 2750 1523 expressis:

498 1561 643 1629 quae
669 1539 890 1629 opinio
917 1544 1138 1606 utrum
1177 1538 1529 1628 probabilis
1557 1537 1688 1606 dici
1720 1538 1939 1628 possit,
1973 1537 2371 1607 doctioribus
2412 1538 2752 1630 expenden—

497 1646 656 1712 dum
689 1644 1154 1733 relinquimus·

585 1751 651 1819 9.
696 1750 1000 1820 Vicarius
1028 1749 1346 1840 generalis
1378 1750 1690 1841 Episcopi
1730 1750 2035 1841 praecedit
2062 1751 2133 1818 in
2162 1753 2407 1841 synodo
2441 1753 2747 1821 canonicos

488 1864 552 1928 ct
579 1855 917 1946 dignitates
938 1879 1070 1925 non
1093 1857 1351 1925 indutos
1376 1857 1573 1925 sacris
1596 1856 1902 1940 vestibuS,
1934 1862 2008 1924 ut
2025 1863 2316 1926 statuunt
2338 1859 2555 1949 plures
2572 1857 2745 1927 Sacrae

489 1965 1023 2054 Congregationis
1085 1964 1338 2031 rituum
1410 1963 1766 2031 decisiones
1828 1985 1990 2054 quas
2060 1964 2252 2033 refert
2304 1964 2743 2034 Scarfantonius

494 2068 561 2158 (t.
595 2068 673 2154 ll,
711 2093 774 2158 p.
812 2068 987 2159 126).

582 2174 686 2243 10.
722 2174 884 2244 Sede
909 2182 1174 2245 vacante
1203 2176 1563 2266 capitulum
1590 2175 1973 2243 cathedralis
2003 2181 2233 2266 potest,
2275 2178 2412 2247 imo
2447 2179 2737 2249 debetsin·

487 2282 661 2370 gulis
689 2284 876 2349 annis
900 2286 1221 2372 synodum
1253 2303 1667 2372 congregare.
1702 2281 1888 2362 Quod
1920 2288 2135 2351 tamen
2158 2285 2248 2352 ita
2274 2287 2734 2378 intelligendum

482 2396 599 2467 est,
632 2394 706 2456 ut
747 2392 1159 2478 congregatio
1187 2391 1413 2479 synodi
1446 2391 1557 2458 fiat
1575 2411 1690 2480 per
1726 2388 2043 2458 vicarium
2067 2393 2509 2482 capitularem,
2541 2414 2735 2484 quem·
2848 2414 2849 2419 ¹

480 2494 835 2564 admodum
873 2518 911 2563 a
947 2495 1141 2565 Sacra
1186 2497 1702 2586 Congregatione
1739 2498 2002 2568 concilii
2028 2498 2321 2570 decisum
2362 2504 2546 2571 refert
2591 2504 2736 2569 inter

478 2598 637 2667 alios
665 2599 1151 2669 Scarfantonius
1184 2603 1332 2691 (loc.
1368 2603 1507 2686 cit.,
1540 2624 1608 2670 n.
1646 2601 1781 2694 25).

570 2707 675 2774 11.
721 2705 879 2776 Item
922 2708 1001 2775 ad
1034 2707 1356 2775 vicarium
1386 2709 1834 2800 capitularem,
1884 2710 2032 2779 sede
2067 2718 2344 2799 vacante,
2382 2719 2441 2781 et
2482 2736 2604 2783 nou
2661 2716 2731 2783 ad

476 2814 839 2904 capitulum
864 2813 1163 2904 pertinet,
1193 2837 1422 2884 curare
1449 2821 1525 2883 ut
1553 2817 1625 2883 in
1663 2817 1909 2905 synodo
1945 2822 2382 2909 approbentur
2404 2821 2620 2889 saltem
2642 2844 2728 2890 sex

476 2920 937 2987 examinatores
966 2919 1301 3009 synodales
1336 2943 1454 3011 pro
1491 2921 1936 2989 examinandis
1967 2923 2047 2991 iis
2083 2928 2324 3015 quibus
2364 2927 2724 2996 conferenda}

473 3030 626 3092 sunt
671 3025 958 3094 ecclesiae
997 3028 1419 3116 parochialeS.
1448 3026 1640 3118 (Vide
1667 3027 2009 3111 Massobr.,
2049 3035 2144 3099 De
2180 3034 2458 3125 synode,
2503 3057 2629 3125 cap.
2667 3033 2717 3116 2,

472 3131 628 3198 dub.
662 3132 745 3211 43
779 3132 925 3199 vide
969 3133 1162 3200 etiam
1214 3155 1332 3223 pro
1368 3140 1497 3201 tota
1532 3135 1884 3223 quaestione
1927 3136 1994 3202 in
2044 3142 2347 3228 praesenti
2387 3141 2582 3231 capite
2620 3139 2715 3205 dis·

470 3257 654 3304 cussa
678 3236 1099 3306 Benedictum
1127 3239 1311 3327 XIV,
1340 3244 1437 3308 De
1453 3239 1706 3331 synodo
1728 3239 2152 3335 dioecesana.)

555 3337 855 3418 Diximus
908 3349 1164 3412 tantum
1218 3346 1299 3412 de
1346 3349 1498 3435 jure
1555 3350 1851 3439 capituli,
1886 3351 2145 3418 relative
2194 3351 2272 3419 ad
2322 3352 2708 3420 dioecesanam

467 3446 809 3535 synodum.
862 3448 1034 3529 Quid
1078 3472 1227 3518 vero
1258 3452 1519 3520 relative
1570 3456 1651 3522 ad
1699 3459 2051 3527 concilium
2097 3457 2539 3548 provinciale?
2580 3455 2707 3524 Fuso

454 3552 890 3623 'disseruimus
948 3557 1014 3622 in
1062 3562 1332 3625 tractatu
1378 3562 1477 3626 De
1523 3562 1775 3651 synodo
1800 3564 2234 3655 provinciali.
2266 3564 2477 3631 Habet
2518 3579 2704 3649 nempe

464 3660 571 3748 jus
594 3666 668 3726 ut
693 3667 990 3745 vocetur-3
1021 3669 1223 3752 potest
1251 3665 1553 3735 interesse
1582 3692 1699 3757 per
1726 3678 2210 3760 procuratores3
2245 3693 2375 3738 non
2413 3663 2700 3738 habetnisi

470 3771 684 3834 votum
712 3770 1146 3838 consultivum
1172 3773 1317 3839 sede
1353 3773 1567 3864 plena.
1598 3775 1724 3845 Sed
1762 3778 1906 3846 sede
1929 3784 2217 3862 vacante,
2250 3779 2467 3868 ipsum
2499 3774 2698 3866 capitu·
2792 3767 2795 3832 ι’

334 3944 340 3950 ‚
458 3869 627 3959 lum,
653 3875 753 3942 vel
781 3877 1057 3946 vicarius
1082 3879 1452 3968 capitularis
1484 3881 1674 3950 habet
1701 3891 1927 3953 votum
1955 3884 2332 3953 decisivum.
