2930 4982
399 313 425 368 1
444 311 478 366 3
489 309 522 363 Ξ
1369 310 1710 357 TRAc'rA'rus

403 468 437 508 «
467 446 529 509 et
559 439 700 530 24),
739 438 818 506 de
849 437 1030 505 Luca
1057 437 1179 526 (De
1204 432 1563 515 canoniciS,
1606 431 1767 500 disc.
1794 429 1904 513 37,
1947 451 2016 497 n.
2059 429 2151 520 2).
2193 457 2225 494 »
2266 429 2667 522 (Thesaurus

393 545 619 631 resol„
652 549 814 611 tom.
847 540 1079 619 XCVI,
1114 561 1263 630 pag.
1304 538 1481 626 543.)
2100 627 2102 630 Α

477 651 597 719 Die
620 648 1007 738 28januarii
1039 643 1206 712 1837
1234 645 1303 711 in
1331 665 1521 712 causa
1540 642 1874 723 Januensi,
1905 642 2048 709 haec
2070 642 2140 708 in
2166 640 2671 732 Congregatione

388 758 649 828 concilii
689 753 1112 824 dicebantur:
1173 775 1208 815 «
1243 748 1431 830 Quod
1476 748 1557 816 ad
1604 747 1948 816 canonicos
1993 746 2371 815 honorarios
2423 749 2665 834 attinet,

395 890 432 932 ι(
469 858 1121 932 animadvertendum
1146 858 1345 947 quod,
1373 857 1524 924 licet
1547 861 1731 924 caute
1748 853 2107 923 admodum
2128 852 2210 922 ad
2234 875 2464 922 eorum
2489 855 2668 925 insti-

395 996 430 1037 «
466 970 782 1037 tutionem
806 964 1290 1057 procedendum
1327 964 1433 1050 sit,
1462 969 1681 1030 tamen
1713 983 1956 1029 novum
1978 982 2112 1029 non
2131 965 2312 1028 estut
2328 956 2668 1050 aliquando

395 1102 428 1141 «
463 1076 885 1144 instituantur
914 1070 1210 1141 canon'ici
1237 1068 1595 1151 honorarii,
1623 1068 1739 1136 ubi
1759 1066 1828 1134 id
1848 1066 2125 1158 postulat
2146 1067 2427 1135 ecclesiae
2451 1089 2664 1137 neces-

395 1207 428 1247 «
468 1183 639 1250 sitas.
670 1179 787 1247 Ast
807 1179 879 1246 in
906 1179 1211 1260 themate,
1241 1175 1357 1242 ubi
1391 1173 1853 1264 capitularium
1882 1193 2200 1240 numerus
2223 1172 2305 1239 ad
2333 1178 2665 1242 sextenum

392 1312 426 1353 «
456 1290 845 1368 arctetur,...
884 1285 1026 1373 jam
1061 1281 1361 1371 quaedam
1407 1285 1671 1369 exurget
1712 1279 2051 1347 necessitas
2087 1278 2337 1367 aliquos
2366 1277 2656 1347 'addendi

390 1386 441 1459 (ι’
457 1394 656 1461 choro
684 1391 1107 1479 mancipatoS,
1140 1392 1215 1455 ut
1236 1388 1289 1455 si
1311 1387 1425 1476 qui
1453 1387 1923 1454 canonicorum
1944 1384 2126 1452 senio
2150 1383 2444 1467 confecti,
2475 1385 2662 1452 infir-

388 1524 422 1564 «
460 1499 677 1567 mitate
713 1497 1076 1564 laborantes
1123 1494 1224 1561 vel
1264 1493 1558 1582 legitime
1595 1491 1890 1583 impediti
1934 1492 2363 1582 reperiantur,
2426 1511 2653 1558 eorum

387 1631 422 1671 «
453 1606 798 1695 suppleant
831 1601 1148 1682 officium,
1190 1622 1272 1668 ne
1313 1600 1470 1669 alias
1507 1620 1684 1669 sacra
1705 1598 1972 1687 liturgia
1994 1598 2240 1666 absolvi
2267 1603 2559 1686 nequeat.
2609 1622 2644 1660 »

377 1711 767 1801 (Thesaurus
796 1707 1096 1788 resolut„
1133 1710 1293 1774 tom.
1318 1704 1579 1794 xcvll,
1607 1726 1756 1797 pag.
1791 1703 1926 1794 11.)

1472 1991 1585 2069 §2

411 2179 446 2216 A
477 2177 582 2223 QUO
617 2175 860 2216 TEMPORE
900 2172 1224 2213 INVALUERIT
1261 2172 1362 2211 MOS
1412 2170 1647 2210 CREANDI
1687 2170 1984 2210 CANONICOS
2026 2168 2367 2211 HONORARIOS
2411 2172 2632 2212 PROPRIE

1420 2269 1625 2308 DICTOS·

457 2453 686 2521 Fateor
724 2451 907 2519 nulla
946 2450 1112 2517 mihi
1148 2449 1508 2518 occurrisse
1537 2453 1633 2516 sat
1674 2449 1845 2519 clara
1878 2451 2289 2536 documenta,
2335 2474 2371 2518 e
2410 2453 2654 2540 quibus

367 2561 790 2650 quaestionem
812 2558 980 2625 hanc
1008 2562 1366 2645 utcumque
1385 2555 1629 2623 solvere
1655 2578 1933 2646 possem.
1963 2556 2224 2625 Veteres
2248 2556 2514 2646 quidem
2545 2581 2658 2627 ca-

366 2668 637 2736 nonistae
664 2670 1028 2732 memorant
1055 2664 1396 2731 canonicos
1415 2665 2017 2753 supranumerarios
2046 2665 2183 2733 sine
2206 2664 2553 2755 praebenda
2584 2675 2650 2733 et

366 2775 506 2842 sine
525 2770 946 2864 promissione
967 2774 1284 2837 vacaturae
1302 2769 1667 2858 praebendae
1687 2793 1705 2852 ;
1728 2775 1791 2838 at
1811 2776 2191 2861 supponunt
2212 2772 2368 2861 ipsis
2388 2772 2656 2862 aliquod

360 2882 474 2970 jus
488 2879 570 2948 ad
588 2883 957 2946 vacaturam
977 2881 1364 2966 competere,
1380 2876 1485 2943 vel
1501 2876 1728 2944 saltem
1746 2876 1828 2944 ad
1846 2877 2328 2945 distributiones
2347 2904 2365 2965 ;
2390 2879 2658 2969 insuper

368 2988 596 3054 nolunt
639 2986 887 3054 admitti
927 3006 1109 3076 posse
1156 2985 1537 3073 hujusmodi
1576 2986 2205 3075 supranumerarioS,
2255 2986 2380 3053 nisi
2434 2988 2651 3077 aliquo

369 3092 562 3160 modo
606 3091 956 3158 inserviant
985 3090 1294 3177 ecclesiae,
1341 3093 1529 3181 cujus
1573 3091 1856 3181 capitulo
1910 3092 2391 3161 adscribuntur.
2448 3090 2649 3161 Porro

367 3200 523 3266 tales
562 3198 857 3267 canonici
892 3197 1127 3264 diversi
1163 3202 1316 3264 sunt
1345 3198 1427 3266 ab
1461 3198 1591 3266 illis
1628 3220 1791 3288 quos
1825 3221 2003 3267 nunc
2040 3200 2296 3290 proprie
2340 3221 2652 3267 vocamus

368 3304 781 3391 honorem-ios,
812 3305 925 3393 qui
959 3323 1193 3392 nempe
1229 3304 1311 3372 ad
1353 3304 1616 3372 nullum
1648 3307 1979 3373 servitium
2017 3306 2395 3395 obligantur
2419 3307 2485 3372 in
2527 3326 2651 3372 ec-

368 3411 560 3479 clesia
585 3413 773 3500 cujus
802 3410 971 3476 fiunt
999 3410 1315 3494 canonici,
1349 3432 1472 3478 nec
1493 3413 1603 3500 jus
1629 3411 1807 3479 aliud
1837 3412 2078 3480 habent
2101 3434 2300 3501 quarn
2330 3413 2648 3479 honorem

369 3519 682 3598 nominis,
729 3517 895 3585 stalli
934 3522 995 3583 et
1030 3517 1416 3606 insignium.
1462 3516 1754 3590 Aliunde
1790 3522 2007 3590 tamen
2045 3519 2253 3585 multa
2294 3523 2537 3586 exstant
2581 3519 2653 3583 in

368 3626 703 3716 praeteritis
746 3624 998 3693 saeculis
1040 3624 1332 3713 exempla
1373 3622 1867 3715 Episcoporum,
1928 3647 2185 3715 regum,
2240 3625 2652 3713 aliorumque

367 3733 727 3819 insignium
758 3732 1074 3817 virorum,
1096 3727 1213 3818 qui
1241 3750 1482 3796 nomen
1506 3729 1746 3798 dabant
1763 3731 1961 3799 alicui
1977 3731 2285 3822 capitulo,
2318 3738 2381 3799 et
2399 3754 2437 3800 a
2457 3752 2648 3801 cano-

368 3838 534 3904 nicis
556 3840 623 3904 in
643 3839 864 3905 fratres
882 3835 1394 3925 recipiebantur3
1424 3836 1592 3904 inter
1612 3858 1775 3926 quos
1799 3838 2042 3905 eminet
2061 3836 2325 3905 Carolus
2340 3835 2642 3925 Magnus,
2731 3843 2736 3846 ’

367 3964 502 4011 non
532 3945 735 4010 unius
781 3941 1070 4033 capituli,
1123 3941 1233 4008 sed
1275 3941 1568 4031 plurium
1605 3942 1976 4011 canonicus.
2028 3942 2173 4011 Non
2219 3948 2437 4011 tamen
2484 3942 2648 4009 mihi

366 4050 570 4138 liquet
594 4047 974 4137 hujusmodi
1000 4047 1346 4116 canonicos
1370 4047 1564 4115 fuisse
1585 4070 1759 4116 mere
1775 4049 2182 4130 honorarioS,
2203 4050 2292 4117 ita
2311 4048 2553 4117 scilicet
2575 4053 2648 4114 ut

367 4155 632 4225 nullum
674 4154 828 4243 ipsis
872 4177 948 4221 ex
989 4155 1349 4245 receptione
1386 4154 1668 4223 oriretur
1696 4158 1832 4245 jus,
1877 4156 2058 4224 nulla
2102 4156 2452 4244 obligati03
2499 4156 2648 4222 licet

367 4263 537 4334 illud
558 4258 1012 4329 innuatNardi
1040 4259 1191 4348 (Dei
1213 4260 1519 4343 Ράνοοήἱ,
1552 4267 1713 4330 tom.
1748 4261 1830 4342 ll,
1867 4284 2018 4351 pag.
2050 4260 2137 4329 36
2162 4267 2223 4329 et
2248 4261 2437 4351 seq.).

456 4370 644 4440 Unde
674 4368 888 4437 forsan
933 4367 1249 4436 absonum
1282 4390 1414 4437 non
1441 4370 1561 4437 erit
1586 4369 1822 4450 dicere,
1865 4371 2208 4438 canonicos
2240 4390 2415 4437 mere
2451 4368 2657 4436 hono-
