<?xml version="1.0" encoding="UTF-8"?>
<!DOCTYPE html PUBLIC "-//W3C//DTD XHTML 1.0 Transitional//EN"
    "http://www.w3.org/TR/xhtml1/DTD/xhtml1-transitional.dtd">
<html xmlns="http://www.w3.org/1999/xhtml" xml:lang="en" lang="en">
 <head>
  <title>
</title>
<meta http-equiv="Content-Type" content="text/html;charset=utf-8" />
  <meta name='ocr-system' content='tesseract 3.04.00' />
  <meta name='ocr-capabilities' content='ocr_page ocr_carea ocr_par ocr_line ocrx_word'/>
</head>
<body>
  <div class='ocr_page' id='page_1' title='image "./tractatusdecapi00bouigoog_0650.png"; bbox 0 0 2930 4982; ppageno 0'>
   <div class='ocr_carea' id='block_1_1' title="bbox 385 331 1702 407">
    <p class='ocr_par' dir='ltr' id='par_1_1' title="bbox 385 331 1702 407">
     <span class='ocr_line' id='line_1_1' title="bbox 385 331 1702 407; baseline -0.02 -2"><span class='ocrx_word' id='word_1_1' title='bbox 385 350 512 407; x_wconf 76' lang='lat'><strong>600</strong></span> <span class='ocrx_word' id='word_1_2' title='bbox 1358 331 1702 385; x_wconf 59' lang='lat' dir='ltr'><strong>Tamarus</strong></span> 
     </span>
    </p>
   </div>
   <div class='ocr_carea' id='block_1_2' title="bbox 391 436 2710 1301">
    <p class='ocr_par' dir='ltr' id='par_1_2' title="bbox 391 436 2680 770">
     <span class='ocr_line' id='line_1_2' title="bbox 474 436 2674 556; baseline -0.02 -9"><span class='ocrx_word' id='word_1_3' title='bbox 474 478 542 546; x_wconf 78' lang='lat'><strong>2⁰</strong></span> <span class='ocrx_word' id='word_1_4' title='bbox 584 475 711 545; x_wconf 86' lang='lat' dir='ltr'><strong>Ubi</strong></span> <span class='ocrx_word' id='word_1_5' title='bbox 758 470 1017 539; x_wconf 83' lang='lat' dir='ltr'><strong>dicitur.</strong></span> <span class='ocrx_word' id='word_1_6' title='bbox 1028 463 1208 556; x_wconf 84' lang='lat' dir='ltr'><strong>juris</strong></span> <span class='ocrx_word' id='word_1_7' title='bbox 1256 458 1610 547; x_wconf 83' lang='lat' dir='ltr'><strong>utriusque</strong></span> <span class='ocrx_word' id='word_1_8' title='bbox 1661 448 1937 533; x_wconf 76' lang='lat' dir='ltr'><strong>doctori,</strong></span> <span class='ocrx_word' id='word_1_9' title='bbox 1983 444 2150 513; x_wconf 83' lang='lat' dir='ltr'><strong>nihil</strong></span> <span class='ocrx_word' id='word_1_10' title='bbox 2198 438 2572 533; x_wconf 86' lang='lat' dir='ltr'><strong>ponendum</strong></span> <span class='ocrx_word' id='word_1_11' title='bbox 2620 436 2674 503; x_wconf 89' lang='lat' dir='ltr'><strong>si</strong></span> 
     </span>
     <span class='ocr_line' id='line_1_3' title="bbox 391 540 2680 661; baseline -0.02 -10"><span class='ocrx_word' id='word_1_12' title='bbox 391 603 520 650; x_wconf 89' lang='lat' dir='ltr'><strong>nou</strong></span> <span class='ocrx_word' id='word_1_13' title='bbox 552 581 634 648; x_wconf 88' lang='lat' dir='ltr'><strong>sit</strong></span> <span class='ocrx_word' id='word_1_14' title='bbox 654 579 910 661; x_wconf 83' lang='lat' dir='ltr'><strong>doctor3</strong></span> <span class='ocrx_word' id='word_1_15' title='bbox 949 572 1055 639; x_wconf 81' lang='lat' dir='ltr'><strong>vel</strong></span> <span class='ocrx_word' id='word_1_16' title='bbox 1091 562 1559 658; x_wconf 86' lang='lat' dir='ltr'><strong>exprimendus</strong></span> <span class='ocrx_word' id='word_1_17' title='bbox 1587 561 1731 650; x_wconf 85' lang='lat' dir='ltr'><strong>ejus</strong></span> <span class='ocrx_word' id='word_1_18' title='bbox 1760 555 2127 626; x_wconf 76' lang='lat' dir='ltr'>doctoratus</span> <span class='ocrx_word' id='word_1_19' title='bbox 2157 552 2349 640; x_wconf 86' lang='lat' dir='ltr'><strong>prout</strong></span> <span class='ocrx_word' id='word_1_20' title='bbox 2370 549 2492 631; x_wconf 86' lang='lat' dir='ltr'><strong>est,</strong></span> <span class='ocrx_word' id='word_1_21' title='bbox 2523 541 2579 609; x_wconf 91' lang='lat' dir='ltr'><strong>si</strong></span> <span class='ocrx_word' id='word_1_22' title='bbox 2601 540 2680 608; x_wconf 87' lang='lat' dir='ltr'><strong>sit</strong></span> 
     </span>
     <span class='ocr_line' id='line_1_4' title="bbox 395 672 1650 770; baseline -0.019 -12"><span class='ocrx_word' id='word_1_23' title='bbox 395 690 610 758; x_wconf 89' lang='lat' dir='ltr'><strong>doctor</strong></span> <span class='ocrx_word' id='word_1_24' title='bbox 637 684 820 752; x_wconf 89' lang='lat' dir='ltr'><strong>aliter</strong></span> <span class='ocrx_word' id='word_1_25' title='bbox 837 701 1037 770; x_wconf 87' lang='lat' dir='ltr'><strong>quam</strong></span> <span class='ocrx_word' id='word_1_26' title='bbox 1068 678 1139 744; x_wconf 91' lang='lat' dir='ltr'><strong>in</strong></span> <span class='ocrx_word' id='word_1_27' title='bbox 1162 681 1441 762; x_wconf 88' lang='lat' dir='ltr'><strong>utroque</strong></span> <span class='ocrx_word' id='word_1_28' title='bbox 1478 672 1650 758; x_wconf 86' lang='lat' dir='ltr'><strong>jure.</strong></span> 
     </span>
    </p>

    <p class='ocr_par' dir='ltr' id='par_1_3' title="bbox 397 755 2685 1089">
     <span class='ocr_line' id='line_1_5' title="bbox 482 755 2677 869; baseline -0.021 -6"><span class='ocrx_word' id='word_1_29' title='bbox 482 794 548 863; x_wconf 79' lang='lat'><strong>3⁰</strong></span> <span class='ocrx_word' id='word_1_30' title='bbox 577 789 702 860; x_wconf 90' lang='lat' dir='ltr'><strong>Ubi</strong></span> <span class='ocrx_word' id='word_1_31' title='bbox 753 787 998 857; x_wconf 85' lang='lat' dir='ltr'><strong>dicitur</strong></span> <span class='ocrx_word' id='word_1_32' title='bbox 1028 780 1412 869; x_wconf 83' lang='lat' dir='ltr'><strong><em>secretisque</em></strong></span> <span class='ocrx_word' id='word_1_33' title='bbox 1456 768 1825 863; x_wconf 71' lang='lat' dir='ltr'><strong>suffraqiiS,</strong></span> <span class='ocrx_word' id='word_1_34' title='bbox 1868 763 2223 833; x_wconf 89' lang='lat' dir='ltr'><strong>delendum</strong></span> <span class='ocrx_word' id='word_1_35' title='bbox 2269 755 2677 844; x_wconf 80' lang='lat' dir='ltr'><strong><em>secretisque,</em></strong></span> 
     </span>
     <span class='ocr_line' id='line_1_6' title="bbox 397 857 2685 973; baseline -0.02 -4"><span class='ocrx_word' id='word_1_36' title='bbox 397 904 450 969; x_wconf 90' lang='lat' dir='ltr'><strong>si</strong></span> <span class='ocrx_word' id='word_1_37' title='bbox 474 905 619 968; x_wconf 83' lang='lat' dir='ltr'><strong>vota</strong></span> <span class='ocrx_word' id='word_1_38' title='bbox 637 917 772 964; x_wconf 91' lang='lat' dir='ltr'><strong>non</strong></span> <span class='ocrx_word' id='word_1_39' title='bbox 797 893 1068 961; x_wconf 80' lang='lat' dir='ltr'><strong>fuissent</strong></span> <span class='ocrx_word' id='word_1_40' title='bbox 1103 892 1342 956; x_wconf 87' lang='lat' dir='ltr'><strong>secreta</strong></span> <span class='ocrx_word' id='word_1_41' title='bbox 1369 907 1384 950; x_wconf 74' lang='grc' dir='ltr'><strong><em>ε</em></strong></span> <span class='ocrx_word' id='word_1_42' title='bbox 1420 878 1845 973; x_wconf 84' lang='lat' dir='ltr'><strong>probavimus</strong></span> <span class='ocrx_word' id='word_1_43' title='bbox 1874 873 2054 940; x_wconf 87' lang='lat' dir='ltr'><strong>enim</strong></span> <span class='ocrx_word' id='word_1_44' title='bbox 2083 870 2360 960; x_wconf 65' lang='lat' dir='ltr'><strong>formam</strong></span> <span class='ocrx_word' id='word_1_45' title='bbox 2394 857 2685 947; x_wconf 82' lang='lat' dir='ltr'><strong>suffragii</strong></span> 
     </span>
     <span class='ocr_line' id='line_1_7' title="bbox 398 972 2397 1089; baseline -0.021 -11"><span class='ocrx_word' id='word_1_46' title='bbox 398 1005 652 1089; x_wconf 75' lang='lat' dir='ltr'><strong>secreti,</strong></span> <span class='ocrx_word' id='word_1_47' title='bbox 680 1004 832 1071; x_wconf 88' lang='lat' dir='ltr'><strong>licet</strong></span> <span class='ocrx_word' id='word_1_48' title='bbox 868 999 1077 1066; x_wconf 90' lang='lat' dir='ltr'><strong>multo</strong></span> <span class='ocrx_word' id='word_1_49' title='bbox 1099 991 1625 1066; x_wconf 83' lang='lat' dir='ltr'>laudabiliorem,</span> <span class='ocrx_word' id='word_1_50' title='bbox 1652 1006 1783 1052; x_wconf 92' lang='lat' dir='ltr'><strong>non</strong></span> <span class='ocrx_word' id='word_1_51' title='bbox 1813 980 2104 1050; x_wconf 90' lang='lat' dir='ltr'><strong>absolute</strong></span> <span class='ocrx_word' id='word_1_52' title='bbox 2126 972 2397 1063; x_wconf 85' lang='lat' dir='ltr'><strong>requiri.</strong></span> 
     </span>
    </p>

    <p class='ocr_par' dir='ltr' id='par_1_4' title="bbox 407 1071 2710 1301">
     <span class='ocr_line' id='line_1_8' title="bbox 496 1071 2710 1179; baseline -0.019 0"><span class='ocrx_word' id='word_1_53' title='bbox 496 1113 564 1179; x_wconf 77' lang='lat'><strong>4⁰</strong></span> <span class='ocrx_word' id='word_1_54' title='bbox 598 1110 724 1178; x_wconf 92' lang='lat' dir='ltr'><strong>Ubi</strong></span> <span class='ocrx_word' id='word_1_55' title='bbox 748 1107 990 1177; x_wconf 87' lang='lat' dir='ltr'><strong>dicitur</strong></span> <span class='ocrx_word' id='word_1_56' title='bbox 1024 1104 1164 1173; x_wconf 85' lang='lat' dir='ltr'><strong>sine</strong></span> <span class='ocrx_word' id='word_1_57' title='bbox 1194 1099 1363 1169; x_wconf 83' lang='lat' dir='ltr'><strong>votis</strong></span> <span class='ocrx_word' id='word_1_58' title='bbox 1392 1094 1695 1165; x_wconf 80' lang='lat' dir='ltr'><strong>omnium</strong></span> <span class='ocrx_word' id='word_1_59' title='bbox 1718 1087 1833 1159; x_wconf 88' lang='lat' dir='ltr'><strong>sed</strong></span> <span class='ocrx_word' id='word_1_60' title='bbox 1850 1084 2128 1177; x_wconf 84' lang='lat' dir='ltr'><strong>majoris</strong></span> <span class='ocrx_word' id='word_1_61' title='bbox 2142 1080 2393 1175; x_wconf 59' lang='grc' dir='ltr'><strong>μανείς,</strong></span> <span class='ocrx_word' id='word_1_62' title='bbox 2444 1077 2511 1143; x_wconf 93' lang='lat' dir='ltr'><strong>in</strong></span> <span class='ocrx_word' id='word_1_63' title='bbox 2544 1071 2710 1142; x_wconf 74' lang='lat' dir='ltr'><strong>casu&#39;</strong></span> 
     </span>
     <span class='ocr_line' id='line_1_9' title="bbox 407 1182 2689 1301; baseline -0.019 -13"><span class='ocrx_word' id='word_1_64' title='bbox 407 1214 882 1301; x_wconf 80' lang='lat' dir='ltr'><strong>unanimitatis,</strong></span> <span class='ocrx_word' id='word_1_65' title='bbox 921 1206 1447 1280; x_wconf 85' lang='lat' dir='ltr'><strong>substituendum</strong></span> <span class='ocrx_word' id='word_1_66' title='bbox 1479 1207 1677 1270; x_wconf 84' lang='lat' dir='ltr'><strong>esset:</strong></span> <span class='ocrx_word' id='word_1_67' title='bbox 1716 1220 1797 1265; x_wconf 77' lang='lat' dir='ltr'><strong>eae</strong></span> <span class='ocrx_word' id='word_1_68' title='bbox 1833 1190 2147 1262; x_wconf 81' lang='lat' dir='ltr'><strong>unanimi</strong></span> <span class='ocrx_word' id='word_1_69' title='bbox 2176 1182 2508 1278; x_wconf 77' lang='lat' dir='ltr'><strong>suffraqio</strong></span> <span class='ocrx_word' id='word_1_70' title='bbox 2556 1201 2689 1247; x_wconf 89' lang='lat' dir='ltr'><strong>om-</strong></span> 
     </span>
    </p>
   </div>
   <div class='ocr_carea' id='block_1_3' title="bbox 408 1318 2686 1499">
    <p class='ocr_par' dir='ltr' id='par_1_5' title="bbox 408 1318 2686 1499">
     <span class='ocr_line' id='line_1_10' title="bbox 408 1318 1175 1394; baseline -0.014 -1"><span class='ocrx_word' id='word_1_71' title='bbox 408 1326 601 1394; x_wconf 81' lang='lat' dir='ltr'><strong>nium</strong></span> <span class='ocrx_word' id='word_1_72' title='bbox 629 1318 1175 1389; x_wconf 88' lang='lat' dir='ltr'><strong>interessentium.</strong></span> 
     </span>
     <span class='ocr_line' id='line_1_11' title="bbox 500 1394 2686 1499; baseline -0.019 -1"><span class='ocrx_word' id='word_1_73' title='bbox 500 1431 566 1498; x_wconf 81' lang='lat'><strong>5⁰</strong></span> <span class='ocrx_word' id='word_1_74' title='bbox 605 1427 735 1497; x_wconf 90' lang='lat' dir='ltr'><strong>Ubi</strong></span> <span class='ocrx_word' id='word_1_75' title='bbox 764 1426 1009 1494; x_wconf 86' lang='lat' dir='ltr'><strong>dicitur</strong></span> <span class='ocrx_word' id='word_1_76' title='bbox 1040 1423 1129 1489; x_wconf 89' lang='lat' dir='ltr'><strong>Te</strong></span> <span class='ocrx_word' id='word_1_77' title='bbox 1154 1416 1585 1494; x_wconf 76' lang='lat' dir='ltr'><strong>advocatum,</strong></span> <span class='ocrx_word' id='word_1_78' title='bbox 1620 1404 2090 1499; x_wconf 88' lang='lat' dir='ltr'><strong>supprimenda</strong></span> <span class='ocrx_word' id='word_1_79' title='bbox 2127 1421 2250 1467; x_wconf 85' lang='lat' dir='ltr'><strong>vox</strong></span> <span class='ocrx_word' id='word_1_80' title='bbox 2275 1394 2686 1464; x_wconf 82' lang='lat' dir='ltr'><strong>advocatum.</strong></span> 
     </span>
    </p>
   </div>
   <div class='ocr_carea' id='block_1_4' title="bbox 405 1496 2697 1733">
    <p class='ocr_par' dir='ltr' id='par_1_6' title="bbox 405 1496 2697 1733">
     <span class='ocr_line' id='line_1_12' title="bbox 502 1496 2695 1620; baseline -0.02 -15"><span class='ocrx_word' id='word_1_81' title='bbox 502 1536 569 1604; x_wconf 80' lang='lat'><strong>6⁰</strong></span> <span class='ocrx_word' id='word_1_82' title='bbox 595 1537 673 1605; x_wconf 93' lang='lat' dir='ltr'><strong>In</strong></span> <span class='ocrx_word' id='word_1_83' title='bbox 701 1531 910 1602; x_wconf 90' lang='lat' dir='ltr'><strong>Gallia</strong></span> <span class='ocrx_word' id='word_1_84' title='bbox 938 1526 1265 1620; x_wconf 84' lang='lat' dir='ltr'><strong>supprimi</strong></span> <span class='ocrx_word' id='word_1_85' title='bbox 1287 1524 1558 1615; x_wconf 80' lang='lat' dir='ltr'><strong>possunt</strong></span> <span class='ocrx_word' id='word_1_86' title='bbox 1585 1518 1725 1584; x_wconf 87' lang='lat' dir='ltr'><strong>haec</strong></span> <span class='ocrx_word' id='word_1_87' title='bbox 1747 1538 1762 1582; x_wconf 73' lang='grc' dir='ltr'><strong>ε</strong></span> <span class='ocrx_word' id='word_1_88' title='bbox 1788 1518 2235 1605; x_wconf 70' lang='lat' dir='ltr'><strong>praesentatos</strong></span> <span class='ocrx_word' id='word_1_89' title='bbox 2274 1500 2365 1570; x_wconf 85' lang='lat' dir='ltr'><strong>ad</strong></span> <span class='ocrx_word' id='word_1_90' title='bbox 2395 1496 2695 1580; x_wconf 77' lang='lat' dir='ltr'><strong>beneficia</strong></span> 
     </span>
     <span class='ocr_line' id='line_1_13' title="bbox 405 1600 2697 1733; baseline -0.02 -19"><span class='ocrx_word' id='word_1_91' title='bbox 405 1642 586 1733; x_wconf 82' lang='lat' dir='ltr'><strong>juris</strong></span> <span class='ocrx_word' id='word_1_92' title='bbox 620 1649 1032 1732; x_wconf 80' lang='lat' dir='ltr'><strong>patronatus</strong></span> <span class='ocrx_word' id='word_1_93' title='bbox 1080 1626 1483 1702; x_wconf 78' lang='lat' dir='ltr'><strong>instituendi</strong></span> <span class='ocrx_word' id='word_1_94' title='bbox 1525 1635 1590 1692; x_wconf 84' lang='lat' dir='ltr'><strong>et</strong></span> <span class='ocrx_word' id='word_1_95' title='bbox 1632 1643 1808 1689; x_wconf 84' lang='lat' dir='ltr'><strong>nova</strong></span> <span class='ocrx_word' id='word_1_96' title='bbox 1867 1640 2020 1684; x_wconf 87' lang='lat' dir='ltr'><strong>eum</strong></span> <span class='ocrx_word' id='word_1_97' title='bbox 2067 1607 2513 1681; x_wconf 80' lang='lat' dir='ltr'><strong>reservatione</strong></span> <span class='ocrx_word' id='word_1_98' title='bbox 2542 1600 2697 1670; x_wconf 77' lang='lat' dir='ltr'><strong>dicti</strong></span> 
     </span>
    </p>
   </div>
   <div class='ocr_carea' id='block_1_5' title="bbox 408 1720 2705 1919">
    <p class='ocr_par' dir='ltr' id='par_1_7' title="bbox 408 1720 2705 1919">
     <span class='ocr_line' id='line_1_14' title="bbox 408 1720 2258 1839; baseline -0.018 -21"><span class='ocrx_word' id='word_1_99' title='bbox 408 1748 589 1839; x_wconf 81' lang='lat' dir='ltr'><strong>juris</strong></span> <span class='ocrx_word' id='word_1_100' title='bbox 618 1742 924 1829; x_wconf 70' lang='lat' dir='ltr'><strong>(letandi,</strong></span> <span class='ocrx_word' id='word_1_101' title='bbox 955 1763 1029 1809; x_wconf 93' lang='lat' dir='ltr'><strong>eo</strong></span> <span class='ocrx_word' id='word_1_102' title='bbox 1061 1737 1235 1829; x_wconf 89' lang='lat' dir='ltr'><strong>quod</strong></span> <span class='ocrx_word' id='word_1_103' title='bbox 1262 1731 1763 1825; x_wconf 77' lang='lat' dir='ltr'><strong>applicationem</strong></span> <span class='ocrx_word' id='word_1_104' title='bbox 1789 1746 1923 1793; x_wconf 90' lang='lat' dir='ltr'><strong>non</strong></span> <span class='ocrx_word' id='word_1_105' title='bbox 1953 1720 2258 1790; x_wconf 87' lang='lat' dir='ltr'><strong>habeant.</strong></span> 
     </span>
     <span class='ocr_line' id='line_1_15' title="bbox 519 1814 2705 1919; baseline -0.017 -2"><span class='ocrx_word' id='word_1_106' title='bbox 519 1852 585 1917; x_wconf 77' lang='grc' dir='ltr'><strong>7ο</strong></span> <span class='ocrx_word' id='word_1_107' title='bbox 613 1849 743 1919; x_wconf 92' lang='lat' dir='ltr'><strong>Ubi</strong></span> <span class='ocrx_word' id='word_1_108' title='bbox 765 1849 1008 1917; x_wconf 90' lang='lat' dir='ltr'><strong>dicitur</strong></span> <span class='ocrx_word' id='word_1_109' title='bbox 1036 1864 1188 1913; x_wconf 86' lang='lat' dir='ltr'><strong>cum</strong></span> <span class='ocrx_word' id='word_1_110' title='bbox 1214 1850 1366 1907; x_wconf 83' lang='lat' dir='ltr'><strong>voto</strong></span> <span class='ocrx_word' id='word_1_111' title='bbox 1395 1849 1646 1917; x_wconf 80' lang='lat' dir='ltr'><strong>tamen,</strong></span> <span class='ocrx_word' id='word_1_112' title='bbox 1680 1838 1838 1917; x_wconf 64' lang='lat' dir='ltr'><strong>etc„</strong></span> <span class='ocrx_word' id='word_1_113' title='bbox 1864 1825 2222 1896; x_wconf 85' lang='lat' dir='ltr'><strong>omittenda</strong></span> <span class='ocrx_word' id='word_1_114' title='bbox 2254 1826 2350 1889; x_wconf 89' lang='lat' dir='ltr'><strong>est</strong></span> <span class='ocrx_word' id='word_1_115' title='bbox 2379 1842 2418 1887; x_wconf 89' lang='lat' dir='ltr'><strong>a</strong></span> <span class='ocrx_word' id='word_1_116' title='bbox 2436 1814 2705 1907; x_wconf 83' lang='lat' dir='ltr'><strong>capitulo</strong></span> 
     </span>
    </p>
   </div>
   <div class='ocr_carea' id='block_1_6' title="bbox 434 1921 2735 2994">
    <p class='ocr_par' dir='ltr' id='par_1_8' title="bbox 434 1921 2710 2138">
     <span class='ocr_line' id='line_1_16' title="bbox 434 1921 2710 2028; baseline -0.018 1"><span class='ocrx_word' id='word_1_117' title='bbox 434 1961 618 2028; x_wconf 90' lang='lat' dir='ltr'><strong>istius</strong></span> <span class='ocrx_word' id='word_1_118' title='bbox 673 1957 804 2024; x_wconf 82' lang='lat' dir='ltr'><strong>voti</strong></span> <span class='ocrx_word' id='word_1_119' title='bbox 844 1948 1277 2022; x_wconf 81' lang='lat' dir='ltr'><strong>manifestatio</strong></span> <span class='ocrx_word' id='word_1_120' title='bbox 1319 1946 1390 2012; x_wconf 90' lang='lat' dir='ltr'><strong>in</strong></span> <span class='ocrx_word' id='word_1_121' title='bbox 1423 1941 1662 2018; x_wconf 86' lang='lat' dir='ltr'><strong>Gallia,</strong></span> <span class='ocrx_word' id='word_1_122' title='bbox 1710 1938 1917 2005; x_wconf 88' lang='lat' dir='ltr'><strong>donec</strong></span> <span class='ocrx_word' id='word_1_123' title='bbox 1957 1930 2171 2000; x_wconf 83' lang='lat' dir='ltr'><strong>adsint</strong></span> <span class='ocrx_word' id='word_1_124' title='bbox 2207 1928 2278 1996; x_wconf 92' lang='lat' dir='ltr'><strong>in</strong></span> <span class='ocrx_word' id='word_1_125' title='bbox 2337 1921 2710 1994; x_wconf 85' lang='lat' dir='ltr'><strong>dioecesibus</strong></span> 
     </span>
     <span class='ocr_line' id='line_1_17' title="bbox 436 2033 2360 2138; baseline -0.018 -3"><span class='ocrx_word' id='word_1_126' title='bbox 436 2061 787 2136; x_wconf 78' lang='lat' dir='ltr'><strong>sufficienti</strong></span> <span class='ocrx_word' id='word_1_127' title='bbox 829 2077 1107 2127; x_wconf 87' lang='lat' dir='ltr'><strong>numero</strong></span> <span class='ocrx_word' id='word_1_128' title='bbox 1127 2052 1344 2121; x_wconf 91' lang='lat' dir='ltr'><strong>clerici</strong></span> <span class='ocrx_word' id='word_1_129' title='bbox 1379 2046 1692 2138; x_wconf 82' lang='lat' dir='ltr'><strong>gradibus</strong></span> <span class='ocrx_word' id='word_1_130' title='bbox 1718 2037 2108 2111; x_wconf 80' lang='lat' dir='ltr'><strong>academicis</strong></span> <span class='ocrx_word' id='word_1_131' title='bbox 2127 2033 2360 2105; x_wconf 89' lang='lat' dir='ltr'><strong>ornati.</strong></span> 
     </span>
    </p>

    <p class='ocr_par' dir='ltr' id='par_1_9' title="bbox 448 2134 2735 2994">
     <span class='ocr_line' id='line_1_18' title="bbox 531 2134 2718 2254; baseline -0.02 -14"><span class='ocrx_word' id='word_1_132' title='bbox 531 2172 598 2240; x_wconf 75' lang='grc' dir='ltr'><strong>8ο</strong></span> <span class='ocrx_word' id='word_1_133' title='bbox 635 2169 705 2238; x_wconf 92' lang='lat' dir='ltr'><strong>Si</strong></span> <span class='ocrx_word' id='word_1_134' title='bbox 743 2169 813 2235; x_wconf 91' lang='lat' dir='ltr'><strong>in</strong></span> <span class='ocrx_word' id='word_1_135' title='bbox 842 2166 1060 2254; x_wconf 89' lang='lat' dir='ltr'><strong>aliqua</strong></span> <span class='ocrx_word' id='word_1_136' title='bbox 1088 2156 1351 2229; x_wconf 87' lang='lat' dir='ltr'><strong>dioecesi</strong></span> <span class='ocrx_word' id='word_1_137' title='bbox 1369 2158 1511 2245; x_wconf 88' lang='lat' dir='ltr'><strong>jam</strong></span> <span class='ocrx_word' id='word_1_138' title='bbox 1540 2174 1579 2221; x_wconf 89' lang='lat' dir='ltr'><strong>a</strong></span> <span class='ocrx_word' id='word_1_139' title='bbox 1617 2151 1829 2219; x_wconf 89' lang='lat' dir='ltr'><strong>multo</strong></span> <span class='ocrx_word' id='word_1_140' title='bbox 1856 2153 2173 2237; x_wconf 89' lang='lat' dir='ltr'><strong>tempore,</strong></span> <span class='ocrx_word' id='word_1_141' title='bbox 2211 2138 2399 2208; x_wconf 81' lang='lat' dir='ltr'><strong>verbi</strong></span> <span class='ocrx_word' id='word_1_142' title='bbox 2430 2134 2664 2226; x_wconf 86' lang='lat' dir='ltr'><strong>gratia,</strong></span> <span class='ocrx_word' id='word_1_143' title='bbox 2687 2152 2718 2197; x_wconf 89' lang='lat' dir='ltr'><strong>a</strong></span> 
     </span>
     <span class='ocr_line' id='line_1_19' title="bbox 448 2240 2719 2369; baseline -0.018 -23"><span class='ocrx_word' id='word_1_144' title='bbox 448 2277 662 2369; x_wconf 89' lang='lat' dir='ltr'><strong>prima</strong></span> <span class='ocrx_word' id='word_1_145' title='bbox 689 2275 855 2342; x_wconf 88' lang='lat' dir='ltr'><strong>sedis</strong></span> <span class='ocrx_word' id='word_1_146' title='bbox 897 2266 1275 2362; x_wconf 88' lang='lat' dir='ltr'><strong>episcopalis</strong></span> <span class='ocrx_word' id='word_1_147' title='bbox 1303 2261 1635 2330; x_wconf 79' lang='lat' dir='ltr'><strong>vacatione</strong></span> <span class='ocrx_word' id='word_1_148' title='bbox 1665 2260 1811 2348; x_wconf 89' lang='lat' dir='ltr'><strong>post</strong></span> <span class='ocrx_word' id='word_1_149' title='bbox 1838 2244 2500 2324; x_wconf 86' lang='lat' dir='ltr'><strong>concordatum&#39;anni</strong></span> <span class='ocrx_word' id='word_1_150' title='bbox 2534 2240 2719 2325; x_wconf 83' lang='lat'><strong>1801,</strong></span> 
     </span>
     <span class='ocr_line' id='line_1_20' title="bbox 449 2348 2724 2474; baseline -0.018 -21"><span class='ocrx_word' id='word_1_151' title='bbox 449 2384 668 2474; x_wconf 89' lang='lat' dir='ltr'><strong>aliqua</strong></span> <span class='ocrx_word' id='word_1_152' title='bbox 710 2379 792 2448; x_wconf 93' lang='lat' dir='ltr'><strong>ab</strong></span> <span class='ocrx_word' id='word_1_153' title='bbox 838 2378 962 2444; x_wconf 91' lang='lat' dir='ltr'><strong>hac</strong></span> <span class='ocrx_word' id='word_1_154' title='bbox 999 2374 1248 2442; x_wconf 88' lang='lat' dir='ltr'><strong>diversa</strong></span> <span class='ocrx_word' id='word_1_155' title='bbox 1287 2366 1572 2436; x_wconf 82' lang='lat' dir='ltr'><strong>formula</strong></span> <span class='ocrx_word' id='word_1_156' title='bbox 1618 2364 1882 2451; x_wconf 81' lang='lat' dir='ltr'><strong>vigeret,</strong></span> <span class='ocrx_word' id='word_1_157' title='bbox 1929 2357 2103 2426; x_wconf 89' lang='lat' dir='ltr'><strong>nihil</strong></span> <span class='ocrx_word' id='word_1_158' title='bbox 2154 2354 2369 2423; x_wconf 85' lang='lat' dir='ltr'><strong>obstat</strong></span> <span class='ocrx_word' id='word_1_159' title='bbox 2412 2348 2575 2439; x_wconf 87' lang='lat' dir='ltr'><strong>quin</strong></span> <span class='ocrx_word' id='word_1_160' title='bbox 2608 2368 2724 2414; x_wconf 88' lang='lat' dir='ltr'><strong>scr-</strong></span> 
     </span>
     <span class='ocr_line' id='line_1_21' title="bbox 448 2454 2729 2568; baseline -0.018 -9"><span class='ocrx_word' id='word_1_161' title='bbox 448 2496 657 2568; x_wconf 81' lang='lat' dir='ltr'><strong>vetnr,</strong></span> <span class='ocrx_word' id='word_1_162' title='bbox 680 2485 871 2554; x_wconf 92' lang='lat' dir='ltr'><strong>modo</strong></span> <span class='ocrx_word' id='word_1_163' title='bbox 892 2481 1048 2550; x_wconf 87' lang='lat' dir='ltr'><strong>alias</strong></span> <span class='ocrx_word' id='word_1_164' title='bbox 1065 2479 1282 2568; x_wconf 89' lang='lat' dir='ltr'><strong>aliquo</strong></span> <span class='ocrx_word' id='word_1_165' title='bbox 1295 2474 1450 2542; x_wconf 85' lang='lat' dir='ltr'><strong>vitio</strong></span> <span class='ocrx_word' id='word_1_166' title='bbox 1475 2463 1699 2540; x_wconf 72' lang='lat' dir='ltr'><strong>formae</strong></span> <span class='ocrx_word' id='word_1_167' title='bbox 1727 2488 1859 2535; x_wconf 90' lang='lat' dir='ltr'><strong>non</strong></span> <span class='ocrx_word' id='word_1_168' title='bbox 1877 2464 2126 2533; x_wconf 87' lang='lat' dir='ltr'><strong>laboret</strong></span> <span class='ocrx_word' id='word_1_169' title='bbox 2147 2487 2165 2549; x_wconf 85' lang='lat'>3</span> <span class='ocrx_word' id='word_1_170' title='bbox 2185 2461 2295 2550; x_wconf 71' lang='lat' dir='ltr'><strong>Jus</strong></span> <span class='ocrx_word' id='word_1_171' title='bbox 2315 2457 2489 2525; x_wconf 90' lang='lat' dir='ltr'><strong>enim</strong></span> <span class='ocrx_word' id='word_1_172' title='bbox 2513 2455 2601 2522; x_wconf 93' lang='lat' dir='ltr'><strong>hu</strong></span> <span class='ocrx_word' id='word_1_173' title='bbox 2599 2454 2626 2542; x_wconf 87' lang='lat' dir='ltr'>j</span> <span class='ocrx_word' id='word_1_174' title='bbox 2635 2472 2729 2519; x_wconf 91' lang='lat' dir='ltr'><strong>us-</strong></span> 
     </span>
     <span class='ocr_line' id='line_1_22' title="bbox 456 2560 2726 2662; baseline -0.018 0"><span class='ocrx_word' id='word_1_175' title='bbox 456 2594 634 2662; x_wconf 89' lang='lat' dir='ltr'><strong>modi</strong></span> <span class='ocrx_word' id='word_1_176' title='bbox 654 2588 1009 2658; x_wconf 81' lang='lat' dir='ltr'><strong>formulam</strong></span> <span class='ocrx_word' id='word_1_177' title='bbox 1039 2606 1174 2651; x_wconf 92' lang='lat' dir='ltr'><strong>non</strong></span> <span class='ocrx_word' id='word_1_178' title='bbox 1204 2574 1697 2656; x_wconf 81' lang='lat' dir='ltr'><strong>determinavit3</strong></span> <span class='ocrx_word' id='word_1_179' title='bbox 1731 2571 1905 2639; x_wconf 88' lang='lat' dir='ltr'><strong>unde</strong></span> <span class='ocrx_word' id='word_1_180' title='bbox 1926 2560 2518 2660; x_wconf 86' lang='lat' dir='ltr'><strong>quaelibetecclesia</strong></span> <span class='ocrx_word' id='word_1_181' title='bbox 2540 2578 2726 2625; x_wconf 91' lang='lat' dir='ltr'><strong>suum</strong></span> 
     </span>
     <span class='ocr_line' id='line_1_23' title="bbox 456 2661 2723 2786; baseline -0.017 -21"><span class='ocrx_word' id='word_1_182' title='bbox 456 2697 725 2786; x_wconf 76' lang='lat' dir='ltr'><strong>stylum,</strong></span> <span class='ocrx_word' id='word_1_183' title='bbox 764 2690 1126 2783; x_wconf 66' lang='lat' dir='ltr'><strong>praesertim</strong></span> <span class='ocrx_word' id='word_1_184' title='bbox 1156 2684 1537 2773; x_wconf 86' lang='lat' dir='ltr'><strong>antiquitate</strong></span> <span class='ocrx_word' id='word_1_185' title='bbox 1569 2683 1709 2769; x_wconf 87' lang='lat' dir='ltr'><strong>jam</strong></span> <span class='ocrx_word' id='word_1_186' title='bbox 1734 2673 2211 2759; x_wconf 83' lang='lat' dir='ltr'><strong>venerandum,</strong></span> <span class='ocrx_word' id='word_1_187' title='bbox 2237 2665 2630 2738; x_wconf 86' lang='lat' dir='ltr'><strong>laudabiliter</strong></span> <span class='ocrx_word' id='word_1_188' title='bbox 2651 2661 2723 2728; x_wconf 86' lang='lat' dir='ltr'><strong>in</strong></span> 
     </span>
     <span class='ocr_line' id='line_1_24' title="bbox 457 2767 2732 2884; baseline -0.017 -12"><span class='ocrx_word' id='word_1_189' title='bbox 457 2802 581 2872; x_wconf 88' lang='lat' dir='ltr'><strong>hac</strong></span> <span class='ocrx_word' id='word_1_190' title='bbox 618 2798 884 2869; x_wconf 87' lang='lat' dir='ltr'><strong>materia</strong></span> <span class='ocrx_word' id='word_1_191' title='bbox 902 2793 1218 2884; x_wconf 86' lang='lat' dir='ltr'><strong>sequitur.</strong></span> <span class='ocrx_word' id='word_1_192' title='bbox 1254 2789 1424 2856; x_wconf 85' lang='lat' dir='ltr'><strong>Puto</strong></span> <span class='ocrx_word' id='word_1_193' title='bbox 1452 2792 1672 2853; x_wconf 84' lang='lat' dir='ltr'><strong>tamen</strong></span> <span class='ocrx_word' id='word_1_194' title='bbox 1697 2783 1863 2851; x_wconf 89' lang='lat' dir='ltr'><strong>serio</strong></span> <span class='ocrx_word' id='word_1_195' title='bbox 1888 2778 2256 2848; x_wconf 82' lang='lat' dir='ltr'><strong>revisendas</strong></span> <span class='ocrx_word' id='word_1_196' title='bbox 2274 2795 2399 2843; x_wconf 87' lang='lat' dir='ltr'><strong>esse</strong></span> <span class='ocrx_word' id='word_1_197' title='bbox 2422 2767 2732 2838; x_wconf 78' lang='lat' dir='ltr'><strong>formulas</strong></span> 
     </span>
     <span class='ocr_line' id='line_1_25' title="bbox 464 2876 2735 2994; baseline -0.017 -17"><span class='ocrx_word' id='word_1_198' title='bbox 464 2931 500 2976; x_wconf 88' lang='lat' dir='ltr'><strong>a</strong></span> <span class='ocrx_word' id='word_1_199' title='bbox 544 2929 678 2977; x_wconf 89' lang='lat' dir='ltr'><strong>non</strong></span> <span class='ocrx_word' id='word_1_200' title='bbox 723 2910 818 2987; x_wconf 85' lang='lat' dir='ltr'><strong>sat</strong></span> <span class='ocrx_word' id='word_1_201' title='bbox 868 2901 1088 2994; x_wconf 87' lang='lat' dir='ltr'><strong>peritis</strong></span> <span class='ocrx_word' id='word_1_202' title='bbox 1135 2900 1207 2966; x_wconf 91' lang='lat' dir='ltr'><strong>in</strong></span> <span class='ocrx_word' id='word_1_203' title='bbox 1250 2893 1645 2986; x_wconf 88' lang='lat' dir='ltr'><strong>quibusdam</strong></span> <span class='ocrx_word' id='word_1_204' title='bbox 1692 2887 2056 2957; x_wconf 87' lang='lat' dir='ltr'><strong>Galliarum</strong></span> <span class='ocrx_word' id='word_1_205' title='bbox 2109 2879 2485 2972; x_wconf 85' lang='lat' dir='ltr'><strong>regionibus</strong></span> <span class='ocrx_word' id='word_1_206' title='bbox 2548 2876 2735 2943; x_wconf 91' lang='lat' dir='ltr'><strong>intro·</strong></span> 
     </span>
    </p>
   </div>
   <div class='ocr_carea' id='block_1_7' title="bbox 465 3016 1664 3182">
    <p class='ocr_par' dir='ltr' id='par_1_10' title="bbox 465 3016 1664 3182">
     <span class='ocr_line' id='line_1_26' title="bbox 465 3016 714 3083; baseline -0.016 0"><span class='ocrx_word' id='word_1_207' title='bbox 465 3016 714 3083; x_wconf 79' lang='lat' dir='ltr'><strong>ductaS.</strong></span> 
     </span>
     <span class='ocr_line' id='line_1_27' title="bbox 1571 3123 1664 3182; baseline -0.011 0"><span class='ocrx_word' id='word_1_208' title='bbox 1571 3123 1664 3182; x_wconf 90' lang='lat'><strong>111</strong></span> 
     </span>
    </p>
   </div>
   <div class='ocr_carea' id='block_1_8' title="bbox 662 3253 2557 3328">
    <p class='ocr_par' dir='ltr' id='par_1_11' title="bbox 662 3253 2557 3328">
     <span class='ocr_line' id='line_1_28' title="bbox 662 3253 2557 3328; baseline -0.015 0"><span class='ocrx_word' id='word_1_209' title='bbox 662 3275 899 3328; x_wconf 85' lang='lat' dir='ltr'><strong>Formula</strong></span> <span class='ocrx_word' id='word_1_210' title='bbox 925 3271 1190 3323; x_wconf 79' lang='lat' dir='ltr'><strong>erectionis</strong></span> <span class='ocrx_word' id='word_1_211' title='bbox 1228 3268 1572 3318; x_wconf 82' lang='lat' dir='ltr'><strong>canonicatus.</strong></span> <span class='ocrx_word' id='word_1_212' title='bbox 1607 3260 1781 3325; x_wconf 84' lang='lat' dir='ltr'><strong>(Apud</strong></span> <span class='ocrx_word' id='word_1_213' title='bbox 1799 3257 2091 3318; x_wconf 53' lang='lat' dir='ltr'><strong>Monacelh}</strong></span> <span class='ocrx_word' id='word_1_214' title='bbox 2120 3258 2197 3306; x_wconf 78' lang='lat' dir='ltr'><strong>tit.</strong></span> <span class='ocrx_word' id='word_1_215' title='bbox 2226 3260 2273 3315; x_wconf 72' lang='lat'><strong>2,</strong></span> <span class='ocrx_word' id='word_1_216' title='bbox 2307 3253 2456 3303; x_wconf 83' lang='lat' dir='ltr'><strong>form.</strong></span> <span class='ocrx_word' id='word_1_217' title='bbox 2492 3253 2557 3310; x_wconf 73' lang='lat'><strong>4.)</strong></span> 
     </span>
    </p>
   </div>
   <div class='ocr_carea' id='block_1_9' title="bbox 487 3414 2787 4474">
    <p class='ocr_par' dir='ltr' id='par_1_12' title="bbox 508 3414 2748 3525">
     <span class='ocr_line' id='line_1_29' title="bbox 508 3414 2748 3525; baseline -0.017 -18"><span class='ocrx_word' id='word_1_218' title='bbox 508 3504 509 3507; x_wconf 74' lang='grc'>,</span> <span class='ocrx_word' id='word_1_219' title='bbox 569 3439 652 3507; x_wconf 90' lang='grc' dir='ltr'><strong>Ν.</strong></span> <span class='ocrx_word' id='word_1_220' title='bbox 709 3436 1068 3525; x_wconf 88' lang='lat' dir='ltr'><strong>Episcopus</strong></span> <span class='ocrx_word' id='word_1_221' title='bbox 1127 3429 1206 3496; x_wconf 87' lang='lat' dir='ltr'><strong>N.</strong></span> <span class='ocrx_word' id='word_1_222' title='bbox 1263 3464 1349 3478; x_wconf 93' lang='lat'><strong>—-</strong></span> <span class='ocrx_word' id='word_1_223' title='bbox 1395 3424 1803 3492; x_wconf 89' lang='lat' dir='ltr'><strong>Testatorum</strong></span> <span class='ocrx_word' id='word_1_224' title='bbox 1857 3421 1997 3510; x_wconf 87' lang='lat' dir='ltr'><strong>pias</strong></span> <span class='ocrx_word' id='word_1_225' title='bbox 2052 3416 2434 3498; x_wconf 80' lang='lat' dir='ltr'><strong>voluntateS‚</strong></span> <span class='ocrx_word' id='word_1_226' title='bbox 2492 3414 2566 3476; x_wconf 89' lang='lat' dir='ltr'><strong>ut</strong></span> <span class='ocrx_word' id='word_1_227' title='bbox 2611 3426 2748 3474; x_wconf 83' lang='lat' dir='ltr'><strong>exe-</strong></span> 
     </span>
    </p>

    <p class='ocr_par' dir='ltr' id='par_1_13' title="bbox 487 3511 2755 3638">
     <span class='ocr_line' id='line_1_30' title="bbox 487 3511 2755 3638; baseline -0.015 -25"><span class='ocrx_word' id='word_1_228' title='bbox 487 3548 792 3638; x_wconf 87' lang='lat' dir='ltr'><strong>quantur,</strong></span> <span class='ocrx_word' id='word_1_229' title='bbox 853 3537 1126 3605; x_wconf 87' lang='lat' dir='ltr'><strong>libenter</strong></span> <span class='ocrx_word' id='word_1_230' title='bbox 1168 3529 1596 3599; x_wconf 84' lang='lat' dir='ltr'><strong>intendimus.</strong></span> <span class='ocrx_word' id='word_1_231' title='bbox 1647 3525 1813 3595; x_wconf 89' lang='lat' dir='ltr'><strong>Sane</strong></span> <span class='ocrx_word' id='word_1_232' title='bbox 1855 3525 2022 3594; x_wconf 90' lang='lat' dir='ltr'><strong>sicut</strong></span> <span class='ocrx_word' id='word_1_233' title='bbox 2072 3521 2445 3612; x_wconf 89' lang='lat' dir='ltr'><strong>accepimus</strong></span> <span class='ocrx_word' id='word_1_234' title='bbox 2500 3513 2639 3584; x_wconf 93' lang='lat' dir='ltr'><strong>NN.</strong></span> <span class='ocrx_word' id='word_1_235' title='bbox 2693 3511 2755 3577; x_wconf 87' lang='lat' dir='ltr'><strong>in</strong></span> 
     </span>
    </p>

    <p class='ocr_par' dir='ltr' id='par_1_14' title="bbox 492 3621 2787 4474">
     <span class='ocr_line' id='line_1_31' title="bbox 492 3621 2761 3735; baseline -0.018 -12"><span class='ocrx_word' id='word_1_236' title='bbox 492 3648 794 3723; x_wconf 88' lang='lat' dir='ltr'><strong>humanis</strong></span> <span class='ocrx_word' id='word_1_237' title='bbox 821 3665 1017 3735; x_wconf 86' lang='lat' dir='ltr'><strong>agens</strong></span> <span class='ocrx_word' id='word_1_238' title='bbox 1051 3642 1121 3710; x_wconf 93' lang='lat' dir='ltr'><strong>in</strong></span> <span class='ocrx_word' id='word_1_239' title='bbox 1152 3639 1411 3721; x_wconf 87' lang='lat' dir='ltr'><strong>ultimo,</strong></span> <span class='ocrx_word' id='word_1_240' title='bbox 1455 3648 1628 3704; x_wconf 67' lang='lat' dir='ltr'><strong>*cum</strong></span> <span class='ocrx_word' id='word_1_241' title='bbox 1666 3655 1799 3723; x_wconf 92' lang='lat' dir='ltr'><strong>quo</strong></span> <span class='ocrx_word' id='word_1_242' title='bbox 1822 3632 2118 3721; x_wconf 84' lang='lat' dir='ltr'><strong>decessit,</strong></span> <span class='ocrx_word' id='word_1_243' title='bbox 2147 3629 2558 3701; x_wconf 85' lang='lat' dir='ltr'><strong>testamento,</strong></span> <span class='ocrx_word' id='word_1_244' title='bbox 2605 3621 2761 3687; x_wconf 89' lang='lat' dir='ltr'><strong>iuter</strong></span> 
     </span>
     <span class='ocr_line' id='line_1_32' title="bbox 493 3722 2767 3849; baseline -0.016 -22"><span class='ocrx_word' id='word_1_245' title='bbox 493 3761 619 3828; x_wconf 86' lang='lat' dir='ltr'><strong>alia</strong></span> <span class='ocrx_word' id='word_1_246' title='bbox 646 3779 761 3849; x_wconf 91' lang='lat' dir='ltr'><strong>per</strong></span> <span class='ocrx_word' id='word_1_247' title='bbox 781 3774 935 3821; x_wconf 90' lang='lat' dir='ltr'><strong>eum</strong></span> <span class='ocrx_word' id='word_1_248' title='bbox 963 3747 1270 3843; x_wconf 80' lang='lat' dir='ltr'><strong>disposita</strong></span> <span class='ocrx_word' id='word_1_249' title='bbox 1317 3744 1549 3829; x_wconf 82' lang='lat' dir='ltr'><strong>voluit,</strong></span> <span class='ocrx_word' id='word_1_250' title='bbox 1599 3746 1663 3810; x_wconf 88' lang='lat' dir='ltr'><strong>et</strong></span> <span class='ocrx_word' id='word_1_251' title='bbox 1708 3737 2064 3822; x_wconf 85' lang='lat' dir='ltr'><strong>mandavit,</strong></span> <span class='ocrx_word' id='word_1_252' title='bbox 2107 3734 2283 3825; x_wconf 89' lang='lat' dir='ltr'><strong>quod</strong></span> <span class='ocrx_word' id='word_1_253' title='bbox 2319 3754 2397 3800; x_wconf 82' lang='lat' dir='ltr'><strong>ex</strong></span> <span class='ocrx_word' id='word_1_254' title='bbox 2425 3730 2564 3798; x_wconf 90' lang='lat' dir='ltr'><strong>suis</strong></span> <span class='ocrx_word' id='word_1_255' title='bbox 2591 3722 2767 3794; x_wconf 86' lang='lat' dir='ltr'><strong>bonis</strong></span> 
     </span>
     <span class='ocr_line' id='line_1_33' title="bbox 498 3827 2771 3942; baseline -0.018 -7"><span class='ocrx_word' id='word_1_256' title='bbox 498 3887 711 3934; x_wconf 88' lang='lat' dir='ltr'><strong>unum</strong></span> <span class='ocrx_word' id='word_1_257' title='bbox 738 3858 1192 3930; x_wconf 88' lang='lat' dir='ltr'><strong>canonicatum</strong></span> <span class='ocrx_word' id='word_1_258' title='bbox 1211 3873 1368 3921; x_wconf 89' lang='lat' dir='ltr'><strong>cum</strong></span> <span class='ocrx_word' id='word_1_259' title='bbox 1388 3846 1737 3942; x_wconf 87' lang='lat' dir='ltr'><strong>praebenda</strong></span> <span class='ocrx_word' id='word_1_260' title='bbox 1763 3846 1833 3912; x_wconf 92' lang='lat' dir='ltr'><strong>in</strong></span> <span class='ocrx_word' id='word_1_261' title='bbox 1867 3840 2138 3915; x_wconf 88' lang='lat' dir='ltr'><strong>ecclesia</strong></span> <span class='ocrx_word' id='word_1_262' title='bbox 2165 3835 2518 3908; x_wconf 88' lang='lat' dir='ltr'><strong>cathedrali</strong></span> <span class='ocrx_word' id='word_1_263' title='bbox 2547 3830 2628 3900; x_wconf 88' lang='lat' dir='ltr'><strong>N.</strong></span> <span class='ocrx_word' id='word_1_264' title='bbox 2658 3827 2771 3896; x_wconf 87' lang='lat' dir='ltr'><strong>eri-</strong></span> 
     </span>
     <span class='ocr_line' id='line_1_34' title="bbox 499 3935 2774 4070; baseline -0.015 -33"><span class='ocrx_word' id='word_1_265' title='bbox 499 3976 799 4070; x_wconf 38' lang='lat' dir='ltr'><strong>geretur.</strong></span> <span class='ocrx_word' id='word_1_266' title='bbox 827 3970 888 4033; x_wconf 89' lang='lat' dir='ltr'><strong>et</strong></span> <span class='ocrx_word' id='word_1_267' title='bbox 923 3963 1392 4042; x_wconf 87' lang='lat' dir='ltr'><strong>institueretur,</strong></span> <span class='ocrx_word' id='word_1_268' title='bbox 1424 3956 1767 4043; x_wconf 89' lang='lat' dir='ltr'><strong>dictusque</strong></span> <span class='ocrx_word' id='word_1_269' title='bbox 1801 3950 2219 4019; x_wconf 88' lang='lat' dir='ltr'><strong>canonicatus</strong></span> <span class='ocrx_word' id='word_1_270' title='bbox 2258 3967 2377 4038; x_wconf 88' lang='lat' dir='ltr'><strong>pro</strong></span> <span class='ocrx_word' id='word_1_271' title='bbox 2405 3943 2620 4034; x_wconf 90' lang='lat' dir='ltr'><strong>prima</strong></span> <span class='ocrx_word' id='word_1_272' title='bbox 2644 3935 2774 4002; x_wconf 76' lang='lat' dir='ltr'><strong>vice</strong></span> 
     </span>
     <span class='ocr_line' id='line_1_35' title="bbox 503 4051 2778 4167; baseline -0.014 -24"><span class='ocrx_word' id='word_1_273' title='bbox 503 4096 617 4167; x_wconf 91' lang='lat' dir='ltr'><strong>per</strong></span> <span class='ocrx_word' id='word_1_274' title='bbox 638 4073 947 4140; x_wconf 88' lang='lat' dir='ltr'><strong>dilectum</strong></span> <span class='ocrx_word' id='word_1_275' title='bbox 969 4068 1171 4138; x_wconf 90' lang='lat' dir='ltr'><strong>Nobis</strong></span> <span class='ocrx_word' id='word_1_276' title='bbox 1200 4068 1271 4135; x_wconf 91' lang='lat' dir='ltr'><strong>in</strong></span> <span class='ocrx_word' id='word_1_277' title='bbox 1292 4065 1548 4134; x_wconf 90' lang='lat' dir='ltr'><strong>Christo</strong></span> <span class='ocrx_word' id='word_1_278' title='bbox 1567 4061 1650 4129; x_wconf 94' lang='lat' dir='ltr'><strong>N.</strong></span> <span class='ocrx_word' id='word_1_279' title='bbox 1684 4060 1842 4127; x_wconf 88' lang='lat' dir='ltr'><strong>dicti</strong></span> <span class='ocrx_word' id='word_1_280' title='bbox 1874 4056 2189 4126; x_wconf 87' lang='lat' dir='ltr'><strong>testatoris</strong></span> <span class='ocrx_word' id='word_1_281' title='bbox 2218 4056 2630 4122; x_wconf 86' lang='lat' dir='ltr'><strong>executorem</strong></span> <span class='ocrx_word' id='word_1_282' title='bbox 2659 4051 2778 4111; x_wconf 82' lang='lat' dir='ltr'><strong>tes·</strong></span> 
     </span>
     <span class='ocr_line' id='line_1_36' title="bbox 504 4152 2782 4265; baseline -0.014 -19"><span class='ocrx_word' id='word_1_283' title='bbox 504 4178 960 4248; x_wconf 81' lang='lat' dir='ltr'><strong>tamentarium</strong></span> <span class='ocrx_word' id='word_1_284' title='bbox 976 4230 994 4262; x_wconf 88' lang='lat'>‚</span> <span class='ocrx_word' id='word_1_285' title='bbox 1024 4197 1142 4265; x_wconf 90' lang='lat' dir='ltr'><strong>pro</strong></span> <span class='ocrx_word' id='word_1_286' title='bbox 1171 4172 1408 4242; x_wconf 81' lang='lat' dir='ltr'><strong>futuris</strong></span> <span class='ocrx_word' id='word_1_287' title='bbox 1427 4190 1579 4237; x_wconf 80' lang='lat' dir='ltr'><strong>vero</strong></span> <span class='ocrx_word' id='word_1_288' title='bbox 1598 4166 1852 4235; x_wconf 84' lang='lat' dir='ltr'><strong>vicibus</strong></span> <span class='ocrx_word' id='word_1_289' title='bbox 1881 4186 1995 4256; x_wconf 91' lang='lat' dir='ltr'><strong>per</strong></span> <span class='ocrx_word' id='word_1_290' title='bbox 2012 4162 2096 4230; x_wconf 94' lang='lat' dir='ltr'><strong>N.</strong></span> <span class='ocrx_word' id='word_1_291' title='bbox 2120 4160 2578 4230; x_wconf 88' lang='lat' dir='ltr'><strong>nominaretur</strong></span> <span class='ocrx_word' id='word_1_292' title='bbox 2601 4152 2782 4244; x_wconf 88' lang='lat' dir='ltr'><strong>prout</strong></span> 
     </span>
     <span class='ocr_line' id='line_1_37' title="bbox 510 4256 2784 4369; baseline -0.015 -15"><span class='ocrx_word' id='word_1_293' title='bbox 510 4290 581 4354; x_wconf 89' lang='lat' dir='ltr'><strong>in</strong></span> <span class='ocrx_word' id='word_1_294' title='bbox 611 4283 779 4354; x_wconf 88' lang='lat' dir='ltr'><strong>dicto</strong></span> <span class='ocrx_word' id='word_1_295' title='bbox 823 4285 1202 4347; x_wconf 85' lang='lat' dir='ltr'><strong>testamento</strong></span> <span class='ocrx_word' id='word_1_296' title='bbox 1240 4280 1501 4369; x_wconf 89' lang='lat' dir='ltr'><strong>plenius</strong></span> <span class='ocrx_word' id='word_1_297' title='bbox 1531 4275 1922 4344; x_wconf 89' lang='lat' dir='ltr'><strong>continetur.</strong></span> <span class='ocrx_word' id='word_1_298' title='bbox 1968 4268 2215 4339; x_wconf 89' lang='lat' dir='ltr'><strong>Volens</strong></span> <span class='ocrx_word' id='word_1_299' title='bbox 2240 4269 2584 4356; x_wconf 87' lang='lat' dir='ltr'><strong>propterea</strong></span> <span class='ocrx_word' id='word_1_300' title='bbox 2621 4256 2784 4324; x_wconf 89' lang='lat' dir='ltr'><strong>idem</strong></span> 
     </span>
     <span class='ocr_line' id='line_1_38' title="bbox 510 4361 2787 4474; baseline -0.013 -16"><span class='ocrx_word' id='word_1_301' title='bbox 510 4391 590 4458; x_wconf 87' lang='lat' dir='ltr'><strong>N.</strong></span> <span class='ocrx_word' id='word_1_302' title='bbox 621 4391 919 4458; x_wconf 85' lang='lat' dir='ltr'><strong>executor</strong></span> <span class='ocrx_word' id='word_1_303' title='bbox 945 4385 1272 4474; x_wconf 85' lang='lat' dir='ltr'><strong>praemissa</strong></span> <span class='ocrx_word' id='word_1_304' title='bbox 1295 4382 1656 4452; x_wconf 87' lang='lat' dir='ltr'><strong>executioni</strong></span> <span class='ocrx_word' id='word_1_305' title='bbox 1679 4375 2062 4448; x_wconf 87' lang='lat' dir='ltr'><strong>demandari</strong></span> <span class='ocrx_word' id='word_1_306' title='bbox 2085 4375 2320 4455; x_wconf 85' lang='lat' dir='ltr'><strong>facere,</strong></span> <span class='ocrx_word' id='word_1_307' title='bbox 2357 4367 2548 4437; x_wconf 88' lang='lat' dir='ltr'><strong>nobis</strong></span> <span class='ocrx_word' id='word_1_308' title='bbox 2579 4361 2787 4433; x_wconf 88' lang='lat' dir='ltr'><strong>humi·</strong></span> 
     </span>
    </p>
   </div>
  </div>
 </body>
</html>
