2930 4982
361 346 383 397 «l
403 344 483 400 06
1325 351 1670 397 numurus

354 471 700 560 theologali
747 470 1073 557 intersint,
1122 470 1486 538 docuerunt
1531 468 1835 554 Barbosa,
1876 468 2197 537 Jordanus
2242 467 2395 551 Pax,
2426 466 2647 537 Mona-

354 576 526 650 celli,
552 583 613 644 et
652 576 1000 645 cardinalis
1037 578 1119 645 de
1143 575 1345 642 Luca.
1379 574 1448 641 2⁰
1487 574 1666 644 Idem
1694 582 2036 644 senserunt
2071 573 2415 664 Pignatelli
2449 579 2511 641 et
2536 574 2647 644 alii

353 682 647 771 quidam,
674 683 935 772 quando
959 680 1337 769 theologalis
1360 681 1714 750 canonicus
1750 682 2050 750 materias
2076 680 2348 748 morales
2377 686 2602 748 tractat
2624 707 2642 769 ;

352 810 536 857 secus
580 790 632 857 si
677 794 900 857 tractet
940 788 1399 878 speculativas,
1446 809 1577 878 quo
1625 810 1773 856 casu
1816 809 1950 855 non
2000 791 2304 855 tenentur
2346 787 2646 857 accedere

355 895 468 982 qui
501 917 629 962 non
663 894 1060 982 intelligunt.
1096 893 1164 963 3ο
1194 895 1390 964 Sacra
1420 893 1849 985 Congregatio
1872 895 2137 962 concilii
2162 893 2257 983 (in
2285 892 2641 981 Fundana,

362 1000 443 1067 15
472 1000 749 1067 octobris
805 998 1001 1089 1619)
1031 1000 1403 1089 respondit:
1462 1000 1760 1068 Lectiom'
1804 998 2170 1089 Scriptum
2208 1019 2412 1064 sacroe
2443 999 2650 1067 teneri

352 1105 594 1173 saltem
635 1104 957 1173 assistere·
975 1107 1320 1174 canonicos
1350 1106 1635 1174 ecclesiae
1663 1105 2117 1189 cathedrali35
2143 1102 2410 1194 ideoque
2446 1126 2645 1173 cano-

351 1211 575 1279 nicum
625 1209 1003 1299 theoloqum
1055 1212 1435 1301 injunctum
1470 1211 1605 1279 sibi
1642 1235 1885 1279 munus
1934 1212 2056 1279 hoc
2109 1223 2274 1279 certe
2305 1222 2645 1301 proeteaetu

351 1316 714 1385 detrectare
738 1339 874 1384 non
896 1339 1108 1407 posse,
1149 1317 1330 1406 quod
1365 1317 1611 1385 scilicet
1647 1318 1918 1385 nullum
1948 1316 2194 1385 habeat
2238 1315 2638 1387 auditorem.

349 1422 418 1489 4⁰
465 1421 779 1490 Praedicta
828 1425 1296 1491 canonicorum
1346 1424 1657 1514 obligatio
1715 1425 1978 1515 probari
2028 1429 2239 1514 posset
2292 1446 2331 1491 a
2383 1425 2528 1515 pari
2573 1448 2648 1495 ex

347 1530 738 1620 obligatione
766 1536 938 1598 certa
967 1531 1383 1600 interessendi
1419 1534 1843 1601 concionibus
1871 1532 2396 1623 Quadragesimae
2429 1539 2493 1600 et
2513 1533 2648 1602 Ad-

346 1644 600 1705 ventus,
664 1637 732 1704 5⁰
776 1636 924 1704 Non
963 1637 1130 1704 valet
1177 1646 1643 1729 argumentum
1675 1640 1759 1707 ab
1792 1641 2188 1730 obligatione
2226 1640 2649 1709 interessendi

350 1744 775 1814 concionibus
821 1744 1350 1834 Quadragesimae
1399 1753 1464 1814 et
1508 1747 1887 1836 Adventus3
1923 1747 2079 1836 quia
2122 1745 2253 1814 illae
2301 1746 2644 1813 conciones

349 1850 813 1918 connexionem
853 1851 1097 1919 habent
1125 1873 1279 1919 cum
1310 1853 1532 1920 divino
1575 1854 1789 1921 officio
1816 1854 1897 1920 ad
1925 1853 2098 1942 quod
2134 1851 2509 1941 obligantur
2536 1873 2645 1920 ca-

346 1956 570 2023 nonici
614 1980 630 2025 z
679 1958 987 2026 lectiones
1034 1981 1185 2026 vero
1215 1959 1604 2048 theologales
1653 1960 1954 2027 minime.
1991 1960 2059 2027 6ο
2088 1958 2189 2026 Ad
2219 1957 2644 2027 conterentias

347 2082 619 2130 casuum
666 2065 1079 2133 conscientiae
1120 2071 1373 2133 certum
1408 2070 1503 2133 est
1546 2087 1733 2156 posse
1761 2067 1905 2156 cogi
1948 2066 2031 2134 ab
2056 2065 2377 2156 Episcopo
2419 2085 2646 2132 omnes

345 2170 655 2257 parochos
684 2176 813 2237 tam
842 2172 1179 2240 saeculares
1216 2194 1415 2260 quam
1446 2173 1640 2240 etiam
1679 2172 2028 2262 regulares
2060 2171 2168 2258 Et,
2195 2172 2252 2238 si
2281 2172 2645 2261 capitulum

344 2274 558 2365 ipsum
603 2297 831 2343 curam
868 2278 1271 2346 habitualem
1309 2281 1684 2346 animarum
1717 2280 1976 2363 habeat,
2011 2284 2317 2346 tenentur
2346 2278 2645 2346 accedere

345 2402 570 2447 omnes
599 2383 899 2449 canonici
924 2405 1148 2449 curam
1184 2407 1299 2473 per
1326 2392 1598 2452 turnum
1622 2392 2010 2472 exercenteS,
2034 2391 2110 2451 ut
2135 2384 2493 2452 resolutum
2525 2383 2650 2450 fuit

344 2509 381 2554 a
409 2509 586 2554 sacra
614 2486 1127 2577 Congregatione
1149 2491 1251 2583 (11
1295 2493 1661 2561 decembris
1696 2491 1914 2580 1621).
1954 2493 2019 2557 7⁰
2046 2488 2221 2557 Olim
2258 2509 2438 2554 sacra
2467 2487 2650 2556 Con-

345 2594 630 2682 gregatio
673 2600 957 2662 senserat
996 2598 1420 2666 confessarios
1450 2599 1791 2667 saeculares
1820 2597 1965 2686 cogi
2001 2616 2134 2662 non
2161 2614 2342 2684 posse
2370 2592 2453 2659 ad
2478 2615 2651 2661 con-

345 2697 642 2768 ferentias
671 2723 939 2769 casuum
969 2732 986 2791 ;
1021 2706 1196 2793 quod
1227 2705 1420 2773 variis
1450 2705 1660 2772 allatis
1694 2703 2128 2772 decisionibus
2157 2700 2388 2791 probat
2416 2701 2646 2768 cardi-

345 2804 513 2872 nalis
546 2805 753 2875 Petra.
786 2807 854 2875 8⁰
878 2809 1122 2877 Eadem
1167 2831 1345 2877 sacra
1391 2809 1848 2899 Congregatio,
1881 2830 2052 2875 anno
2087 2805 2283 2888 1692,
2308 2804 2646 2894 respondit

345 2910 737 3003 Episcopum
769 2916 847 2981 ad
877 2916 1339 2983 conferentiam
1362 2938 1636 2983 casuum
1678 2914 2089 2983 conscientiae
2108 2935 2301 3004 posse
2342 2911 2645 3001 compel-

348 3015 483 3083 lere
550 3039 772 3086 omnes
817 3020 1182 3089 sacerdotes
1244 3022 1620 3106 saeculares,
1683 3017 2137 3112 confessarios,'
2199 3018 2461 3087 etiamsi
2504 3017 2646 3083 sint

348 3124 666 3208 canonici,
697 3138 961 3193 coeteros
980 3150 1130 3195 vero
1160 3151 1296 3195 non
1322 3150 1517 3217 posse
1546 3129 1969 3219 compellere,
2000 3126 2117 3196 sed
2138 3128 2419 3195 hortari.
2451 3124 2643 3193 Unde

347 3228 538 3295 hodie
562 3237 811 3299 certum
848 3238 941 3300 est
982 3239 1045 3300 et
1075 3235 1517 3308 communiter
1564 3235 1954 3320 admissum,
1990 3256 2172 3324 posse
2219 3233 2299 3300 ab
2323 3232 2642 3322 Episcopo

347 3333 427 3400 ad
487 3336 952 3405 conferentiam
1012 3362 1283 3408 casuum
1358 3341 1662 3430 compelli
1730 3340 2043 3431 parochos
2107 3345 2170 3408 et
2224 3338 2643 3407 confessarios

349 3439 684 3509 soeculares
733 3465 980 3511 omnes.
1036 3446 1103 3512 9⁰
1148 3447 1371 3526 Quoad
1400 3448 1750 3514 lectionem
1791 3446 2220 3535 theologalem
2269 3467 2447 3513 sacra
2473 3443 2641 3511 Con·

351 3549 637 3635 gregatio
693 3547 783 3640 (in
838 3551 1302 3637 Coesenatensi‚
1360 3554 1442 3620 18
1469 3553 1623 3641 julii
1685 3551 1881 3643 1648)
1933 3552 2267 3643 respondit
2296 3549 2642 3619 canonicos

349 3653 613 3741 quidem
657 3655 1029 3742 hortandos,
1064 3660 1171 3726 sed
1212 3660 1515 3749 compelli
1554 3681 1740 3750 posse
1768 3653 2023 3728 tantum
2054 3659 2634 3750 poenitentiarium.

352 3758 491 3839 Qua
524 3764 727 3850 posita
772 3764 1121 3850 decisione,
1143 3769 1283 3856 jam
1315 3768 1386 3834 in
1429 3768 1834 3836 contrarium
1877 3768 2064 3856 argui
2094 3767 2319 3856 nequit
2342 3789 2417 3833 ex
2464 3771 2642 3832 ante·

350 3865 510 3931 riori
540 3890 735 3958 supra
757 3873 951 3942 relata
984 3874 1144 3940 anni
1184 3874 1380 3956 1619,
1419 3897 1564 3962 quae
1617 3876 1987 3965 oppositum
2029 3874 2244 3964 quoad
2293 3873 2642 3941 canonicos

346 3973 624 4038 statuere
653 3972 1012 4043 videbatur.
1062 3975 1171 4043 10⁰
1194 3974 1417 4055 Quoad
1464 3978 1883 4046 confessarios
1921 4002 2006 4047 an
2050 3977 2353 4069 compelli
2394 3978 2644 4067 possint

352 4074 431 4143 ad
471 4074 816 4146 lectionem
861 4082 1313 4171 theologalem,
1346 4083 1596 4154 distulit
1625 4087 2009 4176 respondere
2054 4108 2225 4155 anno
2270 4084 2486 4164 16623
2530 4083 2642 4152 sed

350 4180 454 4248 die
489 4181 699 4271 2Julii
735 4185 904 4255 1707
946 4191 1277 4280 respondit
1311 4217 1325 4260 ε
1361 4190 1586 4282 quoad
1620 4193 2067 4260 interventum
2084 4193 2287 4261 teneri
2312 4191 2638 4259 confessa·

348 4288 478 4356 rios
499 4293 562 4355 et
592 4296 868 4375 curatos,
898 4292 1179 4383 reliquos
1203 4320 1352 4365 vero
1376 4322 1514 4367 esse
1532 4300 1883 4367 hortandos
1910 4304 1971 4366 et
1993 4322 2124 4368 non
2151 4299 2497 4389 cogendos.

437 4392 529 4462 Ex
558 4396 799 4485 quibus
823 4398 1133 4469 omnibus
1177 4402 1318 4471 fuse
1346 4405 1649 4495 expositis
1697 4404 2028 4474 concludit
2074 4403 2419 4475 cardinalis
2449 4402 2638 4471 Petra
