2930 4982
389 320 513 376 408
1353 324 1697 372 'suenrus

397 476 432 516 α
472 449 692 541 reqale
711 454 746 517 Ρ
768 487 857 501 -
885 448 1292 539 Responsum
1331 454 1462 517 est:
1494 444 1606 515 Ad
1617 447 1932 537 primum
1960 448 2397 540 affirmative.
2436 487 2522 501 —
2553 450 2652 518 Ad

396 582 430 620 «
474 554 836 623 secundum
891 554 1337 646 affirmative,
1387 553 1489 620 ita
1535 564 1760 622 tamen
1808 566 1886 621 ut
1943 555 2195 622 mulcta
2246 566 2545 645 eroqetur
2587 557 2652 625 in

395 687 429 726 ι(
477 683 635 728 usus
653 661 838 751 pios.

482 784 519 824 ι(
567 758 683 825 llis
712 758 914 847 igilur
955 752 1291 848 pfipensis
1327 780 1460 841 upa
1489 780 1643 826 cum
1679 757 1943 847 juribus
1982 757 2542 846 circumferendiS,
2574 759 2658 828 ‹ii-

395 888 429 928 α
473 864 856 954 gnabuntur
886 863 1272 931 Eminentiae
1299 870 1524 931 vestrae
1552 864 1904 932 rescribere
1931 885 1947 929 z

490 998 522 1034 «
570 969 622 1036 l.
656 969 764 1036 An
794 969 1091 1061 capitulo
1134 982 1467 1059 competat
1481 971 1602 1062 jus
1641 966 2027 1038 mulctandi
2060 967 2470 1059 capitulares
2497 980 2660 1036 ecete-

399 1102 434 1143 «
479 1098 712 1166 rosque
736 1077 1016 1144 ecelesiae
1045 1076 1395 1145 ministros
1424 1077 1673 1147 nedum
1697 1098 1830 1167 pro
1867 1074 2144 1161 levibuS,
2180 1074 2297 1142 sed
2314 1074 2525 1142 etiam
2548 1096 2659 1165 pro

404 1207 438 1247 α
480 1181 802 1272 qravibus
842 1183 1252 1251 excessibus?
1277 1183 1358 1252 Et
1385 1190 1707 1273 quatenus
1749 1182 2134 1253 affirmative
2158 1182 2367 1271 quoad
2398 1184 2661 1271 primam

403 1313 437 1352 «
482 1292 755 1376 partem,
790 1294 853 1354 et
879 1289 1170 1376 negative
1200 1289 1410 1377 quoad
1443 1290 1824 1356 secundam.

493 1417 529 1456 «
574 1390 650 1459 ll.
683 1393 793 1459 An
812 1415 943 1483 pro
973 1394 1334 1462 excessibus
1363 1395 1454 1485 in·
1477 1395 1699 1476 choro,
1730 1393 1895 1461 aula
1923 1391 2296 1483 capitulari
2322 1405 2387 1461 et
2414 1393 2663 1461 ecclesia

404 1522 439 1564 α
487 1496 854 1580 duntaxat,
883 1498 987 1566 vel
1015 1499 1221 1567 etiam
1246 1512 1438 1567 eoetra
1462 1498 1883 1567 commissis?

497 1630 533 1671 ι(
575 1605 686 1672 111.
730 1607 838 1673 An
880 1606 1153 1674 mulctis
1175 1606 1600 1696 pecuniariis
1644 1617 1941 1686 tantum,
1991 1616 2055 1672 et
2096 1605 2173 1671 in
2210 1626 2346 1694 qua
2364 1606 2665 1695 summa?

496 1736 531 1776 «
575 1709 689 1777 lV.
723 1712 842 1778 An
893 1723 956 1779 et
1011 1710 1338 1801 quomodo
1383 1736 1426 1779 a
1463 1712 1721 1779 mulcta
1759 1733 1884 1800 per
1924 1711 2307 1802 capitulum
2364 1709 2658 1801 imposita

409 1842 443 1881 «
482 1829 817 1907 competat
874 1818 1247 1908 appellatio
1296 1818 1388 1886 ad
1422 1818 1837 1909 Episcopum
1864 1820 1902 1883 P
1947 1843 1979 1883 »
2035 1816 2273 1885 Dubiis
2315 1818 2410 1886 sic
2455 1837 2667 1907 propo-

403 1921 539 1990 sitis
568 1921 764 1991 Sacra
802 1922 1232 2014 Congregatio
1259 1926 1592 2017 respondit
1616 1927 1740 1994 hoc
1764 1925 1997 1991 modo:

504 2054 539 2095 «
584 2028 693 2095 Ad
715 2032 775 2110 J,
810 2031 1231 2121 affirmative
1259 2031 1487 2122 quoad
1494 2031 1799 2123 primam
1815 2042 2117 2121 partem,
2145 2030 2453 2120 neqative
2470 2024 2669 2120 quoad

414 2162 447 2202 ι(
488 2136 872 2206 secundam.
920 2137 1030 2204 Ad
1061 2141 1154 2221 II,
1202 2151 1564 2230 competere
1591 2160 1732 2229 pro·
1779 2137 2035 2205 levibus
2087 2138 2457 2205 excessibus
2484 2138 2663 2204 etiam

417 2275 452 2315 κ
491 2261 682 2318 extra
734 2251 1006 2320 chorum
1055 2264 1118 2320 et
1146 2252 1491 2320 ecclesiam
1533 2250 1925 2333 commissis,
1964 2249 2038 2317 in
2088 2250 2541 2340 functionibus
2581 2261 2664 2314 ta-

417 2385 453 2424 «
498 2381 650 2427 men
698 2359 1151 2428 ecclesiasticis
1204 2371 1503 2440 tantum,
1551 2360 1626 2427 in
1671 2358 1913 2449 quibus
1967 2357 2345 2449 capitulum
2389 2353 2667 2448 procedit

418 2488 451 2528 «
498 2464 618 2532 sub
663 2488 868 2533 cruce.
918 2464 1029 2532 Ad
1051 2467 1183 2547 III,
1226 2466 1652 2557 affirmative
1685 2465 1759 2534 in
1792 2463 2068 2533 mulctis
2087 2463 2500 2554 pecuniariis
2537 2475 2670 2530 tan—

419 2594 454 2633 «
499 2582 670 2650 tum,
701 2594 934 2661 nempe
971 2571 1257 2639 duorum
1290 2574 1396 2640 vel
1432 2585 1721 2663 quatuor
1762 2584 1827 2640 et
1865 2571 1961 2639 ad
1981 2581 2317 2640 summum
2346 2594 2456 2654 sex
2489 2569 2668 2637 cluea-

418 2700 453 2740 «
501 2687 724 2742 torum
753 2675 968 2764 juxta
1019 2698 1234 2756 casus,
1270 2677 1372 2744 ita
1416 2689 1641 2746 tamen
1690 2690 1768 2745 ut
1804 2677 2057 2756 mulcta
2091 2689 2386 2769 eroqetur
2413 2675 2484 2742 in
2520 2692 2668 2740 usus

425 2810 459 2851 «
490 2786 670 2877 pios.
706 2785 816 2853 Ad
838 2790 881 2854 I
889 2790 961 2874 V,
986 2787 1408 2877 affirmative
1434 2787 1528 2856 ad
1552 2800 1934 2879 utrumque.
1973 2813 2008 2854 »

1353 3048 1640 3113 CAPUT
1686 3050 1815 3109 VII

418 3215 495 3264 DE
519 3218 544 3263 J
551 3217 662 3262 URE
684 3220 987 3266 CAPITULIS
1002 3221 1249 3268 PROPRIO
1272 3223 1411 3268 SESE
1431 3222 1848 3269 CONGREGANDI
1866 3221 2091 3274 ABSQUE
2116 3218 2396 3265 LICENTIA
2413 3211 2659 3267 Emscom,

578 3325 655 3368 ΕΤ
681 3326 795 3377 QUO
823 3327 970 3373 GAsu
999 3327 1428 3376 EXCEPTIONALI
1456 3330 1604 3375 IDEM
1631 3331 1655 3374 J
1664 3330 1727 3375 US
1754 3329 1910 3373 ALIIS
1937 3329 2012 3373 DE
2043 3327 2232 3373 GLERO
2265 3321 2562 3373 COMPETAT

522 3504 928 3597 Exponemus
951 3513 1186 3601 primo
1226 3512 1679 3600 gravissimam
1704 3510 2136 3600 ‘quaestionem
2179 3513 2407 3576 utrum
2445 3499 2670 3572 licentia

421 3610 719 3704 Episcopi
760 3617 1048 3706 indigeat
1084 3617 1440 3708 capitulum
1479 3617 1560 3685 ad
1597 3639 1729 3685 sese
1767 3616 2321 3705 congregandum.
2375 3602 2668 3686 Secundo,

426 3723 855 3813 prohabimus
887 3725 1130 3792 caeteris
1178 3725 1258 3792 de
1293 3713 1467 3793 clero
1506 3726 1615 3812 jus
1660 3745 1794 3792 sese
1835 3720 2270 3813 congregandi
2322 3713 2670 3808 regulariter

427 3856 559 3902 non
603 3837 985 3921 competere.
1050 3831 1285 3912 Terti0,
1338 3830 1847 3899 memorabimus
1908 3850 2131 3896 casum
2200 3817 2667 3915 exceptionalem

428 3959 558 4025 quo
586 3937 778 4002 etiam
810 3936 953 4003 aliis
982 3936 1061 4004 de
1087 3938 1256 4004 clero
1275 3936 1517 4028 absque
1542 3936 1803 4004 licentia
1838 3932 2140 4024 Episcopi
2175 3954 2311 4001 sese
2340 3927 2669 3999 coadunare

423 4040 682 4114 licitum
712 4046 826 4107 est.
