2930 4982
427 334 461 386 ⁶2
474 330 550 384 58
1406 331 1747 378 TRACTATUS

431 485 467 524 «
495 457 653 527 olim
706 475 781 522 ex
839 451 1183 543 privilegio
1232 448 1407 518 idem
1451 455 1746 541 poterant
1804 449 2063 518 abbates
2111 449 2610 534 monachorum3
2645 460 2705 522 et

430 589 466 628 «
496 561 722 632 deinde
755 579 927 626 anno
961 556 1134 624 1628
1165 555 1291 623 fuit
1317 553 1421 622 his
1448 554 1574 623 tale
1610 555 2031 645 privilegium
2058 554 2420 623 limitatum
2456 578 2568 646 per
2588 557 2702 626 de-

427 695 461 735 «
493 673 745 739 cretum
792 663 1005 732 Sacrae
1059 663 1308 729 rituum
1366 661 1927 751 CongregationiS.
1981 660 2194 742 Quare
2241 662 2600 751 accepimus
2635 665 2700 732 in

426 801 461 841 «
490 770 799 849 historii5‚
842 768 1018 857 quod
1049 772 1309 835 sanctus
1333 765 1602 835 Carolus
1631 766 2042 835 Borromaeus
2067 767 2421 857 saepissime
2450 769 2700 838 missam

426 905 460 947 α
491 874 947 970 pontificaliter
977 872 1423 941 celebrabat...
1456 871 1557 941 Ac
1591 873 1672 941 de
1713 894 1896 942 servo
1933 871 2053 940 Dei
2094 870 2175 941 D.
2218 872 2403 941 Petro
2440 874 2724 965 Georgio'

423 1011 458 1050 «
488 981 883 1052 Odescalcho
911 979 1352 1048 Alexandrino
1377 979 1722 1077 Episcopo,
1753 1002 1828 1048 ac
1852 979 2083 1048 deinde
2107 978 2590 1069 Viglebanensi,
2614 984 2699 1051 le-

419 1116 453 1157 «
486 1090 707 1182 gimus
758 1087 828 1154 in
872 1089 1014 1176 ejus
1054 1087 1185 1153 vita
1226 1085 1404 1175 quod
1436 1086 1798 1177 indefessus
1840 1098 1985 1154 erat
2017 1086 2089 1154 in
2140 1088 2388 1155 cunctis
2431 1090 2699 1178 functio-

416 1194 671 1289 «nibus
709 1192 1258 1284 pontificalibm,
1308 1202 1371 1260 et
1421 1203 1565 1260 tam
1611 1195 1949 1284 frequem,
1999 1199 2075 1261 ut
2116 1195 2354 1282 passim
2395 1195 2697 1266 diceretur

415 1328 449 1370 «
478 1301 853 1392 Viglebani,
883 1298 964 1367 D.
999 1298 1475 1368 Odescalchum
1505 1300 1696 1390 plura
1740 1305 2122 1390 paramenta
2168 1299 2480 1369 attrivisse
2516 1324 2696 1391 quam

416 1414 727 1501 «septem
769 1407 1267 1499 praedecessores
1302 1409 1443 1496 ejus
1485 1406 1889 1498 Episcopos),
1931 1406 2103 1490 aliis,
2144 1407 2440 1496 inquam,
2485 1408 2696 1478 diebus

414 1538 610 1585 «non
648 1520 950 1584 tenentur
999 1515 1294 1582 canonici
1338 1514 1463 1582 nisi
1494 1536 1571 1582 ex
1606 1501 1971 1582 urbanitate
2013 1513 2113 1582 illi
2154 1512 2412 1589 obviam
2449 1516 2698 1604 prodire

416 1648 448 1688 «
476 1643 691 1713 usque
720 1621 799 1688 ad
822 1619 1138 1710 palatium
1187 1617 1507 1686 inclusive
1538 1642 1554 1686 t
1585 1640 1971 1708 quanquam
2002 1619 2193 1687 etiam
2221 1619 2448 1686 talibus
2473 1619 2700 1689 diebus

411 1758 445 1798 «
478 1734 824 1798 teneantur
854 1727 1059 1816 aliqui
1092 1748 1168 1794 ex
1209 1725 1545 1792 canonicis
1591 1725 1673 1792 ad
1710 1732 1963 1817 portam
2010 1727 2296 1794 ecclesiae
2336 1725 2432 1793 illi
2475 1748 2699 1795 occur·

413 1863 448 1903 «
478 1858 619 1905 rere
658 1859 673 1903 ε
727 1834 917 1902 sicuti
965 1832 1403 1922 pariformiter
1447 1831 1840 1900 servandum
1880 1836 1998 1919 est,
2048 1831 2313 1921 quando
2352 1830 2695 1921 Episcopus

411 1969 445 2010 «
473 1944 557 2011 ob
581 1942 779 2010 aliam
798 1959 1288 2029 quamcumque
1313 1959 1580 2006 causam
1607 1937 1685 2006 ad
1722 1939 2058 2006 ecclesiam
2087 1939 2339 2007 venerit
2370 1937 2690 2028 privatim.

498 2046 656 2114 «Ne
703 2068 856 2114 vero
905 2045 1256 2119 turbentur
1299 2043 1521 2111 divina
1573 2044 1790 2112 officia
1818 2050 2083 2135 propter
2123 2044 2488 2112 solemnem
2515 2044 2688 2110 illam

410 2182 445 2222 «
474 2154 831 2245 praestitam
890 2174 926 2220 a
988 2156 1119 2218 toto
1188 2149 1471 2240 capitulo
1529 2151 2047 2232 associationem,
2121 2151 2309 2220 debet
2355 2149 2695 2240 Episcopus

407 2287 443 2327 «
473 2266 715 2331 certam
757 2260 991 2327 horam
1022 2257 1122 2325 sui
1152 2257 1467 2325 adventus
1503 2258 1896 2347 significare,
1939 2279 2091 2347 quae
2127 2259 2211 2326 sit
2235 2262 2530 2348 tempore
2563 2276 2694 2326 con-

416 2391 452 2431 «
483 2387 670 2455 gruo.
702 2365 890 2445 Quod
912 2365 993 2450 si,
1015 2368 1246 2431 statuta
1273 2364 1353 2431 de
1385 2384 1705 2431 consensu
1732 2363 2036 2456 Episcopi
2062 2365 2225 2433 hora
2266 2363 2492 2442 officii,
2520 2363 2695 2432 fuerit

408 2494 445 2535 «
475 2468 698 2537 datum
723 2468 1036 2535 ultimum
1064 2489 1398 2559 campanae
1431 2468 1733 2558 signum,
1761 2493 1893 2539 non
1921 2475 2230 2539 tenentur
2257 2469 2551 2539 canonici
2568 2490 2694 2537 am-

399 2576 650 2667 «plius
681 2579 1067 2665 exspectare,
1115 2574 1225 2642 sed
1287 2583 1556 2667 possunt
1598 2578 1906 2646 inchoare
1952 2579 2278 2660 officium;
2314 2600 2386 2645 ac
2435 2576 2693 2657 deinde,

407 2707 446 2768 j«
474 2680 736 2770 quando
753 2678 1057 2747 inchoato
1080 2679 1295 2748 officio
1314 2680 1967 2773 Episcopus2venerit,
1993 2684 2141 2753 satis
2162 2686 2286 2753 erit
2307 2682 2478 2772 quod
2497 2682 2693 2771 aliqui

393 2777 449 2855 ¹«
480 2810 556 2856 ex
581 2785 915 2855 canonicis
951 2808 987 2854 e
1016 2786 1214 2854 choro
1243 2786 1604 2874 discedant,
1638 2794 1702 2858 et
1732 2790 1995 2859 obviam
2021 2790 2121 2859 illi
2145 2795 2293 2859 eant
2313 2790 2394 2857 ad
2423 2796 2686 2879 portam,

401 2922 451 2962 .«
477 2895 881 2984 porrigentes
920 2895 1379 2981 aspersorium.

401 3071 406 3076 ,
508 3024 541 3063 «
571 2998 935 3083 DubitabiS,
968 3020 1051 3066 an
1094 3000 1459 3090 capitulum
1495 2999 1724 3069 debeat
1751 3002 2056 3069 interesse
2085 3002 2384 3070 concioni
2417 3006 2686 3091 tempore

418 3132 453 3176 α
483 3104 793 3173 adventus
824 3108 886 3171 et
913 3103 1447 3193 quadragesimae,
1478 3104 1741 3195 quando
1769 3104 1980 3173 eidem
2012 3106 2275 3174 interest
2295 3104 2690 3196 Episcopus?

411 3238 456 3284 ,«
483 3211 859 3302 Respondeo
902 3210 1329 3279 affirmative:
1365 3217 1426 3280 et
1458 3212 1548 3279 ita
1574 3212 1880 3280 asseritur
1919 3213 2209 3281 decisum
2237 3235 2276 3280 a
2309 3211 2503 3282 Sacra
2531 3210 2685 3278 Con·

399 3343 456 3409 g«
484 3319 856 3407 gregatione
901 3339 1021 3407 per
1057 3316 1470 3386 Cardinalem
1510 3318 1589 3385 de
1625 3317 1808 3386 Luca
1842 3318 2157 3408 (discursu
2195 3318 2310 3406 33,
2345 3314 2686 3406 Miscell.);

417 3448 454 3486 «
483 3421 678 3512 quia,-
703 3420 920 3510 inquit
960 3422 1123 3512 ipse,
1157 3423 1302 3490 talis
1341 3424 1740 3492 interventus
1769 3428 1862 3491 est
1905 3425 2325 3516 capitularis3
2378 3423 2693 3513 siquidem

420 3550 453 3590 «
480 3530 638 3599 tunc
677 3529 1124 3618 repraesentari
1165 3527 1354 3596 debet
1398 3549 1634 3619 corpus
1667 3529 2027 3618 mysticum
2072 3529 2396 3614 Ecclesiae,
2440 3552 2516 3597 ex
2554 3524 2694 3616 Epi-

417 3656 451 3697 «
479 3653 669 3726 scopo
695 3637 1014 3728 tanquamw
1047 3633 1278 3724 capite,
1311 3640 1374 3701 et
1397 3633 1682 3725 capitulo
1708 3640 2020 3725 tanquam
2053 3636 2367 3704 membris
2390 3635 2693 3703 constitu-

414 3766 451 3806 «
480 3745 651 3809 tum.
686 3740 837 3809 Post
868 3739 1234 3808 absolutam
1258 3733 1410 3808 vero
1430 3741 1852 3829 concionem,
1891 3740 1995 3808 vel
2027 3740 2386 3832 Episcopus
2418 3740 2694 3830 expectat

415 3848 794 3936 «usquead
817 3847 1016 3914 finem
1047 3846 1262 3913 missae
1291 3846 1620 3931 solemnis,
1655 3848 1754 3914 vel
1777 3868 1934 3914 non.
1966 3845 2037 3913 Si
2061 3851 2372 3936 expectat,
2404 3838 2695 3913 canonici

414 3976 451 4015 «
477 3972 704 4018 omnes
746 3975 903 4020 eum
946 3951 1241 4018 comitari
1290 3950 1531 4019 debent
1573 3974 1780 4042 usque
1830 3953 1912 4020 ad
1960 3958 2218 4042 portam
2261 3950 2572 4033 ecclesiae,
2626 3964 2697 4013 ac

311 4093 314 4096 -
410 4080 446 4121 «
474 4055 703 4139 deinde
727 4051 936 4126 redire
965 4057 1045 4126 ad
1068 4058 1350 4128 chorum
1375 4081 1391 4125 ε
1426 4060 1479 4126 si
1498 4081 1649 4128 vero
1664 4081 1797 4128 non
1818 4065 2130 4150 expectat,
2152 4059 2360 4149 aliqui
2379 4058 2608 4127 saltem
2623 4072 2694 4121 ex

411 4187 444 4225 «
473 4162 803 4231 canonicis
818 4164 1013 4238 illum
1032 4165 1437 4237 recedentem
1454 4188 1661 4255 usque
1688 4167 1767 4234 ad
1781 4173 2035 4257 portam
2054 4166 2343 4235 ecclesiae
2372 4162 2697 4233 comiten-

408 4296 443 4344 ς(
473 4274 605 4348 tur,
632 4288 706 4334 ac
736 4267 971 4334 deinde
1000 4268 1079 4334 ad
1112 4270 1390 4339 chorum
1434 4273 1718 4341 redeant.
1760 4297 1794 4337 »
1851 4272 2266 4362 (Andreucci,
2300 4277 2398 4339 De
2446 4261 2697 4339 tuenda

392 4399 555 4463 pace
576 4367 745 4443 inter
758 4371 1164 4462 Episcopum
1185 4385 1251 4439 et
1282 4378 1684 4469 capitulum,
1701 4384 1878 4470 parte
1898 4401 1944 4462 1,
1975 4402 2118 4471 cap.
2145 4381 2211 4465 2,
2232 4402 2301 4450 n.
2319 4379 2408 4448 46
2437 4383 2500 4447 et
2525 4367 2690 4461 seq.)
