2930 4982
406 293 534 355 432
1374 301 1721 351 ‘fuaemus

493 446 537 487 ,ιι
559 420 633 491 ln
675 419 1146 501 Salernitana,
1175 421 1522 511 propositis
1550 421 1637 489 aad
1665 419 2043 510 petitionem
2062 419 2330 511 capituli
2357 420 2669 491 cathedra·-

411 525 554 599 «lis
591 526 760 594 inter
802 531 1032 595 caetera
1085 527 1262 599 hisce
1307 526 1567 595 dubiis:
1600 528 1657 593 I.
1686 527 1801 596 An
1851 524 1983 593 duo
2029 525 2338 594 canonici
2378 525 2562 594 electi
2594 528 2672 597 ab

411 657 445 698 α
477 629 976 721 Archiepiscopo
1048 629 1142 705 ad
1195 629 1738 703 constituendam
1794 628 2258 699 educationem
2323 644 2670 720 puerorum

411 762 445 802 α
470 736 819 806 seminarii
842 737 1116 827 possint
1138 760 1273 827 pro
1318 737 1515 805 libito
1557 736 2064 827 Arcbiepiscopi
2103 737 2409 809 mutari?
2446 740 2542 805 II.
2581 739 2672 807 An

412 868 447 909 (ι
475 865 704 911 eorum
741 843 1104 910 consilium
1137 841 1596 911 adhibendum
1633 855 1775 910 tam
1812 844 1887 910 in
1925 840 2414 913 constituendis
2452 846 2675 934 requlis

409 974 443 1014 α
476 949 965 1029 universalibus
992 949 1363 1031 seminarii,
1400 949 1711 1017 electio-ne
1741 949 2172 1038 sinqulorum
2193 970 2560 1039 puerorum
2581 949 2673 1017 in·

411 1080 448 1123 α
482 1054 1067 1140 troducendorum,
1107 1055 1413 1123 electione
1457 1056 1970 1145 maqistrorum,
2003 1055 2330 1124 librorum
2355 1053 2675 1145 leyendos

412 1187 448 1228 «
474 1184 652 1245 rum,
700 1146 1109 1251 'confessoris
1164 1160 1542 1250 punitione
1609 1160 1728 1251 (1),
1789 1159 2209 1250 dyscolorum
2276 1161 2666 1250 appulsione,

414 1293 448 1332 α
476 1267 896 1349 visitatione,
927 1279 991 1335 et
1033 1267 1432 1337 similibus?
1479 1306 1568 1319 --
1610 1268 2017 1358 Responsum
2050 1267 2174 1335 fuit
2199 1291 2223 1335 ε-
2267 1305 2361 1319 —-
2388 1267 2518 1335 Ad
2542 1269 2670 1359 pri·

411 1401 447 1442 α
478 1396 694 1455 mum,
725 1397 861 1441 non
896 1395 1092 1464 posse
1118 1373 1417 1441 amoveri
1457 1373 1598 1440 nisi
1623 1396 1702 1440 ea·
1730 1373 2039 1463 leqitima
2069 1395 2294 1440 causa.
2334 1372 2450 1447 Ad
2466 1397 2671 1441 secun-

414 1506 447 1547 «
477 1479 667 1562 dum,
696 1480 772 1548 in
797 1480 1103 1548 omnibus
1131 1481 1235 1551 Itis
1255 1492 1326 1569 et,
1340 1480 1685 1549 similibus
1712 1502 1843 1547 esse
1869 1478 2302 1549 adhibendos.
2335 1505 2372 1546 >³
2403 1479 2673 1549 Notanda

402 1592 556 1653 sunt
584 1587 723 1653 haec
763 1586 980 1671 verba,
1015 1597 1078 1653 et
1103 1585 1480 1653 similibus:
1523 1585 1955 1675 Congregatio
1985 1585 2229 1654 scilicet
2261 1606 2398 1657 non
2437 1591 2668 1652 tantum

400 1690 681 1759 declarat
704 1690 947 1779 requiri
989 1691 1337 1758 consilium
1378 1690 1862 1758 commissionis
1891 1690 1963 1761 in
1992 1691 2246 1761 casibus
2271 1689 2663 1772 enumeratiS,

400 1798 509 1866 sed
538 1799 730 1865 etiam
761 1796 832 1864 in
870 1796 1015 1864 aliis
1051 1796 1379 1865 similibus
1397 1821 1423 1876 ,;
1473 1798 1650 1887 quod
1696 1798 1998 1886 congruit
2039 1796 2239 1866 textui
2283 1795 2665 1881 Tridentino,

407 1904 570 1986 Quoe
593 1900 854 1984 omnia,
884 1914 1083 1991 atque
1105 1901 1253 1969 alia
1282 1900 1376 1969 ad
1399 1901 1574 1970 banc
1602 1924 1741 1970 rem
1765 1913 2173 1993 opportuna.

500 2006 843 2098 Objectum
881 2009 1199 2098 praedictae
1242 2008 1720 2079 commissionis
1761 2008 2023 2076 brevius
2062 2009 2158 2077 sic
2192 2007 2449 2097 exponit
2478 2006 2670 2075 conci·

398 2111 565 2179 lium
631 2112 1111 2181 Mediolanense
1165 2112 1227 2182 V
1279 2113 1352 2203 (t.
1409 2112 1463 2195 1,
1513 2134 1664 2204 pag.
1724 2113 1881 2198 211,
1940 2113 2093 2180 edit.
2154 2110 2660 2201 Lugdunensis):

410 2217 911 2310 «Episcopus...
956 2219 1236 2308 eligat...
1288 2221 1637 2287 canonicos
1666 2217 1829 2287 duos
1869 2241 2155 2309 quorum
2185 2216 2458 2286 consilio
2494 2218 2563 2284 in
2602 2218 2662 2284 iis

410 2350 445 2389 «
473 2331 695 2392 utatur
746 2347 893 2414 quae
927 2324 1008 2392 ad
1061 2347 1413 2414 puerorum
1462 2326 1754 2414 ejusdem
1809 2326 2144 2395 seminarii
2185 2326 2666 2408 institutionem,

409 2429 891 2520 «disciplinam
921 2445 1263 2521 moresque
1293 2432 1655 2501 attinent.»

486 2533 595 2601 An
644 2541 860 2602 autem
901 2536 1261 2627 Episcopus
1294 2539 1590 2606 teneatur
1627 2538 1962 2627 requirere
1997 2538 2345 2607 consilium
2381 2536 2670 2605 commis-

397 2639 598 2708 sionis
639 2662 756 2730 pro
784 2639 1347 2720 administratione
1398 2643 1720 2733 spirituali
1765 2646 1834 2711 in
1883 2643 2262 2734 deputandis
2310 2642 2558 2714 Rectore
2600 2641 2663 2703 et

399 2747 542 2816 aliis
566 2746 995 2816 officialibus?
1014 2747 1265 2816 Nonest
1283 2748 1472 2816 nobis
1487 2754 1735 2815 certum
1759 2772 1774 2830 ;
1801 2770 1957 2816 cum
1977 2747 2395 2839 Congregatio
2417 2741 2670 2813 concilii

398 2853 691 2922 videatur
716 2854 887 2922 hanc
912 2854 1257 2922 materiam
1300 2855 1517 2945 potius
1559 2854 1797 2922 referre
1825 2855 1903 2923 ad
1933 2849 2669 2922 commissionemssadmi-

398 2960 796 3032 nistrationis
842 2960 1236 3051 temporalis,
1287 2960 1395 3031 Sic
1451 2961 1631 3028 enim
1684 2961 1753 3027 in
1804 2967 1983 3028 tomo
2032 2959 2175 3044 Vll,
2235 2960 2474 3050 pagina
2524 2953 2662 3035 213,

407 3064 734 3133 Thesauri
752 3065 1267 3152 resolutionum,
1298 3088 1336 3133 a
1360 3065 1700 3136 secretario
1720 3064 1907 3133 dictae
1927 3063 2462 3156 Congregationis
2489 3062 2661 3131 refer·

395 3177 503 3236 tur
525 3172 861 3240 decisum:
911 3197 945 3236 «
973 3170 1047 3242 ln
1084 3170 1412 3240 Fundana
1441 3172 1749 3260 denique,
1795 3172 1965 3242 inter
1997 3176 2224 3242 caetera
2263 3168 2655 3239 fueruntdis·

401 3301 438 3340 «
466 3298 651 3345 cussa
672 3278 802 3344 duo
831 3280 970 3345 haec
1005 3277 1244 3345 dubia:
1282 3280 1341 3345 I.
1364 3280 1473 3344 An
1512 3278 1887 3367 Episcopus
1917 3276 2224 3367 potuerit
2261 3288 2327 3344 et
2334 3275 2551 3367 possit
2572 3270 2658 3339 de·

402 3393 702 3473 «putare
719 3385 1057 3450 Rectorem
1083 3382 1376 3471 aliosque
1402 3381 1718 3472 officiales
1749 3382 2110 3450 seminarii
2137 3383 2382 3473 absque
2409 3377 2655 3449 consilio

407 3514 440 3553 t(
467 3486 939 3579 deputatorum
984 3511 1027 3555 a
1064 3487 1371 3577 capitulo
1396 3490 1432 3553 Ρ
1469 3489 1565 3554 Il.
1617 3489 1806 3555 An...
1839 3491 1876 3555 P
1910 3526 2004 3540 —-
2040 3487 2160 3557 Die
2199 3510 2355 3557 vero
2387 3488 2476 3556 26
2516 3505 2653 3555 mar·

406 3597 543 3663 «tii
585 3595 780 3679 1689,
828 3616 1213 3684 responsum
1256 3592 1423 3660 fuit:
1462 3630 1555 3644 —
1581 3591 1676 3660 ad
1711 3595 1755 3659 I
1776 3592 2106 3682 neqative.
2138 3618 2173 3658 »
2227 3592 2374 3664 Dici
2421 3592 2653 3682 quidem

396 3708 601 3792 potest
630 3702 724 3770 ibi
767 3700 1014 3789 requiri
1065 3698 1411 3767 consilium
1451 3693 1734 3766 duarum
1781 3698 2059 3767 aliarum
2115 3699 2648 3777 commissionum,

397 3816 772 3877 nontamen
810 3806 1088 3899 exprimi
1130 3828 1265 3874 non
1308 3826 1443 3873 esse
1481 3807 1675 3873 etiam
1718 3806 2190 3894 requirendum
2240 3827 2279 3873 a
2325 3807 2560 3897 prima.
2589 3799 2656 3868 At

394 3935 546 3982 vero
575 3918 643 3983 in
680 3913 1166 3982 enumeratione
1198 3934 1391 4002 supra
1438 3912 1631 3979 citata
1667 3911 2095 3984 ‚materiarum
2138 3932 2286 4001 quae
2335 3908 2657 4002 respiciunt

396 4019 680 4108 primam
707 4020 1261 4102 commissionem,
1295 4039 1528 4107 nempe
1550 4017 2133 4086 administrationis
2180 4017 2554 4107 spirituali8‚
2582 4008 2659 4075 vi·

398 4125 626 4193 demus
646 4127 750 4211 agi
771 4128 847 4194 de
868 4126 1177 4197 electione
1200 4125 1684 4216 magistrorum,
1711 4145 1843 4193 non
1863 4129 2080 4192 autem
2098 4122 2187 4198 de,
2204 4123 2494 4194 Rectoris
2510 4125 2569 4189 et
2582 4112 2659 4184 oi·

463 4366 525 4428 (1)
558 4361 769 4414 Videtur
800 4371 909 4410 esse
937 4362 1043 4422 typi
1067 4362 1329 4427 mendum,
1366 4365 1420 4414 et
1444 4362 1714 4427 legendum
1734 4360 2039 4424 confessoris
2059 4358 2408 4424 deputatione.
