2930 4982
1146 365 1242 411 nu
1273 363 1597 409 cunnus,
2400 348 2470 404 51
2491 349 2522 402 7

231 490 336 558 nis
359 487 615 576 Galliae,
638 508 758 554 nec
787 484 915 577 ipsi
937 481 1298 574 quidquam
1325 480 1580 571 prodest
1601 481 1828 548 fictum
1852 479 2029 569 quod
2056 476 2222 567 gerit
2248 475 2526 545 doctoris

234 617 503 664 nomen.

329 700 445 770 VI.
476 697 752 779 *Quando
782 697 1021 765 adsunt
1048 696 1314 785 quidem
1356 695 1670 779 doctores,
1703 693 1813 761 sed
1861 712 1994 759 non
2042 689 2281 775 idonei,
2326 694 2532 779 potest

231 806 598 897 capitulum
623 804 932 894 deputare
956 824 1091 870 non
1120 802 1474 870 doctorem.
1511 839 1603 851 --
1643 824 1678 863 «
1708 798 1874 867 Cum
1906 797 2048 863 hoec
2081 797 2351 884 qualitas
2380 797 2532 863 doc-

235 942 276 979 «
305 917 545 981 toratus
589 932 768 978 mere
821 908 1176 976 extrinseca
1222 907 1327 992 sit,
1382 928 1504 974 nec
1556 911 1796 974 certam
1845 901 2071 970 reddat
2118 902 2525 992 probitatem,

237 1047 276 1087 «
304 1019 716 1110 prudentiam
750 1022 811 1083 et
857 1015 1273 1083 idoneitatem
1325 1013 1406 1080 ad
1459 1034 1686 1080 curam
1736 1011 2110 1080 animarum
2155 1008 2527 1096 gerendam,

236 1153 278 1192 «
306 1126 478 1193 nihil
519 1124 730 1212 magis
769 1122 972 1189 menti
1020 1119 1280 1188 concilii
1320 1118 1692 1186 Tridentini
1729 1118 2196 1197 adversaretur,
2233 1134 2427 1201 quam
2463 1117 2538 1179 ut

238 1256 280 1297 c<
308 1231 653 1318 eligeretur
676 1229 896 1297 doctor
918 1249 1049 1295 non
1074 1228 1350 1295 idoneus
1375 1225 1480 1293 vel
1502 1225 1717 1314 quoad
1752 1242 1964 1290 mores
1997 1219 2099 1287 vel
2129 1217 2343 1307 quoad
2374 1238 2536 1308 pru-

235 1364 277 1404 «
303 1337 615 1418 dentiam,
645 1336 883 1403 omisso
907 1334 1103 1402 altero
1124 1335 1240 1423 qui
1263 1334 1415 1413 licet
1434 1332 1743 1423 qualitate
1769 1331 2134 1397 doctoratus
2165 1326 2531 1408 destitutus,

237 1468 274 1509 ι(
300 1448 471 1509 certe
497 1447 716 1508 tamen
748 1445 1075 1530 praestaret
1103 1440 1334 1527 majori
1366 1437 1738 1527 prudentia,
1767 1433 2035 1501 scientia
2066 1437 2128 1499 et
2157 1428 2529 1499 idoneitate.

235 1574 272 1614 κ
304 1548 477 1616 Hinc
502 1547 696 1617 Sacra
725 1546 1180 1635 CongregatiO,
1210 1544 1484 1612 constito
1515 1544 1592 1610 de
1631 1547 1802 1609 certa
1827 1562 1962 1607 non
2005 1538 2351 1605 idoneitate
2382 1537 2535 1604 doc·

241 1680 277 1719 «
310 1655 490 1738 toris,
522 1661 584 1721 et
613 1655 690 1721 de
721 1652 956 1742 majori
1005 1651 1374 1742 prudentia,
1424 1671 1498 1717 ac
1543 1648 1860 1739 probitate
1892 1660 2025 1714 non
2069 1643 2372 1730 doctoriS,
2414 1642 2537 1711 ali-

240 1787 275 1828 «
302 1761 563 1850 quando
594 1759 765 1849 (licet
786 1756 1140 1847 rarissime)
1166 1779 1299 1825 non
1323 1756 1667 1823 abhorruit
1691 1777 1728 1821 a
1753 1746 2200 1821 confirmanda
2226 1751 2537 1818 electione

235 1892 274 1933 κ
307 1888 439 1933 non
469 1865 773 1944 doctoris,
805 1866 1035 1956 spretis
1066 1865 1408 1932 doctorum
1442 1860 1746 1951 querelis,
1784 1860 1949 1928 Nam
1984 1859 2075 1950 (in
2107 1880 2237 1926 una
2267 1857 2541 1925 Carino·'

239 1971 492 2055 «lensi,
542 1973 628 2039 22
683 1971 1065 2063 septembris
1122 1966 1319 2057 1714)
1362 1990 1519 2034 cum
1570 1966 1811 2034 electus
1851 1966 2071 2031 fuisset
2121 1964 2536 2055 primicerius

241 2104 276 2146 «
308 2078 479 2146 Sassi
521 2101 657 2145 non
706 2079 952 2157 doctor,
1010 2081 1072 2144 et
1118 2073 1656 2164 metropolitanus
1711 2073 1993 2139 alterum
2052 2070 2368 2158 elegisset,
2419 2068 2529 2135 illo

242 2208 281 2247 <c
312 2185 568 2251 excluso
612 2185 694 2252 ob
742 2185 1066 2252 defectum
1102 2182 1473 2250 doctoratus
1509 2180 1726 2268 (quem
1769 2184 1987 2246 tamen
2017 2179 2191 2245 idem
2221 2176 2531 2266 primice-

242 2313 279 2353 «
311 2288 447 2355 rius
485 2294 627 2378 post
678 2289 988 2355 tredecim
1023 2289 1157 2355 dies
1207 2285 1626 2377 susceperat),
1690 2287 2013 2376 proposito
2067 2308 2081 2351 ε
2142 2284 2400 2374 prime,
2437 2305 2529 2350 an

243 2394 538 2461 «electio
581 2394 828 2461 vicarii
873 2393 1275 2484 capitularis
1318 2394 1511 2482 facta
1559 2415 1601 2459 a
1676 2391 1981 2481 capitulo
2054 2390 2129 2456 in
2164 2412 2529 2480 personam

241 2526 276 2566 «
314 2501 505 2567 Sassi
534 2500 1008 2581 substineatur,
1059 2511 1123 2567 et
1175 2512 1527 2589 quatenus',
1558 2500 1867 2589 neqative
1907 2536 1996 2549 —-
2047 2496 2382 2578 SecundO,
2432 2520 2524 2565 cm

241 2632 277 2670 «
309 2604 387 2672 de
409 2606 683 2699 putat-io
696 2605 1144 2696 factaaeuria
1168 2604 1697 2695 metropolitana
1725 2603 2224 2670 substineatur?
2263 2623 2524 2692 respon-

241 2738 276 2776 «
308 2734 455 2778 sum
494 2713 616 2778 suit
642 2736 665 2777 .·
701 2710 809 2778 Ad
821 2712 1164 2801 primum,
1197 2710 1709 2801 circumscriptis
1752 2710 1840 2801 (1)
1867 2709 2175 2776 omnibus
2211 2708 2413 2796 qestis
2453 2708 2527 2775 in

239 2843 273 2883 «
307 2817 492 2883 curia
533 2817 1105 2907 archiepiscopali,
1160 2816 1595 2908 affirmative.
1631 2854 1723 2866 --
1759 2815 1872 2881 Ad
1897 2813 2279 2898 secundum,
2329 2836 2532 2903 neqn-

232 2923 389 2991 tive.
421 2948 458 2985 v)
484 2922 637 2989 Haec
661 2923 1184 3012 transcripsimus
1204 2946 1275 2988 ex
1300 2922 1717 2989 Thesauraro
1736 2921 2145 2988 solution-um
2163 2919 2228 2986 S.
2249 2918 2529 3006 Congre-

228 3028 515 3119 gationis
555 3029 815 3096 concilii
845 3029 1044 3117 (tomo
1083 3027 1413 3105 XXXVII,
1439 3052 1626 3119 page.
1654 3029 1834 3120 239).
1868 3028 1939 3095 ln
1966 3029 2073 3094 tali
2103 3031 2317 3094 autem
2344 3049 2522 3111 casn,

228 3133 610 3201 doctoribus
634 3156 670 3200 a
704 3135 988 3225 capitulo
1016 3134 1268 3223 rejectis
1293 3158 1367 3201 ex
1388 3136 1578 3202 titulo
1619 3158 1753 3203 non
1791 3135 2184 3221 idoneitatiS,
2229 3154 2528 3200 recursus

231 3261 493 3329 semper
518 3240 787 3330 patebit3
818 3247 880 3306 et
902 3227 1435 3330 metropolitanus
1464 3241 1518 3307 si
1530 3242 1779 3331 judicet
1803 3242 2085 3330 aliquem
2111 3263 2190 3307 ex
2218 3240 2373 3329 ipsis
2396 3260 2529 3306 esse

235 3346 573 3429 idoneum,
621 3349 875 3435 poterit,
908 3336 1284 3413 electionem
1332 3336 1590 3413 irritam
1633 3347 2038 3426 declarandO,
2077 3346 2269 3413 illum
2313 3346 2526 3412 docto-

232 3476 373 3521 rem
408 3475 604 3541 quem
638 3454 947 3520 idoneum
978 3454 1297 3521 existimat
1324 3453 1656 3543 deputare.
1690 3453 1770 3520 Et
1794 3458 1975 3539 tunc,
2010 3454 2064 3520 si
2094 3453 2248 3520 *velit
2275 3454 2529 3541 capitu-

229 3560 372 3628 lum
408 3562 479 3638 in
507 3582 625 3627 sua
653 3559 965 3626 electione
989 3561 1353 3648 persistere,
1382 3583 1514 3627 non
1539 3562 1771 3650 poterit
1793 3561 1871 3627 lis
1898 3559 2234 3626 terminari
2269 3559 2391 3624 nisi
2414 3577 2530 3645 per

231 3667 620 3733 sententiam
641 3664 851 3733 Sacrae
869 3665 1401 3753 Congregationis
1432 3666 1716 3746 concilii,
1746 3672 2088 3753 postquam
2117 3665 2328 3730 eidem
2354 3664 2525 3731 Con·-

230 3772 594 3863 gregationi
616 3772 971 3840 constiterit
993 3771 1257 3837 nullum
1278 3793 1351 3838 ex
1373 3772 1736 3839 doctoribus
1763 3772 1957 3838 fuisse
1976 3772 2308 3839 idoneum.
2344 3772 2528 3845 Unde

232 3880 308 3945 ad
335 3878 814 3969 praevertendas
855 3878 1024 3956 lites,
1060 3876 1345 3943 multum
1376 3878 1738 3945 cavendum
1770 3883 1862 3945 est
1891 3877 2208 3968 capituliS,
2247 3902 2328 3973 ne
2380 3882 2527 3951 doc-

232 3989 403 4052 tores
433 3986 605 4073 apud
634 3985 771 4074 ipsa
800 3984 1137 4051 existentes
1174 3984 1355 4051 facile
1390 3983 1686 4073 rejiciant
1718 3992 2025 4074 tanquam
2060 4008 2190 4053 non
2224 3986 2524 4076 idoneos3

236 4091 343 4156 sed
381 4089 451 4156 id
480 4095 729 4157 tantum
779 4094 970 4179 agant
1024 4090 1282 4179 quando
1326 4091 1495 4157 clare
1547 4092 1716 4158 hanc
1748 4092 2222 4163 inhabilitatem
2253 4098 2524 4188 probare

231 4201 521 4284 possunt.

296 4433 366 4496 (ι’)
401 4435 817 4488 circumscribere
840 4439 974 4502 apud
991 4440 1302 4503 jurisperitos
1321 4437 1457 4489 idem
1482 4440 1629 4490 sonat
1647 4452 1702 4491 ac
1725 4440 1985 4493 annullare
2007 4454 2097 4492 seu
2121 4443 2317 4490 irritum
2361 4438 2522 4491 facere
