2930 4982
1277 344 1358 390 DE
1400 342 1724 391 mestuus».
2528 340 2651 398 363

364 494 401 535 «
444 466 600 535 tudo
665 465 955 553 legitime
1008 462 1410 555 praescripta.
1463 469 1538 530 ut
1585 462 1940 555 Episcopus
1985 466 2055 533 in
2113 465 2533 557 inquirendis
2582 492 2656 540 ac

360 600 402 640 «
447 571 795 664 puniendis
824 569 1218 638 criminibus
1244 567 1687 648 subditorum,
1709 569 1973 660 capituli
1990 572 2093 640 sui
2121 593 2515 643 consensum
2550 596 2655 645 re-

366 706 405 744 «
448 677 699 768 quirere
730 698 863 745 non
897 680 1217 744 teneatur.
1252 699 1288 740 n

447 785 584 853 Hoc
606 783 918 852 ultimum
947 781 1283 852 concludit
1302 781 1585 872 Pirhing
1607 803 1684 850 ex
1705 782 1915 873 capite
1942 784 2097 852 Non
2121 794 2240 867 est,
2272 785 2352 853 de
2379 807 2655 856 consue-

353 891 604 976 tudine,
637 890 708 957 in
733 903 941 957 sexto.

445 995 521 1064 In
546 997 737 1064 citato
768 1001 988 1063 autem
1021 997 1229 1086 capite
1260 997 1412 1066 Non
1435 1004 1559 1077 est,
1599 993 1694 1062 sic
1722 993 2017 1063 decernit
2042 992 2417 1064 Bonisacius
2450 995 2595 1068 Vm
2631 1025 2649 1068 ε

350 1106 511 1173 Non
539 1113 636 1169 est
658 1099 844 1192 (dum
875 1112 1101 1168 tamen
1124 1100 1306 1168 alias
1332 1101 1415 1168 sit
1430 1099 1837 1193 praescripta
1863 1098 2195 1189 canonice)
2229 1102 2655 1188 consuetude,

351 1231 569 1298 quam
602 1206 865 1296 alleqat
916 1207 1286 1297 Episcopus
1325 1205 1745 1298 reprobanda
1782 1227 1807 1274 .·
1859 1204 2043 1297 quod
2084 1205 2155 1274 in
2218 1207 2658 1298 inquirendis,

337 1311 713 1406 puniendis
741 1324 806 1380 et
845 1311 1241 1402 corriqendis
1285 1312 1702 1381 subditorum
1730 1312 2115 1396 excessibus,
2158 1313 2505 1383 consilium
2549 1317 2662 1386 sui

352 1418 653 1511 capituli
674 1418 1002 1508 requirere
1030 1419 1307 1487 minime
1348 1430 1672 1488 teneatur.

448 1523 602 1592 Haec
661 1524 1052 1614 praemittere
1109 1524 1443 1594 voluimus
1512 1526 1593 1594 ad
1667 1524 2170 1613 intelligentiam
2224 1545 2453 1593 eorum
2509 1546 2656 1615 quae

353 1636 739 1720 sequuntur.
795 1629 977 1698 Adeo
1021 1629 1202 1697 enim
1251 1631 1470 1720 gravis
1519 1637 1614 1699 est
1658 1630 1775 1700 illa
1824 1651 2026 1720 quam
2070 1652 2252 1700 nunc
2303 1637 2657 1701 tractamus

353 1738 652 1829 quaestio,
681 1741 745 1803 et
784 1734 1089 1825 periculis
1129 1735 1278 1804 foeta
1299 1737 1356 1804 si
1389 1757 1658 1806 erronee
1684 1736 2042 1816 decidatur,
2085 1742 2159 1804 ut
2182 1737 2655 1806 accuratiorem

355 1842 825 1911 discussionem
874 1840 1254 1909 duxerimus
1309 1842 1801 1910 instituendam.
1849 1840 2219 1931 Sequemur
2271 1848 2491 1912 autem
2526 1843 2653 1912 exi·

355 1947 563 2016 miam
589 1947 938 2015 tribunalis
962 1944 1141 2013 Rotae
1167 1944 1680 2014 dissertationem
1708 1945 1932 2036 (decis.
1958 1946 2116 2030 866,
2140 1968 2358 2016 coram
2384 1947 2657 2016 Molines

353 2054 429 2121 in
456 2053 835 2132 Giennensi‚
877 2052 959 2120 15
999 2052 1180 2142 junii
1228 2051 1450 2142 1703).
1490 2051 1903 2121 Probandam
1938 2052 2183 2121 scilicet
2234 2053 2658 2144 aggredimur

353 2165 737 2248 sequentem
762 2157 1000 2226 thesim
1030 2181 1047 2223 ε

451 2262 632 2332 Licet
667 2285 816 2330 cum
843 2263 1221 2352 prcecitatis
1249 2262 1637 2330 auctoribus
1668 2260 1879 2328 multi
1905 2262 2033 2328 alii
2065 2262 2440 2351 qeneratim
2462 2263 2660 2329 susti-

352 2379 573 2439 neant
601 2368 1017 2458 Episcopum
1044 2365 1124 2435 de
1137 2367 1297 2458 jure
1334 2367 1677 2436 communi
1702 2366 1999 2457 indiqere
2034 2390 2347 2436 consensu
2373 2366 2665 2458 capituli

346 2477 424 2546 in
444 2472 814 2568 puniendis
851 2484 918 2541 et
945 2472 1347 2564 corriqendis
1376 2473 1769 2542 clericorum
1811 2473 2200 2555 excessibus,
2236 2475 2360 2543 lzoc
2394 2498 2531 2543 non
2558 2484 2657 2542 est

345 2603 590 2648 verum
650 2579 1054 2668 qeneratim,
1121 2578 1256 2647 sed‘
1295 2590 1564 2647 tantum
1622 2580 1696 2646 in
1771 2579 1982 2646 tribus
2047 2579 2309 2649 casibus
2375 2579 2448 2646 in
2490 2579 2655 2669 jure

341 2685 672 2777 expressis
699 2711 724 2753 .·
764 2686 837 2753 in
867 2685 1025 2754 aliis
1056 2686 1422 2776 requiritur
1452 2695 1724 2754 tantum
1758 2686 2049 2776 capituli
2083 2687 2437 2754 consilium
2465 2707 2488 2751 .·
2518 2685 2655 2752 imo

348 2793 442 2859 ob
490 2790 1021 2858 consuetudinem
1064 2793 1454 2881 qeneralem
1494 2815 1643 2881 quae
1683 2792 2122 2882 praescripsit,
2153 2793 2311 2879 jam
2357 2812 2479 2856 nec
2504 2811 2658 2857 con-

348 2917 560 2965 sensu
586 2917 703 2961 nec
746 2895 1021 2961 consilio
1060 2897 1345 2985 capituli
1387 2897 1697 2985 indiqent
1727 2897 2052 2986 Episcopi
2081 2896 2153 2962 in
2192 2897 2416 2962 causis
2436 2894 2659 2962 crimi-

352 2999 643 3069 nalibus
664 2999 1202 3089 quibuscumque.

453 3105 656 3175 Porro
682 3105 849 3173 illud
883 3104 1115 3196 probat
1141 3104 1333 3172 citata
1362 3104 1541 3172 Rotae
1580 3107 1933 3174 dissertatio
1962 3108 2085 3174 hoc
2114 3106 2305 3174 modo
2340 3130 2357 3173 :
2399 3132 2434 3169 «
2465 3105 2657 3173 Nulla

366 3240 411 3278 «
439 3212 650 3282 existit
693 3212 767 3279 in
808 3211 1111 3279 universo
1156 3210 1328 3300 juris
1370 3212 1690 3302 pontificii
1743 3233 2011 3302 corpore
2055 3212 2300 3280 sanctio
2347 3212 2655 3281 canonica

366 3344 411 3385 ι(
444 3319 861 3410 praescribens
886 3317 1223 3409 Episcopis
1244 3318 1441 3385 talem
1475 3319 1820 3408 judicandi
1866 3319 2135 3387 modum
2173 3320 2243 3385 in
2282 3318 2492 3388 causis
2529 3319 2652 3387 cri-

370 3451 413 3490 «
445 3426 796 3494 minalibus
848 3424 1311 3493 canonicorum
1372 3424 1631 3516 (nempe
1684 3424 1870 3516 quod
1915 3425 2290 3517 Episcopus
2350 3436 2655 3494 teneatur

368 3556 411 3596 «
448 3530 756 3599 adhibere
769 3529 1026 3621 judices
1065 3555 1109 3599 a
1147 3532 1449 3622 capitulo
1493 3534 1873 3601 nominatos
1909 3528 1973 3600 et
1997 3534 2133 3623 ipsi
2167 3534 2496 3623 Episcopo
2538 3528 2657 3596 ad-

368 3664 409 3703 «
434 3637 756 3727 junctos).
802 3637 940 3705 lmo
976 3660 1093 3727 per
1119 3638 1518 3705 contrarium
1560 3639 2067 3730 quamplurimae
2101 3639 2276 3728 leges
2305 3633 2653 3725 pontificiae

369 3767 410 3807 «
444 3743 661 3811 adesse
704 3747 1068 3811 noscuntur
1112 3744 1469 3811 tribuentes
1511 3743 1847 3835 Episcopis
1883 3745 2158 3814 liberam
2198 3749 2262 3811 et
2292 3739 2654 3808 absolutam

375 3875 412 3914 «
443 3854 815 3940 potestatem
845 3850 912 3916 in
945 3847 1375 3939 inquirendis,
1409 3849 1799 3919 ulciscendis
1840 3856 1902 3920 et
1932 3846 2422 3921 individuandis
2446 3846 2655 3914 causis

371 3978 411 4018 «
445 3955 897 4023 criminalibus
932 3957 1234 4023 omnium
1262 3978 1530 4025 suorum
1559 3958 1995 4041 subditorum,
2028 3956 2213 4023 nullo
2239 3953 2404 4019 facto
2433 3951 2658 4020 discri-

374 4083 411 4122 α
441 4060 622 4127 mine
667 4060 833 4128 inter
870 4061 1296 4152 presbyteroS‚
1339 4063 1641 4131 diaconos
1687 4068 1752 4129 et
1791 4062 2057 4129 clericos
2090 4057 2242 4148 (nisi
2288 4056 2355 4124 in
2407 4055 2654 4147 gravis-

374 4188 411 4227 «
442 4164 610 4233 sima
649 4166 1125 4256 degradationis
1172 4167 1431 4259 causa),
1464 4189 1542 4235 ex
1568 4188 1644 4233 ea
1686 4164 2038 4253 originaria
2079 4169 2141 4232 et
2182 4157 2652 4231 fundamentali

379 4292 415 4333 «
447 4271 717 4355 ratione,
749 4274 920 4361 quod
950 4295 1177 4342 omnes
1203 4273 1662 4341 universaliter
1700 4271 2142 4361 subjiciuntur
2167 4270 2434 4338 illorum
2474 4259 2652 4328 ordi·

382 4398 417 4438 «
450 4380 649 4447 nariae
677 4379 1147 4468 jurisdictioni,
1194 4380 1392 4447 etiam
1433 4379 1516 4447 ab
1559 4378 1695 4468 ipso
1737 4375 1958 4446 divino
1990 4379 2141 4467 jure
2174 4360 2566 4467 procedenti.
2604 4380 2640 4418 ι)
