<?xml version="1.0" encoding="UTF-8"?>
<!DOCTYPE html PUBLIC "-//W3C//DTD XHTML 1.0 Transitional//EN"
    "http://www.w3.org/TR/xhtml1/DTD/xhtml1-transitional.dtd">
<html xmlns="http://www.w3.org/1999/xhtml" xml:lang="en" lang="en">
 <head>
  <title>
</title>
<meta http-equiv="Content-Type" content="text/html;charset=utf-8" />
  <meta name='ocr-system' content='tesseract 3.04.00' />
  <meta name='ocr-capabilities' content='ocr_page ocr_carea ocr_par ocr_line ocrx_word'/>
</head>
<body>
  <div class='ocr_page' id='page_1' title='image "./tractatusdecapi00bouigoog_0480.png"; bbox 0 0 2930 4982; ppageno 0'>
   <div class='ocr_carea' id='block_1_1' title="bbox 404 348 1724 405">
    <p class='ocr_par' dir='ltr' id='par_1_1' title="bbox 404 348 1724 405">
     <span class='ocr_line' id='line_1_1' title="bbox 404 348 1724 405; baseline -0.002 -1"><span class='ocrx_word' id='word_1_1' title='bbox 404 351 440 405; x_wconf 69' lang='grc'><strong>4</strong></span> <span class='ocrx_word' id='word_1_2' title='bbox 452 350 484 403; x_wconf 64' lang='grc' dir='ltr'><em>ὃ</em></span> <span class='ocrx_word' id='word_1_3' title='bbox 495 348 532 404; x_wconf 87' lang='grc'><strong>0</strong></span> <span class='ocrx_word' id='word_1_4' title='bbox 1379 356 1455 402; x_wconf 73' lang='lat' dir='ltr'><strong>‘nt</strong></span> <span class='ocrx_word' id='word_1_5' title='bbox 1463 354 1724 403; x_wconf 72' lang='lat' dir='ltr'><strong>Acruus</strong></span> 
     </span>
    </p>
   </div>
   <div class='ocr_carea' id='block_1_2' title="bbox 372 456 2685 4394">
    <p class='ocr_par' dir='ltr' id='par_1_2' title="bbox 380 456 2685 3405">
     <span class='ocr_line' id='line_1_2' title="bbox 400 456 2682 569; baseline -0.002 -25"><span class='ocrx_word' id='word_1_6' title='bbox 400 477 614 569; x_wconf 91' lang='lat' dir='ltr'><strong>potius</strong></span> <span class='ocrx_word' id='word_1_7' title='bbox 656 472 999 543; x_wconf 89' lang='lat' dir='ltr'><strong>consilium</strong></span> <span class='ocrx_word' id='word_1_8' title='bbox 1048 456 1524 543; x_wconf 82' lang='lat' dir='ltr'><strong>commissionis</strong></span> <span class='ocrx_word' id='word_1_9' title='bbox 1561 486 1679 566; x_wconf 84' lang='lat' dir='ltr'><strong>pro</strong></span> <span class='ocrx_word' id='word_1_10' title='bbox 1741 470 2292 541; x_wconf 75' lang='lat' dir='ltr'><strong>administratione</strong></span> <span class='ocrx_word' id='word_1_11' title='bbox 2340 470 2682 561; x_wconf 83' lang='lat' dir='ltr'><strong>spirituali,</strong></span> 
     </span>
     <span class='ocr_line' id='line_1_3' title="bbox 398 578 2684 671; baseline -0.002 -20"><span class='ocrx_word' id='word_1_12' title='bbox 398 603 482 651; x_wconf 87' lang='lat' dir='ltr'><strong>an</strong></span> <span class='ocrx_word' id='word_1_13' title='bbox 512 582 887 671; x_wconf 83' lang='lat' dir='ltr'><strong>utriusque3</strong></span> <span class='ocrx_word' id='word_1_14' title='bbox 918 582 987 649; x_wconf 74' lang='grc' dir='ltr'><strong>2ο</strong></span> <span class='ocrx_word' id='word_1_15' title='bbox 1014 603 1095 649; x_wconf 87' lang='lat' dir='ltr'><strong>an</strong></span> <span class='ocrx_word' id='word_1_16' title='bbox 1129 581 1291 649; x_wconf 89' lang='lat' dir='ltr'><strong>dum</strong></span> <span class='ocrx_word' id='word_1_17' title='bbox 1319 582 1612 650; x_wconf 83' lang='lat' dir='ltr'><strong>redditur</strong></span> <span class='ocrx_word' id='word_1_18' title='bbox 1657 581 2005 671; x_wconf 81' lang='lat' dir='ltr'><strong>quotannis</strong></span> <span class='ocrx_word' id='word_1_19' title='bbox 2022 578 2343 669; x_wconf 86' lang='lat' dir='ltr'><strong>Episcopo</strong></span> <span class='ocrx_word' id='word_1_20' title='bbox 2389 578 2561 646; x_wconf 87' lang='lat' dir='ltr'><strong>ratio</strong></span> <span class='ocrx_word' id='word_1_21' title='bbox 2582 579 2684 646; x_wconf 89' lang='lat' dir='ltr'><strong>ad-</strong></span> 
     </span>
     <span class='ocr_line' id='line_1_4' title="bbox 398 683 2685 771; baseline -0.001 -15"><span class='ocrx_word' id='word_1_22' title='bbox 398 689 921 771; x_wconf 77' lang='lat' dir='ltr'><strong>ministrationi8‚</strong></span> <span class='ocrx_word' id='word_1_23' title='bbox 972 689 1261 756; x_wconf 81' lang='lat' dir='ltr'><strong>assistere</strong></span> <span class='ocrx_word' id='word_1_24' title='bbox 1286 690 1482 756; x_wconf 86' lang='lat' dir='ltr'><strong>etiam</strong></span> <span class='ocrx_word' id='word_1_25' title='bbox 1502 687 1729 757; x_wconf 86' lang='lat' dir='ltr'><strong>debeat</strong></span> <span class='ocrx_word' id='word_1_26' title='bbox 1761 684 2135 755; x_wconf 85' lang='lat' dir='ltr'><strong>commissio</strong></span> <span class='ocrx_word' id='word_1_27' title='bbox 2184 683 2685 753; x_wconf 88' lang='lat' dir='ltr'><strong>administratio-</strong></span> 
     </span>
     <span class='ocr_line' id='line_1_5' title="bbox 398 791 2685 887; baseline -0.001 -24"><span class='ocrx_word' id='word_1_28' title='bbox 398 796 499 864; x_wconf 85' lang='lat' dir='ltr'><strong>nis</strong></span> <span class='ocrx_word' id='word_1_29' title='bbox 540 803 669 863; x_wconf 85' lang='lat' dir='ltr'><strong>tem</strong></span> <span class='ocrx_word' id='word_1_30' title='bbox 681 796 941 884; x_wconf 76' lang='lat' dir='ltr'><strong>poraliS‚</strong></span> <span class='ocrx_word' id='word_1_31' title='bbox 975 817 1057 861; x_wconf 87' lang='lat' dir='ltr'><strong>an</strong></span> <span class='ocrx_word' id='word_1_32' title='bbox 1087 818 1238 863; x_wconf 82' lang='lat' dir='ltr'><strong>vero</strong></span> <span class='ocrx_word' id='word_1_33' title='bbox 1276 796 1551 864; x_wconf 87' lang='lat' dir='ltr'><strong>sufficiat</strong></span> <span class='ocrx_word' id='word_1_34' title='bbox 1571 800 1915 887; x_wconf 74' lang='lat' dir='ltr'><strong>praesentes</strong></span> <span class='ocrx_word' id='word_1_35' title='bbox 1937 815 2072 861; x_wconf 92' lang='lat' dir='ltr'><strong>esse</strong></span> <span class='ocrx_word' id='word_1_36' title='bbox 2102 797 2387 882; x_wconf 90' lang='lat' dir='ltr'><strong>quatuor</strong></span> <span class='ocrx_word' id='word_1_37' title='bbox 2430 791 2589 860; x_wconf 88' lang='lat' dir='ltr'><strong>alios</strong></span> <span class='ocrx_word' id='word_1_38' title='bbox 2611 794 2685 861; x_wconf 88' lang='lat' dir='ltr'><strong>ad</strong></span> 
     </span>
     <span class='ocr_line' id='line_1_6' title="bbox 394 898 2685 992; baseline -0 -23"><span class='ocrx_word' id='word_1_39' title='bbox 394 901 520 969; x_wconf 92' lang='lat' dir='ltr'><strong>hoc</strong></span> <span class='ocrx_word' id='word_1_40' title='bbox 555 923 632 968; x_wconf 89' lang='lat' dir='ltr'><strong>ex</strong></span> <span class='ocrx_word' id='word_1_41' title='bbox 655 900 936 968; x_wconf 89' lang='lat' dir='ltr'><strong>concilio</strong></span> <span class='ocrx_word' id='word_1_42' title='bbox 982 898 1364 969; x_wconf 84' lang='lat' dir='ltr'><strong>Tridentino</strong></span> <span class='ocrx_word' id='word_1_43' title='bbox 1398 902 1758 992; x_wconf 82' lang='lat' dir='ltr'><strong>specialiter</strong></span> <span class='ocrx_word' id='word_1_44' title='bbox 1809 900 2236 990; x_wconf 83' lang='lat' dir='ltr'><strong>deputandos,</strong></span> <span class='ocrx_word' id='word_1_45' title='bbox 2275 902 2337 965; x_wconf 87' lang='lat' dir='ltr'><strong>et</strong></span> <span class='ocrx_word' id='word_1_46' title='bbox 2369 921 2536 988; x_wconf 91' lang='lat' dir='ltr'><strong>quos</strong></span> <span class='ocrx_word' id='word_1_47' title='bbox 2565 905 2685 968; x_wconf 83' lang='lat' dir='ltr'><strong>ter-</strong></span> 
     </span>
     <span class='ocr_line' id='line_1_7' title="bbox 393 1006 2684 1076; baseline -0.001 0"><span class='ocrx_word' id='word_1_48' title='bbox 393 1009 553 1076; x_wconf 81' lang='lat' dir='ltr'><strong>tiam</strong></span> <span class='ocrx_word' id='word_1_49' title='bbox 581 1006 1110 1075; x_wconf 88' lang='lat' dir='ltr'><strong>commissionem</strong></span> <span class='ocrx_word' id='word_1_50' title='bbox 1140 1029 1257 1076; x_wconf 88' lang='lat' dir='ltr'><strong>nos</strong></span> <span class='ocrx_word' id='word_1_51' title='bbox 1280 1029 1614 1076; x_wconf 81' lang='lat' dir='ltr'><strong>vocamus.</strong></span> <span class='ocrx_word' id='word_1_52' title='bbox 1651 1007 1853 1075; x_wconf 89' lang='lat' dir='ltr'><strong>Porro</strong></span> <span class='ocrx_word' id='word_1_53' title='bbox 1879 1007 2021 1075; x_wconf 84' lang='lat' dir='ltr'><strong>haec</strong></span> <span class='ocrx_word' id='word_1_54' title='bbox 2041 1007 2239 1073; x_wconf 87' lang='lat' dir='ltr'><strong>dubia</strong></span> <span class='ocrx_word' id='word_1_55' title='bbox 2268 1007 2422 1073; x_wconf 89' lang='lat' dir='ltr'><strong>satis</strong></span> <span class='ocrx_word' id='word_1_56' title='bbox 2454 1006 2684 1074; x_wconf 89' lang='lat' dir='ltr'><strong>resolvi</strong></span> 
     </span>
     <span class='ocr_line' id='line_1_8' title="bbox 397 1111 2677 1204; baseline 0 -23"><span class='ocrx_word' id='word_1_57' title='bbox 397 1118 665 1204; x_wconf 85' lang='lat' dir='ltr'><strong>possunt</strong></span> <span class='ocrx_word' id='word_1_58' title='bbox 689 1136 763 1181; x_wconf 89' lang='lat' dir='ltr'><strong>ex</strong></span> <span class='ocrx_word' id='word_1_59' title='bbox 784 1116 1075 1202; x_wconf 87' lang='lat' dir='ltr'><strong>sequenti</strong></span> <span class='ocrx_word' id='word_1_60' title='bbox 1105 1115 1537 1182; x_wconf 86' lang='lat' dir='ltr'><strong>declaratione</strong></span> <span class='ocrx_word' id='word_1_61' title='bbox 1571 1114 1768 1182; x_wconf 89' lang='lat' dir='ltr'><strong>relata</strong></span> <span class='ocrx_word' id='word_1_62' title='bbox 1796 1114 1866 1179; x_wconf 93' lang='lat' dir='ltr'><strong>in</strong></span> <span class='ocrx_word' id='word_1_63' title='bbox 1894 1119 2069 1181; x_wconf 85' lang='lat' dir='ltr'><strong>tomo</strong></span> <span class='ocrx_word' id='word_1_64' title='bbox 2119 1111 2266 1199; x_wconf 86' lang='lat' dir='ltr'><strong>Vll,</strong></span> <span class='ocrx_word' id='word_1_65' title='bbox 2285 1113 2526 1204; x_wconf 85' lang='lat' dir='ltr'><strong>pagina</strong></span> <span class='ocrx_word' id='word_1_66' title='bbox 2557 1112 2677 1181; x_wconf 84' lang='grc'><strong>213</strong></span> 
     </span>
     <span class='ocr_line' id='line_1_9' title="bbox 401 1216 2678 1298; baseline -0 -13"><span class='ocrx_word' id='word_1_67' title='bbox 401 1219 717 1287; x_wconf 76' lang='lat' dir='ltr'><strong>Thesauri</strong></span> <span class='ocrx_word' id='word_1_68' title='bbox 730 1218 1243 1297; x_wconf 86' lang='lat' dir='ltr'><strong>resolutionum‚</strong></span> <span class='ocrx_word' id='word_1_69' title='bbox 1281 1220 1405 1288; x_wconf 88' lang='lat' dir='ltr'><strong>hoc</strong></span> <span class='ocrx_word' id='word_1_70' title='bbox 1425 1219 1620 1287; x_wconf 92' lang='lat' dir='ltr'><strong>modo</strong></span> <span class='ocrx_word' id='word_1_71' title='bbox 1650 1242 1665 1285; x_wconf 72' lang='grc' dir='ltr'>ε</span> <span class='ocrx_word' id='word_1_72' title='bbox 1708 1245 1742 1284; x_wconf 89' lang='lat'>«</span> <span class='ocrx_word' id='word_1_73' title='bbox 1767 1217 1838 1285; x_wconf 92' lang='lat' dir='ltr'><strong>ln</strong></span> <span class='ocrx_word' id='word_1_74' title='bbox 1870 1216 2233 1298; x_wconf 86' lang='lat' dir='ltr'><strong>Fundana,</strong></span> <span class='ocrx_word' id='word_1_75' title='bbox 2265 1217 2437 1283; x_wconf 89' lang='lat' dir='ltr'><strong>inter</strong></span> <span class='ocrx_word' id='word_1_76' title='bbox 2464 1222 2678 1285; x_wconf 85' lang='lat' dir='ltr'><strong>caetera</strong></span> 
     </span>
     <span class='ocr_line' id='line_1_10' title="bbox 405 1321 2677 1414; baseline 0 -25"><span class='ocrx_word' id='word_1_77' title='bbox 405 1350 438 1389; x_wconf 73' lang='grc' dir='ltr'><strong>ι(</strong></span> <span class='ocrx_word' id='word_1_78' title='bbox 486 1324 1061 1393; x_wconf 82' lang='lat' dir='ltr'><strong>fueruntdiscussa</strong></span> <span class='ocrx_word' id='word_1_79' title='bbox 1081 1324 1214 1392; x_wconf 94' lang='lat' dir='ltr'><strong>duo</strong></span> <span class='ocrx_word' id='word_1_80' title='bbox 1244 1325 1383 1392; x_wconf 83' lang='lat' dir='ltr'><strong>haec</strong></span> <span class='ocrx_word' id='word_1_81' title='bbox 1407 1323 1609 1391; x_wconf 89' lang='lat' dir='ltr'><strong>dubia</strong></span> <span class='ocrx_word' id='word_1_82' title='bbox 1638 1350 1653 1392; x_wconf 71' lang='grc' dir='ltr'>ε</span> <span class='ocrx_word' id='word_1_83' title='bbox 1683 1326 1737 1391; x_wconf 90' lang='lat' dir='ltr'><strong>I.</strong></span> <span class='ocrx_word' id='word_1_84' title='bbox 1774 1326 1882 1391; x_wconf 87' lang='lat' dir='ltr'><strong>An</strong></span> <span class='ocrx_word' id='word_1_85' title='bbox 1909 1324 2275 1414; x_wconf 87' lang='lat' dir='ltr'><strong>Episcopus</strong></span> <span class='ocrx_word' id='word_1_86' title='bbox 2291 1321 2597 1412; x_wconf 85' lang='lat' dir='ltr'><strong>potuerit</strong></span> <span class='ocrx_word' id='word_1_87' title='bbox 2621 1333 2677 1390; x_wconf 90' lang='lat' dir='ltr'><strong>et</strong></span> 
     </span>
     <span class='ocr_line' id='line_1_11' title="bbox 400 1427 2676 1521; baseline 0.001 -28"><span class='ocrx_word' id='word_1_88' title='bbox 400 1454 435 1494; x_wconf 86' lang='lat'>«</span> <span class='ocrx_word' id='word_1_89' title='bbox 469 1430 683 1521; x_wconf 86' lang='lat' dir='ltr'><strong>possit</strong></span> <span class='ocrx_word' id='word_1_90' title='bbox 707 1427 1034 1521; x_wconf 86' lang='lat' dir='ltr'><strong>deputare</strong></span> <span class='ocrx_word' id='word_1_91' title='bbox 1056 1439 1374 1497; x_wconf 88' lang='lat' dir='ltr'><strong>rectorem</strong></span> <span class='ocrx_word' id='word_1_92' title='bbox 1397 1429 1693 1520; x_wconf 87' lang='lat' dir='ltr'><strong>aliosque</strong></span> <span class='ocrx_word' id='word_1_93' title='bbox 1721 1429 2042 1521; x_wconf 82' lang='lat' dir='ltr'><strong>officiales</strong></span> <span class='ocrx_word' id='word_1_94' title='bbox 2061 1427 2403 1496; x_wconf 86' lang='lat' dir='ltr'><strong>seminarii</strong></span> <span class='ocrx_word' id='word_1_95' title='bbox 2440 1427 2676 1518; x_wconf 79' lang='lat' dir='ltr'><strong>absque</strong></span> 
     </span>
     <span class='ocr_line' id='line_1_12' title="bbox 401 1534 2676 1627; baseline 0.002 -28"><span class='ocrx_word' id='word_1_96' title='bbox 401 1559 437 1601; x_wconf 77' lang='grc' dir='ltr'><strong>κ</strong></span> <span class='ocrx_word' id='word_1_97' title='bbox 482 1535 760 1604; x_wconf 86' lang='lat' dir='ltr'><strong>consilio</strong></span> <span class='ocrx_word' id='word_1_98' title='bbox 788 1534 1263 1625; x_wconf 81' lang='lat' dir='ltr'><strong>deputatorum</strong></span> <span class='ocrx_word' id='word_1_99' title='bbox 1289 1559 1330 1603; x_wconf 92' lang='lat' dir='ltr'><strong>a</strong></span> <span class='ocrx_word' id='word_1_100' title='bbox 1383 1536 1703 1627; x_wconf 81' lang='lat' dir='ltr'><strong>capitulo,</strong></span> <span class='ocrx_word' id='word_1_101' title='bbox 1764 1576 1856 1588; x_wconf 90' lang='lat'>—</span> <span class='ocrx_word' id='word_1_102' title='bbox 1897 1540 1994 1604; x_wconf 90' lang='lat' dir='ltr'><strong>II.</strong></span> <span class='ocrx_word' id='word_1_103' title='bbox 2044 1537 2155 1603; x_wconf 87' lang='lat' dir='ltr'><strong>An</strong></span> <span class='ocrx_word' id='word_1_104' title='bbox 2201 1534 2576 1625; x_wconf 80' lang='lat' dir='ltr'><strong>Episcopus</strong></span> <span class='ocrx_word' id='word_1_105' title='bbox 2609 1536 2676 1604; x_wconf 89' lang='lat' dir='ltr'><strong>in</strong></span> 
     </span>
     <span class='ocr_line' id='line_1_13' title="bbox 405 1638 2673 1734; baseline 0 -28"><span class='ocrx_word' id='word_1_106' title='bbox 405 1668 439 1706; x_wconf 90' lang='lat'>«</span> <span class='ocrx_word' id='word_1_107' title='bbox 485 1643 802 1710; x_wconf 74' lang='lat' dir='ltr'><strong>recisione</strong></span> <span class='ocrx_word' id='word_1_108' title='bbox 825 1654 890 1709; x_wconf 90' lang='lat' dir='ltr'><strong>et</strong></span> <span class='ocrx_word' id='word_1_109' title='bbox 915 1641 1315 1710; x_wconf 82' lang='lat' dir='ltr'><strong>solidatione</strong></span> <span class='ocrx_word' id='word_1_110' title='bbox 1342 1655 1810 1734; x_wconf 89' lang='lat' dir='ltr'><strong>computorum</strong></span> <span class='ocrx_word' id='word_1_111' title='bbox 1860 1642 2025 1710; x_wconf 87' lang='lat' dir='ltr'><strong>dicti</strong></span> <span class='ocrx_word' id='word_1_112' title='bbox 2057 1641 2331 1710; x_wconf 82' lang='lat' dir='ltr'><strong>rectoris</strong></span> <span class='ocrx_word' id='word_1_113' title='bbox 2383 1638 2673 1706; x_wconf 82' lang='lat' dir='ltr'><strong>debuerit</strong></span> 
     </span>
     <span class='ocr_line' id='line_1_14' title="bbox 400 1746 2676 1839; baseline 0 -27"><span class='ocrx_word' id='word_1_114' title='bbox 400 1772 434 1812; x_wconf 87' lang='lat'>«</span> <span class='ocrx_word' id='word_1_115' title='bbox 478 1748 666 1837; x_wconf 84' lang='lat' dir='ltr'><strong>sequi</strong></span> <span class='ocrx_word' id='word_1_116' title='bbox 686 1748 894 1815; x_wconf 87' lang='lat' dir='ltr'><strong>consil</strong></span> <span class='ocrx_word' id='word_1_117' title='bbox 897 1749 1035 1815; x_wconf 90' lang='lat' dir='ltr'><strong>ium</strong></span> <span class='ocrx_word' id='word_1_118' title='bbox 1057 1747 1433 1816; x_wconf 87' lang='lat' dir='ltr'><strong>eorumdem</strong></span> <span class='ocrx_word' id='word_1_119' title='bbox 1459 1748 1960 1839; x_wconf 84' lang='lat' dir='ltr'><strong>deputatorum.</strong></span> <span class='ocrx_word' id='word_1_120' title='bbox 1977 1748 2207 1815; x_wconf 77' lang='lat' dir='ltr'><strong>—Dz‘e</strong></span> <span class='ocrx_word' id='word_1_121' title='bbox 2230 1769 2382 1814; x_wconf 87' lang='lat' dir='ltr'><strong>vero</strong></span> <span class='ocrx_word' id='word_1_122' title='bbox 2398 1746 2478 1813; x_wconf 80' lang='grc'><strong>26</strong></span> <span class='ocrx_word' id='word_1_123' title='bbox 2498 1768 2676 1813; x_wconf 90' lang='lat' dir='ltr'><strong>mar-</strong></span> 
     </span>
     <span class='ocr_line' id='line_1_15' title="bbox 400 1851 2680 1945; baseline 0.001 -28"><span class='ocrx_word' id='word_1_124' title='bbox 400 1878 436 1918; x_wconf 84' lang='lat'>«</span> <span class='ocrx_word' id='word_1_125' title='bbox 483 1855 564 1921; x_wconf 90' lang='lat' dir='ltr'><strong>tii</strong></span> <span class='ocrx_word' id='word_1_126' title='bbox 587 1854 758 1923; x_wconf 84' lang='lat'>1689</span> <span class='ocrx_word' id='word_1_127' title='bbox 783 1876 1171 1944; x_wconf 87' lang='lat' dir='ltr'><strong>responsum</strong></span> <span class='ocrx_word' id='word_1_128' title='bbox 1185 1854 1325 1944; x_wconf 82' lang='lat' dir='ltr'><strong>fuit</strong></span> <span class='ocrx_word' id='word_1_129' title='bbox 1364 1893 1456 1906; x_wconf 92' lang='lat'><strong>—</strong></span> <span class='ocrx_word' id='word_1_130' title='bbox 1492 1854 1604 1921; x_wconf 89' lang='lat' dir='ltr'><strong>Ad</strong></span> <span class='ocrx_word' id='word_1_131' title='bbox 1627 1858 1683 1922; x_wconf 90' lang='lat' dir='ltr'><strong>I.</strong></span> <span class='ocrx_word' id='word_1_132' title='bbox 1715 1854 2066 1945; x_wconf 77' lang='lat' dir='ltr'><strong>Neqative.</strong></span> <span class='ocrx_word' id='word_1_133' title='bbox 2088 1893 2179 1905; x_wconf 91' lang='lat'>—</span> <span class='ocrx_word' id='word_1_134' title='bbox 2199 1851 2310 1919; x_wconf 87' lang='lat' dir='ltr'><strong>Ad</strong></span> <span class='ocrx_word' id='word_1_135' title='bbox 2323 1855 2415 1919; x_wconf 91' lang='lat' dir='ltr'><strong>Il.</strong></span> <span class='ocrx_word' id='word_1_136' title='bbox 2460 1854 2515 1918; x_wconf 90' lang='lat' dir='ltr'><em>T</em></span> <span class='ocrx_word' id='word_1_137' title='bbox 2511 1851 2680 1920; x_wconf 81' lang='lat' dir='ltr'><strong>eneri</strong></span> 
     </span>
     <span class='ocr_line' id='line_1_16' title="bbox 402 1958 2678 2051; baseline 0.001 -28"><span class='ocrx_word' id='word_1_138' title='bbox 402 1984 436 2023; x_wconf 75' lang='lat' dir='ltr'><strong>c&lt;</strong></span> <span class='ocrx_word' id='word_1_139' title='bbox 483 1958 792 2027; x_wconf 78' lang='lat' dir='ltr'><strong>adhibere</strong></span> <span class='ocrx_word' id='word_1_140' title='bbox 823 1960 1199 2040; x_wconf 88' lang='lat' dir='ltr'><strong>consilium,</strong></span> <span class='ocrx_word' id='word_1_141' title='bbox 1221 1959 1339 2029; x_wconf 88' lang='lat' dir='ltr'><strong>sed</strong></span> <span class='ocrx_word' id='word_1_142' title='bbox 1367 1983 1505 2029; x_wconf 89' lang='lat' dir='ltr'><strong>non</strong></span> <span class='ocrx_word' id='word_1_143' title='bbox 1539 1961 1742 2051; x_wconf 85' lang='lat' dir='ltr'><strong>sequi.</strong></span> <span class='ocrx_word' id='word_1_144' title='bbox 1776 1987 1809 2025; x_wconf 89' lang='lat'>»</span> <span class='ocrx_word' id='word_1_145' title='bbox 1846 1960 2222 2029; x_wconf 86' lang='lat' dir='ltr'><strong>Notandum</strong></span> <span class='ocrx_word' id='word_1_146' title='bbox 2249 1965 2341 2026; x_wconf 89' lang='lat' dir='ltr'><strong>est</strong></span> <span class='ocrx_word' id='word_1_147' title='bbox 2362 1958 2458 2026; x_wconf 89' lang='lat' dir='ltr'><strong>ibi</strong></span> <span class='ocrx_word' id='word_1_148' title='bbox 2479 1959 2678 2027; x_wconf 89' lang='lat' dir='ltr'><strong>decla-</strong></span> 
     </span>
     <span class='ocr_line' id='line_1_17' title="bbox 394 2064 2675 2158; baseline 0 -26"><span class='ocrx_word' id='word_1_149' title='bbox 394 2065 526 2132; x_wconf 88' lang='lat' dir='ltr'><strong>rari</strong></span> <span class='ocrx_word' id='word_1_150' title='bbox 554 2064 950 2156; x_wconf 89' lang='lat' dir='ltr'><strong>Episcopum</strong></span> <span class='ocrx_word' id='word_1_151' title='bbox 998 2088 1131 2133; x_wconf 89' lang='lat' dir='ltr'><strong>non</strong></span> <span class='ocrx_word' id='word_1_152' title='bbox 1173 2089 1355 2158; x_wconf 90' lang='lat' dir='ltr'><strong>posse</strong></span> <span class='ocrx_word' id='word_1_153' title='bbox 1404 2073 1720 2135; x_wconf 90' lang='lat' dir='ltr'><strong>rectorem</strong></span> <span class='ocrx_word' id='word_1_154' title='bbox 1763 2073 1826 2136; x_wconf 86' lang='lat' dir='ltr'><strong>et</strong></span> <span class='ocrx_word' id='word_1_155' title='bbox 1869 2066 2172 2135; x_wconf 86' lang='lat' dir='ltr'><strong>officiales</strong></span> <span class='ocrx_word' id='word_1_156' title='bbox 2218 2065 2290 2132; x_wconf 89' lang='lat' dir='ltr'><strong>in</strong></span> <span class='ocrx_word' id='word_1_157' title='bbox 2334 2066 2675 2133; x_wconf 89' lang='lat' dir='ltr'><strong>seminario</strong></span> 
     </span>
     <span class='ocr_line' id='line_1_18' title="bbox 391 2169 2675 2265; baseline 0 -25"><span class='ocrx_word' id='word_1_158' title='bbox 391 2174 780 2240; x_wconf 88' lang='lat' dir='ltr'><strong>constituere</strong></span> <span class='ocrx_word' id='word_1_159' title='bbox 808 2171 1050 2262; x_wconf 84' lang='lat' dir='ltr'><strong>absque</strong></span> <span class='ocrx_word' id='word_1_160' title='bbox 1083 2174 1353 2241; x_wconf 88' lang='lat' dir='ltr'><strong>consilio</strong></span> <span class='ocrx_word' id='word_1_161' title='bbox 1373 2172 1850 2265; x_wconf 83' lang='lat' dir='ltr'><strong>deputatorum</strong></span> <span class='ocrx_word' id='word_1_162' title='bbox 1879 2197 1921 2240; x_wconf 91' lang='lat' dir='ltr'><strong>a</strong></span> <span class='ocrx_word' id='word_1_163' title='bbox 1969 2170 2294 2264; x_wconf 84' lang='lat' dir='ltr'><strong>capitulo.</strong></span> <span class='ocrx_word' id='word_1_164' title='bbox 2337 2169 2543 2240; x_wconf 89' lang='lat' dir='ltr'><strong>Porro</strong></span> <span class='ocrx_word' id='word_1_165' title='bbox 2582 2192 2675 2240; x_wconf 87' lang='lat' dir='ltr'><strong>ca-</strong></span> 
     </span>
     <span class='ocr_line' id='line_1_19' title="bbox 391 2277 2672 2371; baseline 0 -26"><span class='ocrx_word' id='word_1_166' title='bbox 391 2277 676 2368; x_wconf 87' lang='lat' dir='ltr'><strong>pitulum</strong></span> <span class='ocrx_word' id='word_1_167' title='bbox 707 2302 827 2371; x_wconf 84' lang='lat' dir='ltr'><strong>pro</strong></span> <span class='ocrx_word' id='word_1_168' title='bbox 868 2280 1322 2349; x_wconf 89' lang='lat' dir='ltr'><strong>commissione</strong></span> <span class='ocrx_word' id='word_1_169' title='bbox 1370 2281 1950 2349; x_wconf 87' lang='lat' dir='ltr'><strong>administrationis</strong></span> <span class='ocrx_word' id='word_1_170' title='bbox 1979 2279 2351 2370; x_wconf 89' lang='lat' dir='ltr'><strong>temporalis</strong></span> <span class='ocrx_word' id='word_1_171' title='bbox 2392 2301 2530 2347; x_wconf 91' lang='lat' dir='ltr'><strong>non</strong></span> <span class='ocrx_word' id='word_1_172' title='bbox 2570 2280 2672 2346; x_wconf 91' lang='lat' dir='ltr'><strong>de-</strong></span> 
     </span>
     <span class='ocr_line' id='line_1_20' title="bbox 388 2386 2659 2477; baseline 0 -26"><span class='ocrx_word' id='word_1_173' title='bbox 388 2391 572 2475; x_wconf 87' lang='lat' dir='ltr'><strong>putat</strong></span> <span class='ocrx_word' id='word_1_174' title='bbox 613 2388 741 2454; x_wconf 92' lang='lat' dir='ltr'><strong>nisi</strong></span> <span class='ocrx_word' id='word_1_175' title='bbox 772 2410 987 2454; x_wconf 90' lang='lat' dir='ltr'><strong>unum</strong></span> <span class='ocrx_word' id='word_1_176' title='bbox 1022 2389 1438 2470; x_wconf 84' lang='lat' dir='ltr'><strong>canonicum,</strong></span> <span class='ocrx_word' id='word_1_177' title='bbox 1484 2410 1634 2456; x_wconf 91' lang='lat' dir='ltr'><strong>cum</strong></span> <span class='ocrx_word' id='word_1_178' title='bbox 1668 2387 1828 2454; x_wconf 87' lang='lat' dir='ltr'><strong>alter</strong></span> <span class='ocrx_word' id='word_1_179' title='bbox 1871 2386 1953 2453; x_wconf 91' lang='lat' dir='ltr'><strong>ab</strong></span> <span class='ocrx_word' id='word_1_180' title='bbox 2002 2386 2321 2477; x_wconf 88' lang='lat' dir='ltr'><strong>Episcopo</strong></span> <span class='ocrx_word' id='word_1_181' title='bbox 2367 2386 2659 2474; x_wconf 87' lang='lat' dir='ltr'><strong>eligatur.</strong></span> 
     </span>
     <span class='ocr_line' id='line_1_21' title="bbox 389 2483 2661 2583; baseline 0.001 -31"><span class='ocrx_word' id='word_1_182' title='bbox 389 2483 513 2553; x_wconf 89' lang='lat' dir='ltr'><strong>Pro</strong></span> <span class='ocrx_word' id='word_1_183' title='bbox 542 2490 1001 2559; x_wconf 90' lang='lat' dir='ltr'><strong>commissione</strong></span> <span class='ocrx_word' id='word_1_184' title='bbox 1022 2499 1237 2560; x_wconf 91' lang='lat' dir='ltr'><strong>autem</strong></span> <span class='ocrx_word' id='word_1_185' title='bbox 1285 2490 1634 2561; x_wconf 72' lang='lat' dir='ltr'><strong>reddendae</strong></span> <span class='ocrx_word' id='word_1_186' title='bbox 1675 2490 1981 2575; x_wconf 88' lang='lat' dir='ltr'><strong>rationis,</strong></span> <span class='ocrx_word' id='word_1_187' title='bbox 2005 2493 2272 2583; x_wconf 87' lang='lat' dir='ltr'><strong>deputat</strong></span> <span class='ocrx_word' id='word_1_188' title='bbox 2302 2490 2465 2558; x_wconf 91' lang='lat' dir='ltr'><strong>duos</strong></span> <span class='ocrx_word' id='word_1_189' title='bbox 2487 2489 2661 2557; x_wconf 89' lang='lat' dir='ltr'><strong>alios.</strong></span> 
     </span>
     <span class='ocr_line' id='line_1_22' title="bbox 387 2590 2665 2690; baseline 0.001 -33"><span class='ocrx_word' id='word_1_190' title='bbox 387 2590 551 2659; x_wconf 88' lang='lat' dir='ltr'><strong>Cum</strong></span> <span class='ocrx_word' id='word_1_191' title='bbox 593 2616 746 2683; x_wconf 86' lang='lat' dir='ltr'><strong>ergo</strong></span> <span class='ocrx_word' id='word_1_192' title='bbox 771 2597 1024 2665; x_wconf 86' lang='lat' dir='ltr'><strong>dicatur</strong></span> <span class='ocrx_word' id='word_1_193' title='bbox 1081 2599 1149 2665; x_wconf 93' lang='lat' dir='ltr'><strong>in</strong></span> <span class='ocrx_word' id='word_1_194' title='bbox 1179 2600 1417 2688; x_wconf 85' lang='lat' dir='ltr'><strong>plurali</strong></span> <span class='ocrx_word' id='word_1_195' title='bbox 1441 2599 1915 2690; x_wconf 84' lang='lat' dir='ltr'><strong>deputatorum</strong></span> <span class='ocrx_word' id='word_1_196' title='bbox 1957 2622 2000 2665; x_wconf 91' lang='lat' dir='ltr'><strong>a</strong></span> <span class='ocrx_word' id='word_1_197' title='bbox 2048 2598 2359 2689; x_wconf 86' lang='lat' dir='ltr'><strong>capitul0,</strong></span> <span class='ocrx_word' id='word_1_198' title='bbox 2394 2595 2665 2663; x_wconf 82' lang='lat' dir='ltr'><strong>conclu-</strong></span> 
     </span>
     <span class='ocr_line' id='line_1_23' title="bbox 385 2698 2660 2792; baseline 0 -27"><span class='ocrx_word' id='word_1_199' title='bbox 385 2698 674 2768; x_wconf 90' lang='lat' dir='ltr'><strong>dendum</strong></span> <span class='ocrx_word' id='word_1_200' title='bbox 694 2700 952 2769; x_wconf 85' lang='lat' dir='ltr'><strong>videtur</strong></span> <span class='ocrx_word' id='word_1_201' title='bbox 981 2725 1095 2792; x_wconf 91' lang='lat' dir='ltr'><strong>pro</strong></span> <span class='ocrx_word' id='word_1_202' title='bbox 1117 2705 1562 2773; x_wconf 85' lang='lat' dir='ltr'><strong>nominatione</strong></span> <span class='ocrx_word' id='word_1_203' title='bbox 1613 2707 1882 2773; x_wconf 86' lang='lat' dir='ltr'><strong>rectoris</strong></span> <span class='ocrx_word' id='word_1_204' title='bbox 1907 2711 1970 2773; x_wconf 91' lang='lat' dir='ltr'><strong>et</strong></span> <span class='ocrx_word' id='word_1_205' title='bbox 1992 2705 2358 2774; x_wconf 87' lang='lat' dir='ltr'><strong>officialium</strong></span> <span class='ocrx_word' id='word_1_206' title='bbox 2412 2699 2660 2789; x_wconf 89' lang='lat' dir='ltr'><strong>requiri</strong></span> 
     </span>
     <span class='ocr_line' id='line_1_24' title="bbox 383 2806 2665 2901; baseline -0.001 -27"><span class='ocrx_word' id='word_1_207' title='bbox 383 2806 729 2874; x_wconf 85' lang='lat' dir='ltr'><strong>consilium</strong></span> <span class='ocrx_word' id='word_1_208' title='bbox 770 2806 972 2878; x_wconf 82' lang='lat' dir='ltr'><strong>trium</strong></span> <span class='ocrx_word' id='word_1_209' title='bbox 1018 2809 1473 2900; x_wconf 89' lang='lat' dir='ltr'><strong>deputatorum</strong></span> <span class='ocrx_word' id='word_1_210' title='bbox 1518 2833 1556 2877; x_wconf 90' lang='lat' dir='ltr'><strong>a</strong></span> <span class='ocrx_word' id='word_1_211' title='bbox 1585 2811 1895 2900; x_wconf 86' lang='lat' dir='ltr'><strong>capitulo,</strong></span> <span class='ocrx_word' id='word_1_212' title='bbox 1927 2833 2002 2879; x_wconf 91' lang='lat' dir='ltr'><strong>ac</strong></span> <span class='ocrx_word' id='word_1_213' title='bbox 2055 2810 2325 2901; x_wconf 89' lang='lat' dir='ltr'><strong>proinde</strong></span> <span class='ocrx_word' id='word_1_214' title='bbox 2379 2807 2665 2874; x_wconf 87' lang='lat' dir='ltr'><strong>duarum</strong></span> 
     </span>
     <span class='ocr_line' id='line_1_25' title="bbox 385 2912 2662 3006; baseline -0 -27"><span class='ocrx_word' id='word_1_215' title='bbox 385 2912 951 3000; x_wconf 87' lang='lat' dir='ltr'><strong>commissionum,</strong></span> <span class='ocrx_word' id='word_1_216' title='bbox 983 2936 1217 3005; x_wconf 92' lang='lat' dir='ltr'><strong>nempe</strong></span> <span class='ocrx_word' id='word_1_217' title='bbox 1246 2918 1722 2984; x_wconf 85' lang='lat' dir='ltr'><strong>commissionis</strong></span> <span class='ocrx_word' id='word_1_218' title='bbox 1746 2939 1863 3006; x_wconf 85' lang='lat' dir='ltr'><strong>pro</strong></span> <span class='ocrx_word' id='word_1_219' title='bbox 1891 2914 2230 3006; x_wconf 87' lang='lat' dir='ltr'><strong>temporali</strong></span> <span class='ocrx_word' id='word_1_220' title='bbox 2258 2912 2662 2981; x_wconf 88' lang='lat' dir='ltr'><strong>administra-</strong></span> 
     </span>
     <span class='ocr_line' id='line_1_26' title="bbox 382 3018 2661 3114; baseline 0 -30"><span class='ocrx_word' id='word_1_221' title='bbox 382 3018 579 3104; x_wconf 91' lang='lat' dir='ltr'><strong>tione,</strong></span> <span class='ocrx_word' id='word_1_222' title='bbox 623 3023 685 3087; x_wconf 87' lang='lat' dir='ltr'><strong>et</strong></span> <span class='ocrx_word' id='word_1_223' title='bbox 719 3021 1194 3089; x_wconf 89' lang='lat' dir='ltr'><strong>commissionis</strong></span> <span class='ocrx_word' id='word_1_224' title='bbox 1238 3045 1356 3114; x_wconf 88' lang='lat' dir='ltr'><strong>pro</strong></span> <span class='ocrx_word' id='word_1_225' title='bbox 1400 3024 1727 3091; x_wconf 89' lang='lat' dir='ltr'><strong>reddenda</strong></span> <span class='ocrx_word' id='word_1_226' title='bbox 1787 3025 2058 3090; x_wconf 89' lang='lat' dir='ltr'><strong>ratione.</strong></span> <span class='ocrx_word' id='word_1_227' title='bbox 2103 3019 2517 3089; x_wconf 88' lang='lat' dir='ltr'><strong>Eorumdem</strong></span> <span class='ocrx_word' id='word_1_228' title='bbox 2566 3040 2661 3085; x_wconf 91' lang='lat' dir='ltr'><strong>au-</strong></span> 
     </span>
     <span class='ocr_line' id='line_1_27' title="bbox 382 3123 2660 3218; baseline -0.001 -27"><span class='ocrx_word' id='word_1_229' title='bbox 382 3127 515 3191; x_wconf 91' lang='lat' dir='ltr'><strong>tem</strong></span> <span class='ocrx_word' id='word_1_230' title='bbox 538 3146 822 3214; x_wconf 90' lang='lat' dir='ltr'><strong>quorum</strong></span> <span class='ocrx_word' id='word_1_231' title='bbox 851 3126 1195 3194; x_wconf 88' lang='lat' dir='ltr'><strong>consilium</strong></span> <span class='ocrx_word' id='word_1_232' title='bbox 1244 3128 1602 3218; x_wconf 88' lang='lat' dir='ltr'><strong>requiritur</strong></span> <span class='ocrx_word' id='word_1_233' title='bbox 1642 3129 1711 3196; x_wconf 93' lang='lat' dir='ltr'><strong>in</strong></span> <span class='ocrx_word' id='word_1_234' title='bbox 1757 3127 2174 3198; x_wconf 87' lang='lat' dir='ltr'><strong>nominandis</strong></span> <span class='ocrx_word' id='word_1_235' title='bbox 2203 3132 2447 3195; x_wconf 86' lang='lat' dir='ltr'><strong>rectore</strong></span> <span class='ocrx_word' id='word_1_236' title='bbox 2476 3130 2538 3192; x_wconf 91' lang='lat' dir='ltr'><strong>et</strong></span> <span class='ocrx_word' id='word_1_237' title='bbox 2577 3123 2660 3190; x_wconf 79' lang='lat' dir='ltr'><strong>of·</strong></span> 
     </span>
     <span class='ocr_line' id='line_1_28' title="bbox 382 3230 2657 3324; baseline 0 -28"><span class='ocrx_word' id='word_1_238' title='bbox 382 3230 731 3314; x_wconf 87' lang='lat' dir='ltr'><strong>ficialibus,</strong></span> <span class='ocrx_word' id='word_1_239' title='bbox 775 3231 1014 3299; x_wconf 87' lang='lat' dir='ltr'><strong>dicitur</strong></span> <span class='ocrx_word' id='word_1_240' title='bbox 1067 3239 1131 3301; x_wconf 87' lang='lat' dir='ltr'><strong>et</strong></span> <span class='ocrx_word' id='word_1_241' title='bbox 1176 3234 1423 3324; x_wconf 88' lang='lat' dir='ltr'><strong>requiri</strong></span> <span class='ocrx_word' id='word_1_242' title='bbox 1492 3236 1654 3304; x_wconf 89' lang='lat' dir='ltr'><strong>dum</strong></span> <span class='ocrx_word' id='word_1_243' title='bbox 1720 3259 1758 3304; x_wconf 90' lang='lat' dir='ltr'><strong>a</strong></span> <span class='ocrx_word' id='word_1_244' title='bbox 1822 3243 2067 3304; x_wconf 91' lang='lat' dir='ltr'><strong>rectore</strong></span> <span class='ocrx_word' id='word_1_245' title='bbox 2134 3232 2431 3303; x_wconf 89' lang='lat' dir='ltr'><strong>redditur</strong></span> <span class='ocrx_word' id='word_1_246' title='bbox 2508 3231 2657 3299; x_wconf 87' lang='lat' dir='ltr'><strong>ratio</strong></span> 
     </span>
     <span class='ocr_line' id='line_1_29' title="bbox 380 3334 981 3405; baseline 0.003 -2"><span class='ocrx_word' id='word_1_247' title='bbox 380 3334 981 3405; x_wconf 80' lang='lat' dir='ltr'><strong>administrationis,</strong></span> 
     </span>
    </p>

    <p class='ocr_par' dir='ltr' id='par_1_3' title="bbox 372 3437 2655 4394">
     <span class='ocr_line' id='line_1_30' title="bbox 469 3437 2655 3532; baseline 0.002 -25"><span class='ocrx_word' id='word_1_248' title='bbox 469 3437 582 3507; x_wconf 87' lang='lat' dir='ltr'><strong>Vl.</strong></span> <span class='ocrx_word' id='word_1_249' title='bbox 623 3443 938 3532; x_wconf 75' lang='lat' dir='ltr'><strong>Officium</strong></span> <span class='ocrx_word' id='word_1_250' title='bbox 961 3443 1156 3512; x_wconf 84' lang='lat' dir='ltr'><strong>dictoe</strong></span> <span class='ocrx_word' id='word_1_251' title='bbox 1178 3448 1651 3514; x_wconf 83' lang='lat' dir='ltr'><strong>commissionis</strong></span> <span class='ocrx_word' id='word_1_252' title='bbox 1678 3448 2055 3516; x_wconf 77' lang='lat' dir='ltr'><strong>extenditur</strong></span> <span class='ocrx_word' id='word_1_253' title='bbox 2073 3446 2166 3514; x_wconf 87' lang='lat' dir='ltr'><strong>ad</strong></span> <span class='ocrx_word' id='word_1_254' title='bbox 2189 3445 2423 3514; x_wconf 87' lang='lat' dir='ltr'><strong>omnia</strong></span> <span class='ocrx_word' id='word_1_255' title='bbox 2445 3443 2655 3512; x_wconf 87' lang='lat' dir='ltr'><strong>dioece-</strong></span> 
     </span>
     <span class='ocr_line' id='line_1_31' title="bbox 376 3545 2653 3645; baseline 0.001 -33"><span class='ocrx_word' id='word_1_256' title='bbox 376 3545 467 3613; x_wconf 90' lang='lat' dir='ltr'><strong>sis</strong></span> <span class='ocrx_word' id='word_1_257' title='bbox 495 3547 878 3617; x_wconf 87' lang='lat' dir='ltr'><strong>seminaria.</strong></span> <span class='ocrx_word' id='word_1_258' title='bbox 903 3551 1081 3617; x_wconf 88' lang='lat' dir='ltr'><strong>—Id</strong></span> <span class='ocrx_word' id='word_1_259' title='bbox 1103 3554 1242 3641; x_wconf 88' lang='lat' dir='ltr'><strong>jam</strong></span> <span class='ocrx_word' id='word_1_260' title='bbox 1269 3555 1337 3620; x_wconf 90' lang='lat' dir='ltr'><strong>in</strong></span> <span class='ocrx_word' id='word_1_261' title='bbox 1367 3553 1407 3643; x_wconf 64' lang='grc' dir='ltr'>ἓ</span> <span class='ocrx_word' id='word_1_262' title='bbox 1431 3553 1483 3636; x_wconf 83' lang='lat'><strong>1,</strong></span> <span class='ocrx_word' id='word_1_263' title='bbox 1516 3555 1802 3623; x_wconf 84' lang='lat' dir='ltr'><strong>diximus</strong></span> <span class='ocrx_word' id='word_1_264' title='bbox 1826 3557 2008 3645; x_wconf 89' lang='lat' dir='ltr'><strong>sequi</strong></span> <span class='ocrx_word' id='word_1_265' title='bbox 2037 3578 2113 3622; x_wconf 88' lang='lat' dir='ltr'><strong>ex</strong></span> <span class='ocrx_word' id='word_1_266' title='bbox 2140 3554 2271 3621; x_wconf 92' lang='lat' dir='ltr'><strong>illis</strong></span> <span class='ocrx_word' id='word_1_267' title='bbox 2298 3550 2653 3620; x_wconf 89' lang='lat' dir='ltr'><strong>Tridentini</strong></span> 
     </span>
     <span class='ocr_line' id='line_1_32' title="bbox 377 3652 2652 3753; baseline 0.002 -34"><span class='ocrx_word' id='word_1_268' title='bbox 377 3652 589 3721; x_wconf 79' lang='lat' dir='ltr'><strong>verbis</strong></span> <span class='ocrx_word' id='word_1_269' title='bbox 624 3678 639 3722; x_wconf 73' lang='grc' dir='ltr'>ε</span> <span class='ocrx_word' id='word_1_270' title='bbox 671 3658 890 3723; x_wconf 87' lang='lat' dir='ltr'><strong>Possit</strong></span> <span class='ocrx_word' id='word_1_271' title='bbox 926 3658 1295 3750; x_wconf 84' lang='lat' dir='ltr'><strong>Episcopus</strong></span> <span class='ocrx_word' id='word_1_272' title='bbox 1313 3683 1521 3728; x_wconf 87' lang='lat' dir='ltr'><strong>unum</strong></span> <span class='ocrx_word' id='word_1_273' title='bbox 1551 3662 1659 3728; x_wconf 85' lang='lat' dir='ltr'><strong>vel</strong></span> <span class='ocrx_word' id='word_1_274' title='bbox 1665 3661 1882 3753; x_wconf 89' lang='lat' dir='ltr'><strong>plura</strong></span> <span class='ocrx_word' id='word_1_275' title='bbox 1909 3663 1984 3730; x_wconf 88' lang='lat' dir='ltr'><strong>in</strong></span> <span class='ocrx_word' id='word_1_276' title='bbox 2014 3659 2273 3729; x_wconf 79' lang='lat' dir='ltr'><strong>dioecesi</strong></span> <span class='ocrx_word' id='word_1_277' title='bbox 2290 3660 2535 3727; x_wconf 72' lang='lat' dir='ltr'><strong>habere</strong></span> <span class='ocrx_word' id='word_1_278' title='bbox 2556 3678 2652 3724; x_wconf 85' lang='lat' dir='ltr'><strong>se-</strong></span> 
     </span>
     <span class='ocr_line' id='line_1_33' title="bbox 377 3760 2654 3861; baseline 0.002 -36"><span class='ocrx_word' id='word_1_279' title='bbox 377 3760 670 3828; x_wconf 85' lang='lat' dir='ltr'><strong>minaria</strong></span> <span class='ocrx_word' id='word_1_280' title='bbox 699 3783 723 3829; x_wconf 92' lang='lat'><strong>.·</strong></span> <span class='ocrx_word' id='word_1_281' title='bbox 758 3786 906 3854; x_wconf 84' lang='lat' dir='ltr'><strong>quoe</strong></span> <span class='ocrx_word' id='word_1_282' title='bbox 928 3776 1152 3833; x_wconf 86' lang='lat' dir='ltr'><strong>tamen</strong></span> <span class='ocrx_word' id='word_1_283' title='bbox 1185 3766 1269 3833; x_wconf 85' lang='lat' dir='ltr'><strong>ab</strong></span> <span class='ocrx_word' id='word_1_284' title='bbox 1298 3767 1421 3835; x_wconf 88' lang='lat' dir='ltr'><strong>illo</strong></span> <span class='ocrx_word' id='word_1_285' title='bbox 1444 3791 1579 3836; x_wconf 89' lang='lat' dir='ltr'><strong>uno</strong></span> <span class='ocrx_word' id='word_1_286' title='bbox 1619 3767 1797 3861; x_wconf 85' lang='lat' dir='ltr'><strong>quod</strong></span> <span class='ocrx_word' id='word_1_287' title='bbox 1820 3769 1891 3835; x_wconf 90' lang='lat' dir='ltr'><strong>in</strong></span> <span class='ocrx_word' id='word_1_288' title='bbox 1911 3768 2182 3836; x_wconf 85' lang='lat' dir='ltr'><strong>civitate</strong></span> <span class='ocrx_word' id='word_1_289' title='bbox 2204 3776 2496 3834; x_wconf 89' lang='lat' dir='ltr'><strong>erectum</strong></span> <span class='ocrx_word' id='word_1_290' title='bbox 2513 3766 2654 3854; x_wconf 86' lang='lat' dir='ltr'><strong>fue-</strong></span> 
     </span>
     <span class='ocr_line' id='line_1_34' title="bbox 374 3865 2654 3963; baseline 0 -31"><span class='ocrx_word' id='word_1_291' title='bbox 374 3865 487 3950; x_wconf 86' lang='lat' dir='ltr'><strong>rit,</strong></span> <span class='ocrx_word' id='word_1_292' title='bbox 521 3868 594 3934; x_wconf 87' lang='lat' dir='ltr'><strong>in</strong></span> <span class='ocrx_word' id='word_1_293' title='bbox 622 3870 929 3939; x_wconf 86' lang='lat' dir='ltr'><strong>omnibus</strong></span> <span class='ocrx_word' id='word_1_294' title='bbox 956 3871 1318 3963; x_wconf 89' lang='lat' dir='ltr'><strong>pendeant.</strong></span> <span class='ocrx_word' id='word_1_295' title='bbox 1355 3873 1520 3942; x_wconf 90' lang='lat' dir='ltr'><strong>Cum</strong></span> <span class='ocrx_word' id='word_1_296' title='bbox 1565 3882 1781 3942; x_wconf 88' lang='lat' dir='ltr'><strong>autem</strong></span> <span class='ocrx_word' id='word_1_297' title='bbox 1817 3875 1920 3942; x_wconf 88' lang='lat' dir='ltr'><strong>lex</strong></span> <span class='ocrx_word' id='word_1_298' title='bbox 1957 3872 2337 3941; x_wconf 86' lang='lat' dir='ltr'><strong>Tridentina</strong></span> <span class='ocrx_word' id='word_1_299' title='bbox 2372 3868 2654 3938; x_wconf 84' lang='lat' dir='ltr'><strong>includat</strong></span> 
     </span>
     <span class='ocr_line' id='line_1_35' title="bbox 373 3972 2653 4071; baseline 0 -32"><span class='ocrx_word' id='word_1_300' title='bbox 373 3992 661 4062; x_wconf 87' lang='lat' dir='ltr'><strong>expresse</strong></span> <span class='ocrx_word' id='word_1_301' title='bbox 686 3979 1030 4048; x_wconf 89' lang='lat' dir='ltr'><strong>seminaria</strong></span> <span class='ocrx_word' id='word_1_302' title='bbox 1063 4003 1208 4071; x_wconf 84' lang='lat' dir='ltr'><strong>quae</strong></span> <span class='ocrx_word' id='word_1_303' title='bbox 1231 3982 1422 4048; x_wconf 90' lang='lat' dir='ltr'><strong>hodie</strong></span> <span class='ocrx_word' id='word_1_304' title='bbox 1451 3981 1522 4047; x_wconf 94' lang='lat' dir='ltr'><strong>in</strong></span> <span class='ocrx_word' id='word_1_305' title='bbox 1551 3980 1759 4049; x_wconf 89' lang='lat' dir='ltr'><strong>Gallia</strong></span> <span class='ocrx_word' id='word_1_306' title='bbox 1791 3982 1917 4049; x_wconf 91' lang='lat' dir='ltr'><strong>dici</strong></span> <span class='ocrx_word' id='word_1_307' title='bbox 1946 3981 2151 4049; x_wconf 85' lang='lat' dir='ltr'><strong>solent</strong></span> <span class='ocrx_word' id='word_1_308' title='bbox 2163 4002 2421 4070; x_wconf 86' lang='lat' dir='ltr'><strong>parva,</strong></span> <span class='ocrx_word' id='word_1_309' title='bbox 2454 3972 2653 4064; x_wconf 91' lang='lat' dir='ltr'><strong>sequi-</strong></span> 
     </span>
     <span class='ocr_line' id='line_1_36' title="bbox 375 4077 2649 4180; baseline 0.001 -36"><span class='ocrx_word' id='word_1_310' title='bbox 375 4084 481 4145; x_wconf 86' lang='lat' dir='ltr'><strong>tur</strong></span> <span class='ocrx_word' id='word_1_311' title='bbox 504 4100 540 4145; x_wconf 91' lang='lat' dir='ltr'><strong>a</strong></span> <span class='ocrx_word' id='word_1_312' title='bbox 564 4088 1019 4156; x_wconf 87' lang='lat' dir='ltr'><strong>commissione</strong></span> <span class='ocrx_word' id='word_1_313' title='bbox 1038 4088 1117 4157; x_wconf 89' lang='lat' dir='ltr'><strong>de</strong></span> <span class='ocrx_word' id='word_1_314' title='bbox 1139 4110 1269 4178; x_wconf 88' lang='lat' dir='ltr'><strong>qua</strong></span> <span class='ocrx_word' id='word_1_315' title='bbox 1288 4088 1542 4177; x_wconf 82' lang='lat' dir='ltr'><strong>agimus</strong></span> <span class='ocrx_word' id='word_1_316' title='bbox 1563 4089 1909 4156; x_wconf 88' lang='lat' dir='ltr'><strong>consilium</strong></span> <span class='ocrx_word' id='word_1_317' title='bbox 1942 4090 2184 4180; x_wconf 88' lang='lat' dir='ltr'><strong>pariter</strong></span> <span class='ocrx_word' id='word_1_318' title='bbox 2206 4090 2430 4177; x_wconf 88' lang='lat' dir='ltr'><strong>petere</strong></span> <span class='ocrx_word' id='word_1_319' title='bbox 2457 4077 2649 4150; x_wconf 90' lang='lat' dir='ltr'><strong>teneri</strong></span> 
     </span>
     <span class='ocr_line' id='line_1_37' title="bbox 373 4184 2644 4286; baseline 0.002 -35"><span class='ocrx_word' id='word_1_320' title='bbox 373 4184 769 4277; x_wconf 88' lang='lat' dir='ltr'><strong>Episcopum</strong></span> <span class='ocrx_word' id='word_1_321' title='bbox 811 4196 882 4260; x_wconf 92' lang='lat' dir='ltr'><strong>in</strong></span> <span class='ocrx_word' id='word_1_322' title='bbox 912 4196 1222 4264; x_wconf 90' lang='lat' dir='ltr'><strong>omnibus</strong></span> <span class='ocrx_word' id='word_1_323' title='bbox 1265 4217 1456 4285; x_wconf 90' lang='lat' dir='ltr'><strong>supra</strong></span> <span class='ocrx_word' id='word_1_324' title='bbox 1494 4198 1889 4264; x_wconf 87' lang='lat' dir='ltr'><strong>enumeratis</strong></span> <span class='ocrx_word' id='word_1_325' title='bbox 1938 4217 2085 4286; x_wconf 83' lang='lat' dir='ltr'><strong>quae</strong></span> <span class='ocrx_word' id='word_1_326' title='bbox 2118 4191 2644 4282; x_wconf 84' lang='lat' dir='ltr'><strong>gubernationem</strong></span> 
     </span>
     <span class='ocr_line' id='line_1_38' title="bbox 372 4296 2372 4394; baseline 0.002 -32"><span class='ocrx_word' id='word_1_327' title='bbox 372 4296 790 4387; x_wconf 86' lang='lat' dir='ltr'><strong>temporalem</strong></span> <span class='ocrx_word' id='word_1_328' title='bbox 819 4298 1178 4387; x_wconf 88' lang='lat' dir='ltr'><strong>respiciunt</strong></span> <span class='ocrx_word' id='word_1_329' title='bbox 1200 4305 1437 4371; x_wconf 91' lang='lat' dir='ltr'><strong>horum</strong></span> <span class='ocrx_word' id='word_1_330' title='bbox 1470 4325 1817 4394; x_wconf 86' lang='lat' dir='ltr'><strong>parvorum</strong></span> <span class='ocrx_word' id='word_1_331' title='bbox 1847 4302 2372 4373; x_wconf 90' lang='lat' dir='ltr'><strong>seminariorum.</strong></span> 
     </span>
    </p>
   </div>
  </div>
 </body>
</html>
