<?xml version="1.0" encoding="UTF-8"?>
<!DOCTYPE html PUBLIC "-//W3C//DTD XHTML 1.0 Transitional//EN"
    "http://www.w3.org/TR/xhtml1/DTD/xhtml1-transitional.dtd">
<html xmlns="http://www.w3.org/1999/xhtml" xml:lang="en" lang="en">
 <head>
  <title>
</title>
<meta http-equiv="Content-Type" content="text/html;charset=utf-8" />
  <meta name='ocr-system' content='tesseract 3.04.00' />
  <meta name='ocr-capabilities' content='ocr_page ocr_carea ocr_par ocr_line ocrx_word'/>
</head>
<body>
  <div class='ocr_page' id='page_1' title='image "./tractatusdecapi00bouigoog_0475.png"; bbox 0 0 2930 4982; ppageno 0'>
   <div class='ocr_carea' id='block_1_1' title="bbox 1145 310 2509 367">
    <p class='ocr_par' dir='ltr' id='par_1_1' title="bbox 1145 310 2509 367">
     <span class='ocr_line' id='line_1_1' title="bbox 1145 310 2509 367; baseline 0.003 -4"><span class='ocrx_word' id='word_1_1' title='bbox 1145 318 1227 364; x_wconf 71' lang='lat' dir='ltr'>DE</span> <span class='ocrx_word' id='word_1_2' title='bbox 1271 318 1600 366; x_wconf 58' lang='lat' dir='ltr'>cavimus.</span> <span class='ocrx_word' id='word_1_3' title='bbox 2387 310 2509 367; x_wconf 67' lang='grc'>437</span> 
     </span>
    </p>
   </div>
   <div class='ocr_carea' id='block_1_2' title="bbox 221 434 2519 4450">
    <p class='ocr_par' dir='ltr' id='par_1_2' title="bbox 230 434 2513 1061">
     <span class='ocr_line' id='line_1_2' title="bbox 316 434 2513 529; baseline 0.002 -23"><span class='ocrx_word' id='word_1_4' title='bbox 316 440 489 508; x_wconf 87' lang='lat' dir='ltr'>ldem</span> <span class='ocrx_word' id='word_1_5' title='bbox 521 438 717 507; x_wconf 83' lang='lat' dir='ltr'>tradit</span> <span class='ocrx_word' id='word_1_6' title='bbox 744 434 1055 521; x_wconf 87' lang='lat' dir='ltr'>Ferraris,</span> <span class='ocrx_word' id='word_1_7' title='bbox 1100 436 1195 506; x_wconf 89' lang='lat' dir='ltr'>sic</span> <span class='ocrx_word' id='word_1_8' title='bbox 1243 437 1573 506; x_wconf 81' lang='lat' dir='ltr'>affirmans</span> <span class='ocrx_word' id='word_1_9' title='bbox 1630 442 1762 504; x_wconf 86' lang='lat' dir='ltr'>tam</span> <span class='ocrx_word' id='word_1_10' title='bbox 1814 434 1894 503; x_wconf 87' lang='lat' dir='ltr'>de</span> <span class='ocrx_word' id='word_1_11' title='bbox 1945 434 2268 527; x_wconf 89' lang='lat' dir='ltr'>deputatis</span> <span class='ocrx_word' id='word_1_12' title='bbox 2299 441 2513 529; x_wconf 86' lang='lat' dir='ltr'>quoad</span> 
     </span>
     <span class='ocr_line' id='line_1_3' title="bbox 230 541 2512 637; baseline -0.001 -22"><span class='ocrx_word' id='word_1_13' title='bbox 230 546 618 636; x_wconf 90' lang='lat' dir='ltr'>spiritualem</span> <span class='ocrx_word' id='word_1_14' title='bbox 646 543 1297 628; x_wconf 80' lang='lat' dir='ltr'>administrationem,</span> <span class='ocrx_word' id='word_1_15' title='bbox 1324 566 1529 634; x_wconf 87' lang='lat' dir='ltr'>quam</span> <span class='ocrx_word' id='word_1_16' title='bbox 1559 543 1640 611; x_wconf 90' lang='lat' dir='ltr'>de</span> <span class='ocrx_word' id='word_1_17' title='bbox 1665 541 1981 633; x_wconf 86' lang='lat' dir='ltr'>deputatis</span> <span class='ocrx_word' id='word_1_18' title='bbox 2005 542 2223 633; x_wconf 89' lang='lat' dir='ltr'>quoad</span> <span class='ocrx_word' id='word_1_19' title='bbox 2258 549 2512 637; x_wconf 82' lang='lat' dir='ltr'>tempo·</span> 
     </span>
     <span class='ocr_line' id='line_1_4' title="bbox 230 632 2507 742; baseline 0 -20"><span class='ocrx_word' id='word_1_20' title='bbox 230 654 458 722; x_wconf 87' lang='lat' dir='ltr'>ralem:</span> <span class='ocrx_word' id='word_1_21' title='bbox 498 677 530 718; x_wconf 78' lang='lat' dir='ltr'>t(</span> <span class='ocrx_word' id='word_1_22' title='bbox 564 651 739 721; x_wconf 89' lang='lat' dir='ltr'>Hinc</span> <span class='ocrx_word' id='word_1_23' title='bbox 770 632 1127 742; x_wconf 72' lang='lat' dir='ltr'>Episcopus</span> <span class='ocrx_word' id='word_1_24' title='bbox 1175 656 1436 718; x_wconf 87' lang='lat' dir='ltr'>tenetur</span> <span class='ocrx_word' id='word_1_25' title='bbox 1486 649 1761 719; x_wconf 89' lang='lat' dir='ltr'>omnino</span> <span class='ocrx_word' id='word_1_26' title='bbox 1801 648 2127 739; x_wconf 84' lang='lat' dir='ltr'>requirere</span> <span class='ocrx_word' id='word_1_27' title='bbox 2154 650 2507 722; x_wconf 86' lang='lat' dir='ltr'>consilium</span> 
     </span>
     <span class='ocr_line' id='line_1_5' title="bbox 237 753 2497 849; baseline 0.002 -26"><span class='ocrx_word' id='word_1_28' title='bbox 237 784 268 823; x_wconf 79' lang='grc' dir='ltr'>α</span> <span class='ocrx_word' id='word_1_29' title='bbox 309 757 761 849; x_wconf 90' lang='lat' dir='ltr'>praedictorum</span> <span class='ocrx_word' id='word_1_30' title='bbox 797 757 1254 847; x_wconf 77' lang='lat' dir='ltr'>deputatorum</span> <span class='ocrx_word' id='word_1_31' title='bbox 1289 756 1686 847; x_wconf 88' lang='lat' dir='ltr'>respective;</span> <span class='ocrx_word' id='word_1_32' title='bbox 1716 753 1872 822; x_wconf 87' lang='lat' dir='ltr'>alias</span> <span class='ocrx_word' id='word_1_33' title='bbox 1901 760 2081 822; x_wconf 84' lang='lat' dir='ltr'>actus</span> <span class='ocrx_word' id='word_1_34' title='bbox 2123 776 2252 823; x_wconf 89' lang='lat' dir='ltr'>non</span> <span class='ocrx_word' id='word_1_35' title='bbox 2296 758 2497 847; x_wconf 85' lang='lat' dir='ltr'>valet;</span> 
     </span>
     <span class='ocr_line' id='line_1_6' title="bbox 238 860 2503 954; baseline 0 -24"><span class='ocrx_word' id='word_1_36' title='bbox 238 891 269 931; x_wconf 88' lang='lat'>«</span> <span class='ocrx_word' id='word_1_37' title='bbox 310 887 456 934; x_wconf 91' lang='lat' dir='ltr'>cum</span> <span class='ocrx_word' id='word_1_38' title='bbox 482 865 605 933; x_wconf 87' lang='lat' dir='ltr'>tale</span> <span class='ocrx_word' id='word_1_39' title='bbox 627 863 974 932; x_wconf 85' lang='lat' dir='ltr'>consilium</span> <span class='ocrx_word' id='word_1_40' title='bbox 993 862 1289 931; x_wconf 85' lang='lat' dir='ltr'>videatur</span> <span class='ocrx_word' id='word_1_41' title='bbox 1305 864 1700 954; x_wconf 88' lang='lat' dir='ltr'>requisitum</span> <span class='ocrx_word' id='word_1_42' title='bbox 1722 883 1759 930; x_wconf 88' lang='lat' dir='ltr'>a</span> <span class='ocrx_word' id='word_1_43' title='bbox 1785 860 2063 930; x_wconf 90' lang='lat' dir='ltr'>concilio</span> <span class='ocrx_word' id='word_1_44' title='bbox 2070 882 2194 951; x_wconf 87' lang='lat' dir='ltr'>pro</span> <span class='ocrx_word' id='word_1_45' title='bbox 2209 863 2503 951; x_wconf 78' lang='lat' dir='ltr'>forma.»</span> 
     </span>
     <span class='ocr_line' id='line_1_7' title="bbox 230 968 1405 1061; baseline -0.003 -23"><span class='ocrx_word' id='word_1_46' title='bbox 230 969 346 1061; x_wconf 88' lang='lat' dir='ltr'>(Ad</span> <span class='ocrx_word' id='word_1_47' title='bbox 368 968 1132 1052; x_wconf 85' lang='lat' dir='ltr'>verbumSeminarium,</span> <span class='ocrx_word' id='word_1_48' title='bbox 1163 992 1231 1036; x_wconf 90' lang='lat' dir='ltr'>n.</span> <span class='ocrx_word' id='word_1_49' title='bbox 1268 970 1405 1059; x_wconf 87' lang='lat'>11.)</span> 
     </span>
    </p>

    <p class='ocr_par' dir='ltr' id='par_1_3' title="bbox 221 1071 2519 2535">
     <span class='ocr_line' id='line_1_8' title="bbox 306 1071 2511 1166; baseline -0.001 -23"><span class='ocrx_word' id='word_1_50' title='bbox 306 1074 419 1143; x_wconf 88' lang='lat' dir='ltr'>lv.</span> <span class='ocrx_word' id='word_1_51' title='bbox 454 1076 829 1166; x_wconf 80' lang='lat' dir='ltr'>Episcopus</span> <span class='ocrx_word' id='word_1_52' title='bbox 852 1096 986 1142; x_wconf 90' lang='lat' dir='ltr'>non</span> <span class='ocrx_word' id='word_1_53' title='bbox 1005 1085 1261 1142; x_wconf 85' lang='lat' dir='ltr'>tenetur</span> <span class='ocrx_word' id='word_1_54' title='bbox 1300 1074 1486 1165; x_wconf 82' lang='lat' dir='ltr'>sequi</span> <span class='ocrx_word' id='word_1_55' title='bbox 1513 1073 1864 1142; x_wconf 87' lang='lat' dir='ltr'>consilium</span> <span class='ocrx_word' id='word_1_56' title='bbox 1895 1071 2372 1164; x_wconf 87' lang='lat' dir='ltr'>deputatorum</span> <span class='ocrx_word' id='word_1_57' title='bbox 2381 1094 2511 1164; x_wconf 86' lang='lat' dir='ltr'>pro</span> 
     </span>
     <span class='ocr_line' id='line_1_9' title="bbox 224 1168 2515 1272; baseline -0.001 -22"><span class='ocrx_word' id='word_1_58' title='bbox 224 1181 807 1250; x_wconf 84' lang='lat' dir='ltr'>administratione</span> <span class='ocrx_word' id='word_1_59' title='bbox 837 1180 1199 1272; x_wconf 87' lang='lat' dir='ltr'>temporali</span> <span class='ocrx_word' id='word_1_60' title='bbox 1231 1181 1596 1249; x_wconf 89' lang='lat' dir='ltr'>seminarii.</span> <span class='ocrx_word' id='word_1_61' title='bbox 1644 1219 1733 1232; x_wconf 92' lang='lat'><strong>—</strong></span> <span class='ocrx_word' id='word_1_62' title='bbox 1762 1168 1923 1248; x_wconf 73' lang='lat' dir='ltr'>&#39;Jam</span> <span class='ocrx_word' id='word_1_63' title='bbox 1962 1179 2249 1248; x_wconf 79' lang='lat' dir='ltr'>vidimus</span> <span class='ocrx_word' id='word_1_64' title='bbox 2299 1179 2369 1248; x_wconf 90' lang='lat' dir='ltr'>in</span> <span class='ocrx_word' id='word_1_65' title='bbox 2401 1200 2515 1271; x_wconf 91' lang='lat' dir='ltr'>pa-</span> 
     </span>
     <span class='ocr_line' id='line_1_10' title="bbox 221 1283 2513 1377; baseline 0 -24"><span class='ocrx_word' id='word_1_66' title='bbox 221 1286 543 1376; x_wconf 85' lang='lat' dir='ltr'>ragrapho</span> <span class='ocrx_word' id='word_1_67' title='bbox 572 1284 958 1376; x_wconf 87' lang='lat' dir='ltr'>praecedenti</span> <span class='ocrx_word' id='word_1_68' title='bbox 988 1284 1387 1377; x_wconf 89' lang='lat' dir='ltr'>Episcopum</span> <span class='ocrx_word' id='word_1_69' title='bbox 1416 1309 1550 1354; x_wconf 93' lang='lat' dir='ltr'>non</span> <span class='ocrx_word' id='word_1_70' title='bbox 1582 1286 1786 1355; x_wconf 87' lang='lat' dir='ltr'>teneri</span> <span class='ocrx_word' id='word_1_71' title='bbox 1806 1284 1992 1375; x_wconf 88' lang='lat' dir='ltr'>sequi</span> <span class='ocrx_word' id='word_1_72' title='bbox 2022 1283 2377 1354; x_wconf 89' lang='lat' dir='ltr'>consilium</span> <span class='ocrx_word' id='word_1_73' title='bbox 2399 1283 2513 1353; x_wconf 86' lang='lat' dir='ltr'>de·</span> 
     </span>
     <span class='ocr_line' id='line_1_11' title="bbox 223 1390 2512 1483; baseline -0.001 -23"><span class='ocrx_word' id='word_1_74' title='bbox 223 1398 593 1481; x_wconf 87' lang='lat' dir='ltr'>putatorum</span> <span class='ocrx_word' id='word_1_75' title='bbox 658 1412 775 1483; x_wconf 94' lang='lat' dir='ltr'>pro</span> <span class='ocrx_word' id='word_1_76' title='bbox 846 1392 1402 1462; x_wconf 86' lang='lat' dir='ltr'>administratione</span> <span class='ocrx_word' id='word_1_77' title='bbox 1460 1392 1808 1483; x_wconf 88' lang='lat' dir='ltr'>spirituali.</span> <span class='ocrx_word' id='word_1_78' title='bbox 1887 1391 2091 1460; x_wconf 92' lang='lat' dir='ltr'>Porro</span> <span class='ocrx_word' id='word_1_79' title='bbox 2161 1390 2334 1459; x_wconf 86' lang='lat' dir='ltr'>idem</span> <span class='ocrx_word' id='word_1_80' title='bbox 2418 1395 2512 1458; x_wconf 87' lang='lat' dir='ltr'>est</span> 
     </span>
     <span class='ocr_line' id='line_1_12' title="bbox 223 1496 2513 1589; baseline 0 -23"><span class='ocrx_word' id='word_1_81' title='bbox 223 1499 424 1587; x_wconf 88' lang='lat' dir='ltr'>quoad</span> <span class='ocrx_word' id='word_1_82' title='bbox 478 1499 820 1589; x_wconf 85' lang='lat' dir='ltr'>deputatos</span> <span class='ocrx_word' id='word_1_83' title='bbox 866 1520 986 1589; x_wconf 92' lang='lat' dir='ltr'>pro</span> <span class='ocrx_word' id='word_1_84' title='bbox 1057 1499 1623 1568; x_wconf 81' lang='lat' dir='ltr'>administratione</span> <span class='ocrx_word' id='word_1_85' title='bbox 1686 1498 2052 1589; x_wconf 90' lang='lat' dir='ltr'>temporali.</span> <span class='ocrx_word' id='word_1_86' title='bbox 2132 1496 2513 1566; x_wconf 79' lang='lat' dir='ltr'>Tridentina</span> 
     </span>
     <span class='ocr_line' id='line_1_13' title="bbox 224 1601 2515 1694; baseline -0.001 -22"><span class='ocrx_word' id='word_1_87' title='bbox 224 1604 387 1672; x_wconf 87' lang='lat' dir='ltr'>enim</span> <span class='ocrx_word' id='word_1_88' title='bbox 414 1605 703 1694; x_wconf 79' lang='lat' dir='ltr'>synodus</span> <span class='ocrx_word' id='word_1_89' title='bbox 737 1604 949 1694; x_wconf 91' lang='lat' dir='ltr'>quoad</span> <span class='ocrx_word' id='word_1_90' title='bbox 975 1607 1283 1694; x_wconf 89' lang='lat' dir='ltr'>utrosque</span> <span class='ocrx_word' id='word_1_91' title='bbox 1311 1604 1590 1694; x_wconf 86' lang='lat' dir='ltr'>requirit</span> <span class='ocrx_word' id='word_1_92' title='bbox 1611 1602 1882 1692; x_wconf 89' lang='lat' dir='ltr'>quidem</span> <span class='ocrx_word' id='word_1_93' title='bbox 1934 1602 2016 1671; x_wconf 86' lang='lat' dir='ltr'>ab</span> <span class='ocrx_word' id='word_1_94' title='bbox 2054 1602 2375 1693; x_wconf 86' lang='lat' dir='ltr'>Episcopo</span> <span class='ocrx_word' id='word_1_95' title='bbox 2396 1601 2515 1671; x_wconf 88' lang='lat' dir='ltr'>ad-</span> 
     </span>
     <span class='ocr_line' id='line_1_14' title="bbox 224 1707 2506 1800; baseline 0.001 -25"><span class='ocrx_word' id='word_1_96' title='bbox 224 1707 404 1776; x_wconf 89' lang='lat' dir='ltr'>hiber</span> <span class='ocrx_word' id='word_1_97' title='bbox 429 1708 815 1778; x_wconf 89' lang='lat' dir='ltr'>iconsilium</span> <span class='ocrx_word' id='word_1_98' title='bbox 854 1708 1235 1799; x_wconf 91' lang='lat' dir='ltr'>hujusmodi</span> <span class='ocrx_word' id='word_1_99' title='bbox 1283 1709 1770 1800; x_wconf 87' lang='lat' dir='ltr'>deputatorum,</span> <span class='ocrx_word' id='word_1_100' title='bbox 1825 1708 1935 1777; x_wconf 90' lang='lat' dir='ltr'>sed</span> <span class='ocrx_word' id='word_1_101' title='bbox 1976 1709 2145 1777; x_wconf 89' lang='lat' dir='ltr'>nihil</span> <span class='ocrx_word' id='word_1_102' title='bbox 2195 1708 2506 1800; x_wconf 89' lang='lat' dir='ltr'>amplius.</span> 
     </span>
     <span class='ocr_line' id='line_1_15' title="bbox 225 1813 2512 1906; baseline 0 -23"><span class='ocrx_word' id='word_1_103' title='bbox 225 1813 398 1883; x_wconf 88' lang='lat' dir='ltr'>Unde</span> <span class='ocrx_word' id='word_1_104' title='bbox 428 1815 632 1884; x_wconf 88' lang='lat' dir='ltr'>Sacra</span> <span class='ocrx_word' id='word_1_105' title='bbox 654 1815 1082 1904; x_wconf 86' lang='lat' dir='ltr'>Congregatio</span> <span class='ocrx_word' id='word_1_106' title='bbox 1107 1814 1371 1882; x_wconf 89' lang='lat' dir='ltr'>concilii</span> <span class='ocrx_word' id='word_1_107' title='bbox 1399 1815 1467 1883; x_wconf 93' lang='lat' dir='ltr'>id</span> <span class='ocrx_word' id='word_1_108' title='bbox 1516 1815 1760 1906; x_wconf 91' lang='lat' dir='ltr'>pluries</span> <span class='ocrx_word' id='word_1_109' title='bbox 1788 1813 2173 1883; x_wconf 85' lang='lat' dir='ltr'>declaravit:</span> <span class='ocrx_word' id='word_1_110' title='bbox 2208 1837 2412 1883; x_wconf 86' lang='lat' dir='ltr'>unam</span> <span class='ocrx_word' id='word_1_111' title='bbox 2434 1836 2512 1884; x_wconf 89' lang='lat' dir='ltr'>ex</span> 
     </span>
     <span class='ocr_line' id='line_1_16' title="bbox 225 1920 2516 2011; baseline 0.001 -25"><span class='ocrx_word' id='word_1_112' title='bbox 225 1920 344 1989; x_wconf 89' lang='lat' dir='ltr'>illis</span> <span class='ocrx_word' id='word_1_113' title='bbox 361 1921 905 1990; x_wconf 88' lang='lat' dir='ltr'>declarationibus</span> <span class='ocrx_word' id='word_1_114' title='bbox 934 1923 1003 1989; x_wconf 93' lang='lat' dir='ltr'>in</span> <span class='ocrx_word' id='word_1_115' title='bbox 1031 1920 1438 2011; x_wconf 85' lang='lat' dir='ltr'>paragrapho</span> <span class='ocrx_word' id='word_1_116' title='bbox 1467 1921 1854 2009; x_wconf 79' lang='lat' dir='ltr'>praecedenti</span> <span class='ocrx_word' id='word_1_117' title='bbox 1877 1922 2220 1988; x_wconf 89' lang='lat' dir='ltr'>retulimus</span> <span class='ocrx_word' id='word_1_118' title='bbox 2246 1946 2263 1999; x_wconf 90' lang='lat'>;</span> <span class='ocrx_word' id='word_1_119' title='bbox 2291 1921 2361 1988; x_wconf 89' lang='lat' dir='ltr'>in</span> <span class='ocrx_word' id='word_1_120' title='bbox 2387 1943 2516 2010; x_wconf 88' lang='lat' dir='ltr'>qua</span> 
     </span>
     <span class='ocr_line' id='line_1_17' title="bbox 222 2025 2513 2116; baseline -0 -23"><span class='ocrx_word' id='word_1_121' title='bbox 222 2028 492 2095; x_wconf 90' lang='lat' dir='ltr'>minime</span> <span class='ocrx_word' id='word_1_122' title='bbox 525 2026 733 2094; x_wconf 89' lang='lat' dir='ltr'>teneri</span> <span class='ocrx_word' id='word_1_123' title='bbox 789 2025 1185 2115; x_wconf 87' lang='lat' dir='ltr'>Episcopum</span> <span class='ocrx_word' id='word_1_124' title='bbox 1243 2025 1323 2092; x_wconf 86' lang='lat' dir='ltr'>ad</span> <span class='ocrx_word' id='word_1_125' title='bbox 1356 2025 1684 2114; x_wconf 85' lang='lat' dir='ltr'>sequenda</span> <span class='ocrx_word' id='word_1_126' title='bbox 1734 2026 2004 2093; x_wconf 89' lang='lat' dir='ltr'>consilia</span> <span class='ocrx_word' id='word_1_127' title='bbox 2055 2025 2513 2116; x_wconf 86' lang='lat' dir='ltr'>deputatorum</span> 
     </span>
     <span class='ocr_line' id='line_1_18' title="bbox 224 2129 2514 2222; baseline 0 -24"><span class='ocrx_word' id='word_1_128' title='bbox 224 2133 354 2199; x_wconf 87' lang='lat' dir='ltr'>sive</span> <span class='ocrx_word' id='word_1_129' title='bbox 380 2155 499 2222; x_wconf 91' lang='lat' dir='ltr'>pro</span> <span class='ocrx_word' id='word_1_130' title='bbox 529 2132 876 2222; x_wconf 88' lang='lat' dir='ltr'>spirituali,</span> <span class='ocrx_word' id='word_1_131' title='bbox 904 2132 1037 2199; x_wconf 87' lang='lat' dir='ltr'>sive</span> <span class='ocrx_word' id='word_1_132' title='bbox 1067 2151 1185 2222; x_wconf 93' lang='lat' dir='ltr'>pro</span> <span class='ocrx_word' id='word_1_133' title='bbox 1209 2131 1553 2221; x_wconf 86' lang='lat' dir='ltr'>temporali</span> <span class='ocrx_word' id='word_1_134' title='bbox 1581 2130 2136 2199; x_wconf 85' lang='lat' dir='ltr'>administratione</span> <span class='ocrx_word' id='word_1_135' title='bbox 2156 2129 2514 2218; x_wconf 88' lang='lat' dir='ltr'>seminarii,</span> 
     </span>
     <span class='ocr_line' id='line_1_19' title="bbox 225 2236 2518 2327; baseline 0 -23"><span class='ocrx_word' id='word_1_136' title='bbox 225 2239 569 2327; x_wconf 89' lang='lat' dir='ltr'>respondet</span> <span class='ocrx_word' id='word_1_137' title='bbox 615 2238 811 2307; x_wconf 85' lang='lat' dir='ltr'>Sacra</span> <span class='ocrx_word' id='word_1_138' title='bbox 869 2237 1320 2326; x_wconf 84' lang='lat' dir='ltr'>Congregatio.</span> <span class='ocrx_word' id='word_1_139' title='bbox 1373 2238 1554 2306; x_wconf 86' lang='lat' dir='ltr'>Alias</span> <span class='ocrx_word' id='word_1_140' title='bbox 1596 2237 1840 2304; x_wconf 88' lang='lat' dir='ltr'>similes</span> <span class='ocrx_word' id='word_1_141' title='bbox 1881 2236 2329 2327; x_wconf 88' lang='lat' dir='ltr'>responsiones</span> <span class='ocrx_word' id='word_1_142' title='bbox 2376 2238 2518 2305; x_wconf 84' lang='lat' dir='ltr'>vide</span> 
     </span>
     <span class='ocr_line' id='line_1_20' title="bbox 226 2342 2519 2433; baseline -0.001 -22"><span class='ocrx_word' id='word_1_143' title='bbox 226 2343 349 2412; x_wconf 90' lang='lat' dir='ltr'>sub</span> <span class='ocrx_word' id='word_1_144' title='bbox 384 2346 675 2433; x_wconf 89' lang='lat' dir='ltr'>sequenti</span> <span class='ocrx_word' id='word_1_145' title='bbox 707 2365 1014 2411; x_wconf 75' lang='lat' dir='ltr'>numero..</span> <span class='ocrx_word' id='word_1_146' title='bbox 1038 2342 1133 2410; x_wconf 92' lang='lat' dir='ltr'>De</span> <span class='ocrx_word' id='word_1_147' title='bbox 1167 2349 1421 2430; x_wconf 84' lang='lat' dir='ltr'>caetero,</span> <span class='ocrx_word' id='word_1_148' title='bbox 1455 2343 1792 2411; x_wconf 88' lang='lat' dir='ltr'>unanimis</span> <span class='ocrx_word' id='word_1_149' title='bbox 1830 2347 1923 2410; x_wconf 92' lang='lat' dir='ltr'>est</span> <span class='ocrx_word' id='word_1_150' title='bbox 1956 2342 2082 2410; x_wconf 89' lang='lat' dir='ltr'>hac</span> <span class='ocrx_word' id='word_1_151' title='bbox 2124 2343 2192 2409; x_wconf 91' lang='lat' dir='ltr'>in</span> <span class='ocrx_word' id='word_1_152' title='bbox 2228 2363 2296 2409; x_wconf 91' lang='lat' dir='ltr'>re</span> <span class='ocrx_word' id='word_1_153' title='bbox 2325 2361 2519 2410; x_wconf 88' lang='lat' dir='ltr'>cano-</span> 
     </span>
     <span class='ocr_line' id='line_1_21' title="bbox 223 2449 1526 2535; baseline 0 -18"><span class='ocrx_word' id='word_1_154' title='bbox 223 2451 545 2519; x_wconf 80' lang='lat' dir='ltr'>nistarum</span> <span class='ocrx_word' id='word_1_155' title='bbox 571 2452 912 2535; x_wconf 85' lang='lat' dir='ltr'>sententia,</span> <span class='ocrx_word' id='word_1_156' title='bbox 946 2458 1008 2519; x_wconf 93' lang='lat' dir='ltr'>et</span> <span class='ocrx_word' id='word_1_157' title='bbox 1031 2449 1302 2519; x_wconf 90' lang='lat' dir='ltr'>omnino</span> <span class='ocrx_word' id='word_1_158' title='bbox 1333 2455 1526 2519; x_wconf 88' lang='lat' dir='ltr'>certa.</span> 
     </span>
    </p>

    <p class='ocr_par' dir='ltr' id='par_1_4' title="bbox 227 2555 2518 4007">
     <span class='ocr_line' id='line_1_22' title="bbox 307 2555 2513 2650; baseline -0.002 -24"><span class='ocrx_word' id='word_1_159' title='bbox 307 2556 391 2627; x_wconf 93' lang='lat' dir='ltr'>V.</span> <span class='ocrx_word' id='word_1_160' title='bbox 425 2558 886 2625; x_wconf 87' lang='lat' dir='ltr'>Determinari·</span> <span class='ocrx_word' id='word_1_161' title='bbox 901 2570 1183 2650; x_wconf 78' lang='lat' dir='ltr'>possunt</span> <span class='ocrx_word' id='word_1_162' title='bbox 1211 2558 1513 2625; x_wconf 86' lang='lat' dir='ltr'>materioe</span> <span class='ocrx_word' id='word_1_163' title='bbox 1533 2557 1709 2624; x_wconf 73' lang='lat' dir='ltr'>lianc</span> <span class='ocrx_word' id='word_1_164' title='bbox 1748 2555 2274 2624; x_wconf 83' lang='lat' dir='ltr'>commissionem</span> <span class='ocrx_word' id='word_1_165' title='bbox 2327 2575 2513 2646; x_wconf 87' lang='lat' dir='ltr'>spec-</span> 
     </span>
     <span class='ocr_line' id='line_1_23' title="bbox 228 2662 2513 2755; baseline -0.002 -25"><span class='ocrx_word' id='word_1_166' title='bbox 228 2675 438 2731; x_wconf 87' lang='lat' dir='ltr'>tantes</span> <span class='ocrx_word' id='word_1_167' title='bbox 466 2664 587 2731; x_wconf 77' lang='lat' dir='ltr'>lzoc</span> <span class='ocrx_word' id='word_1_168' title='bbox 622 2663 817 2732; x_wconf 86' lang='lat' dir='ltr'>modo</span> <span class='ocrx_word' id='word_1_169' title='bbox 838 2686 863 2731; x_wconf 93' lang='grc'>.·</span> <span class='ocrx_word' id='word_1_170' title='bbox 900 2676 1172 2755; x_wconf 74' lang='lat' dir='ltr'>excepta</span> <span class='ocrx_word' id='word_1_171' title='bbox 1220 2662 1562 2732; x_wconf 75' lang='lat' dir='ltr'>exactione</span> <span class='ocrx_word' id='word_1_172' title='bbox 1602 2673 1809 2744; x_wconf 75' lang='lat' dir='ltr'>taoeoe,</span> <span class='ocrx_word' id='word_1_173' title='bbox 1848 2662 2223 2753; x_wconf 79' lang='lat' dir='ltr'>Episcopus</span> <span class='ocrx_word' id='word_1_174' title='bbox 2250 2671 2513 2728; x_wconf 86' lang='lat' dir='ltr'>tenetur</span> 
     </span>
     <span class='ocr_line' id='line_1_24' title="bbox 229 2766 2518 2860; baseline 0 -27"><span class='ocrx_word' id='word_1_175' title='bbox 229 2767 408 2835; x_wconf 82' lang='lat' dir='ltr'>illius</span> <span class='ocrx_word' id='word_1_176' title='bbox 461 2773 805 2839; x_wconf 77' lang='lat' dir='ltr'>consilium</span> <span class='ocrx_word' id='word_1_177' title='bbox 848 2772 1180 2860; x_wconf 79' lang='lat' dir='ltr'>requirere</span> <span class='ocrx_word' id='word_1_178' title='bbox 1229 2771 1303 2838; x_wconf 90' lang='lat' dir='ltr'>in</span> <span class='ocrx_word' id='word_1_179' title='bbox 1359 2782 1503 2837; x_wconf 85' lang='lat' dir='ltr'>tota</span> <span class='ocrx_word' id='word_1_180' title='bbox 1552 2768 2134 2837; x_wconf 82' lang='lat' dir='ltr'>administratione</span> <span class='ocrx_word' id='word_1_181' title='bbox 2163 2766 2518 2855; x_wconf 87' lang='lat' dir='ltr'>temporali</span> 
     </span>
     <span class='ocr_line' id='line_1_25' title="bbox 229 2869 2517 2963; baseline -0.001 -24"><span class='ocrx_word' id='word_1_182' title='bbox 229 2872 597 2954; x_wconf 86' lang='lat' dir='ltr'>seminarii,</span> <span class='ocrx_word' id='word_1_183' title='bbox 657 2876 858 2940; x_wconf 89' lang='lat' dir='ltr'>etiam</span> <span class='ocrx_word' id='word_1_184' title='bbox 884 2876 954 2941; x_wconf 90' lang='lat' dir='ltr'>in</span> <span class='ocrx_word' id='word_1_185' title='bbox 987 2873 1388 2963; x_wconf 84' lang='lat' dir='ltr'>deputandis</span> <span class='ocrx_word' id='word_1_186' title='bbox 1417 2885 1667 2940; x_wconf 86' lang='lat' dir='ltr'>rectore</span> <span class='ocrx_word' id='word_1_187' title='bbox 1698 2883 1761 2939; x_wconf 89' lang='lat' dir='ltr'>et</span> <span class='ocrx_word' id='word_1_188' title='bbox 1792 2869 2219 2960; x_wconf 81' lang='lat' dir='ltr'>officialibus,</span> <span class='ocrx_word' id='word_1_189' title='bbox 2247 2879 2310 2936; x_wconf 87' lang='lat' dir='ltr'>et</span> <span class='ocrx_word' id='word_1_190' title='bbox 2331 2869 2401 2935; x_wconf 88' lang='lat' dir='ltr'>in</span> <span class='ocrx_word' id='word_1_191' title='bbox 2420 2889 2517 2936; x_wconf 86' lang='lat' dir='ltr'>re-</span> 
     </span>
     <span class='ocr_line' id='line_1_26' title="bbox 227 2973 2518 3069; baseline -0 -23"><span class='ocrx_word' id='word_1_192' title='bbox 227 2976 539 3069; x_wconf 73' lang='lat' dir='ltr'>cipienda</span> <span class='ocrx_word' id='word_1_193' title='bbox 581 2979 839 3046; x_wconf 90' lang='lat' dir='ltr'>ratione</span> <span class='ocrx_word' id='word_1_194' title='bbox 888 2978 1490 3046; x_wconf 88' lang='lat' dir='ltr'>administrationis</span> <span class='ocrx_word' id='word_1_195' title='bbox 1527 2976 1888 3067; x_wconf 83' lang='lat' dir='ltr'>quotannis</span> <span class='ocrx_word' id='word_1_196' title='bbox 1937 2974 2290 3044; x_wconf 87' lang='lat' dir='ltr'>reddenda.</span> <span class='ocrx_word' id='word_1_197' title='bbox 2331 3013 2420 3026; x_wconf 96' lang='lat'><strong>—</strong></span> <span class='ocrx_word' id='word_1_198' title='bbox 2447 2973 2518 3045; x_wconf 88' lang='lat' dir='ltr'>Si</span> 
     </span>
     <span class='ocr_line' id='line_1_27' title="bbox 230 3080 2514 3175; baseline -0.001 -24"><span class='ocrx_word' id='word_1_199' title='bbox 230 3086 669 3175; x_wconf 87' lang='lat' dir='ltr'>perpendatur</span> <span class='ocrx_word' id='word_1_200' title='bbox 707 3090 961 3153; x_wconf 89' lang='lat' dir='ltr'>tantum</span> <span class='ocrx_word' id='word_1_201' title='bbox 994 3084 1419 3153; x_wconf 89' lang='lat' dir='ltr'>Tridentinus</span> <span class='ocrx_word' id='word_1_202' title='bbox 1467 3089 1700 3170; x_wconf 81' lang='lat' dir='ltr'>textuS,</span> <span class='ocrx_word' id='word_1_203' title='bbox 1731 3082 1890 3151; x_wconf 89' lang='lat' dir='ltr'>huic</span> <span class='ocrx_word' id='word_1_204' title='bbox 1921 3080 2364 3150; x_wconf 88' lang='lat' dir='ltr'>commissioni</span> <span class='ocrx_word' id='word_1_205' title='bbox 2383 3102 2514 3149; x_wconf 90' lang='lat' dir='ltr'>non</span> 
     </span>
     <span class='ocr_line' id='line_1_28' title="bbox 231 3187 2517 3283; baseline -0 -26"><span class='ocrx_word' id='word_1_206' title='bbox 231 3193 589 3281; x_wconf 87' lang='lat' dir='ltr'>reperietur</span> <span class='ocrx_word' id='word_1_207' title='bbox 618 3214 914 3283; x_wconf 89' lang='lat' dir='ltr'>expresse</span> <span class='ocrx_word' id='word_1_208' title='bbox 940 3191 1325 3276; x_wconf 87' lang='lat' dir='ltr'>attributum</span> <span class='ocrx_word' id='word_1_209' title='bbox 1365 3190 1491 3257; x_wconf 91' lang='lat' dir='ltr'>nisi</span> <span class='ocrx_word' id='word_1_210' title='bbox 1527 3189 1798 3276; x_wconf 81' lang='lat' dir='ltr'>unicum</span> <span class='ocrx_word' id='word_1_211' title='bbox 1820 3189 2145 3272; x_wconf 84' lang='lat' dir='ltr'>officium3</span> <span class='ocrx_word' id='word_1_212' title='bbox 2171 3187 2517 3278; x_wconf 88' lang='lat' dir='ltr'>praestandi</span> 
     </span>
     <span class='ocr_line' id='line_1_29' title="bbox 235 3293 2512 3390; baseline -0 -26"><span class='ocrx_word' id='word_1_213' title='bbox 235 3296 467 3370; x_wconf 88' lang='lat' dir='ltr'>scilicet</span> <span class='ocrx_word' id='word_1_214' title='bbox 485 3297 739 3390; x_wconf 88' lang='lat' dir='ltr'>consilii</span> <span class='ocrx_word' id='word_1_215' title='bbox 761 3296 1080 3387; x_wconf 89' lang='lat' dir='ltr'>Episcopo</span> <span class='ocrx_word' id='word_1_216' title='bbox 1115 3296 1186 3363; x_wconf 90' lang='lat' dir='ltr'>in</span> <span class='ocrx_word' id='word_1_217' title='bbox 1215 3294 1670 3366; x_wconf 85' lang='lat' dir='ltr'>constituenda</span> <span class='ocrx_word' id='word_1_218' title='bbox 1689 3300 1831 3361; x_wconf 84' lang='lat' dir='ltr'>taxa</span> <span class='ocrx_word' id='word_1_219' title='bbox 1855 3299 1915 3361; x_wconf 91' lang='lat' dir='ltr'>et</span> <span class='ocrx_word' id='word_1_220' title='bbox 1944 3293 2246 3362; x_wconf 90' lang='lat' dir='ltr'>uniendis</span> <span class='ocrx_word' id='word_1_221' title='bbox 2268 3295 2512 3363; x_wconf 90' lang='lat' dir='ltr'>benefi-</span> 
     </span>
     <span class='ocr_line' id='line_1_30' title="bbox 236 3399 2508 3472; baseline -0.002 0"><span class='ocrx_word' id='word_1_222' title='bbox 236 3406 343 3472; x_wconf 89' lang='lat' dir='ltr'>ciis</span> <span class='ocrx_word' id='word_1_223' title='bbox 371 3406 449 3472; x_wconf 91' lang='lat' dir='ltr'>ad</span> <span class='ocrx_word' id='word_1_224' title='bbox 469 3405 860 3472; x_wconf 87' lang='lat' dir='ltr'>erectionem</span> <span class='ocrx_word' id='word_1_225' title='bbox 886 3408 947 3469; x_wconf 90' lang='lat' dir='ltr'>et</span> <span class='ocrx_word' id='word_1_226' title='bbox 965 3403 1503 3470; x_wconf 86' lang='lat' dir='ltr'>sustentationem</span> <span class='ocrx_word' id='word_1_227' title='bbox 1524 3400 1879 3470; x_wconf 87' lang='lat' dir='ltr'>seminarii.</span> <span class='ocrx_word' id='word_1_228' title='bbox 1901 3399 2085 3469; x_wconf 88' lang='lat' dir='ltr'>Unde</span> <span class='ocrx_word' id='word_1_229' title='bbox 2102 3423 2230 3470; x_wconf 90' lang='lat' dir='ltr'>non</span> <span class='ocrx_word' id='word_1_230' title='bbox 2259 3403 2508 3469; x_wconf 89' lang='lat' dir='ltr'>mirum</span> 
     </span>
     <span class='ocr_line' id='line_1_31' title="bbox 234 3507 2514 3597; baseline -0.001 -20"><span class='ocrx_word' id='word_1_231' title='bbox 234 3518 320 3579; x_wconf 86' lang='lat' dir='ltr'>est</span> <span class='ocrx_word' id='word_1_232' title='bbox 343 3518 561 3580; x_wconf 89' lang='lat' dir='ltr'>ortum</span> <span class='ocrx_word' id='word_1_233' title='bbox 583 3533 720 3578; x_wconf 87' lang='lat' dir='ltr'>esse</span> <span class='ocrx_word' id='word_1_234' title='bbox 742 3509 1019 3577; x_wconf 91' lang='lat' dir='ltr'>dubium</span> <span class='ocrx_word' id='word_1_235' title='bbox 1044 3509 1278 3590; x_wconf 79' lang='lat' dir='ltr'>dehac</span> <span class='ocrx_word' id='word_1_236' title='bbox 1299 3531 1393 3592; x_wconf 84' lang='lat' dir='ltr'>re,</span> <span class='ocrx_word' id='word_1_237' title='bbox 1423 3514 1488 3577; x_wconf 91' lang='lat' dir='ltr'>et</span> <span class='ocrx_word' id='word_1_238' title='bbox 1521 3531 1558 3577; x_wconf 87' lang='lat' dir='ltr'>a</span> <span class='ocrx_word' id='word_1_239' title='bbox 1583 3507 1780 3578; x_wconf 87' lang='lat' dir='ltr'>Sacra</span> <span class='ocrx_word' id='word_1_240' title='bbox 1811 3508 2324 3597; x_wconf 84' lang='lat' dir='ltr'>Congregatione</span> <span class='ocrx_word' id='word_1_241' title='bbox 2356 3528 2514 3575; x_wconf 89' lang='lat' dir='ltr'>con-</span> 
     </span>
     <span class='ocr_line' id='line_1_32' title="bbox 233 3615 2517 3709; baseline -0.003 -26"><span class='ocrx_word' id='word_1_242' title='bbox 233 3616 357 3684; x_wconf 91' lang='lat' dir='ltr'>cilii</span> <span class='ocrx_word' id='word_1_243' title='bbox 383 3617 786 3709; x_wconf 88' lang='lat' dir='ltr'>postulatum</span> <span class='ocrx_word' id='word_1_244' title='bbox 815 3615 1008 3682; x_wconf 77' lang='lat' dir='ltr'>fuisse</span> <span class='ocrx_word' id='word_1_245' title='bbox 1036 3620 1261 3683; x_wconf 89' lang='lat' dir='ltr'>utrum</span> <span class='ocrx_word' id='word_1_246' title='bbox 1291 3637 1328 3682; x_wconf 89' lang='lat' dir='ltr'>a</span> <span class='ocrx_word' id='word_1_247' title='bbox 1361 3615 1550 3682; x_wconf 85' lang='lat' dir='ltr'>dictis</span> <span class='ocrx_word' id='word_1_248' title='bbox 1575 3615 1893 3704; x_wconf 88' lang='lat' dir='ltr'>deputatis</span> <span class='ocrx_word' id='word_1_249' title='bbox 1936 3615 2283 3682; x_wconf 90' lang='lat' dir='ltr'>consilium</span> <span class='ocrx_word' id='word_1_250' title='bbox 2329 3630 2517 3698; x_wconf 86' lang='lat' dir='ltr'>expe-</span> 
     </span>
     <span class='ocr_line' id='line_1_33' title="bbox 234 3720 2516 3811; baseline -0.004 -22"><span class='ocrx_word' id='word_1_251' title='bbox 234 3728 355 3793; x_wconf 89' lang='lat' dir='ltr'>tere</span> <span class='ocrx_word' id='word_1_252' title='bbox 383 3729 714 3793; x_wconf 88' lang='lat' dir='ltr'>teneretur</span> <span class='ocrx_word' id='word_1_253' title='bbox 736 3720 1098 3811; x_wconf 89' lang='lat' dir='ltr'>Episcopus</span> <span class='ocrx_word' id='word_1_254' title='bbox 1127 3721 1197 3787; x_wconf 93' lang='lat' dir='ltr'>in</span> <span class='ocrx_word' id='word_1_255' title='bbox 1227 3728 1359 3788; x_wconf 84' lang='lat' dir='ltr'>tota</span> <span class='ocrx_word' id='word_1_256' title='bbox 1386 3720 1637 3810; x_wconf 88' lang='lat' dir='ltr'>reliqua</span> <span class='ocrx_word' id='word_1_257' title='bbox 1666 3720 2220 3788; x_wconf 89' lang='lat' dir='ltr'>administratione</span> <span class='ocrx_word' id='word_1_258' title='bbox 2268 3723 2516 3803; x_wconf 90' lang='lat' dir='ltr'>tempo-</span> 
     </span>
     <span class='ocr_line' id='line_1_34' title="bbox 233 3818 2511 3921; baseline -0.002 -28"><span class='ocrx_word' id='word_1_259' title='bbox 233 3830 368 3897; x_wconf 85' lang='lat' dir='ltr'>rali.</span> <span class='ocrx_word' id='word_1_260' title='bbox 395 3828 829 3921; x_wconf 85' lang='lat' dir='ltr'>Congregatio</span> <span class='ocrx_word' id='word_1_261' title='bbox 853 3832 1073 3897; x_wconf 84' lang='lat' dir='ltr'>autern</span> <span class='ocrx_word' id='word_1_262' title='bbox 1118 3828 1339 3895; x_wconf 89' lang='lat' dir='ltr'>omnia</span> <span class='ocrx_word' id='word_1_263' title='bbox 1384 3827 1583 3896; x_wconf 88' lang='lat' dir='ltr'>dubia</span> <span class='ocrx_word' id='word_1_264' title='bbox 1638 3826 1899 3895; x_wconf 89' lang='lat' dir='ltr'>sustulit</span> <span class='ocrx_word' id='word_1_265' title='bbox 1957 3820 2377 3914; x_wconf 88' lang='lat' dir='ltr'>sequentibus</span> <span class='ocrx_word' id='word_1_266' title='bbox 2398 3818 2511 3889; x_wconf 86' lang='lat' dir='ltr'>de-</span> 
     </span>
     <span class='ocr_line' id='line_1_35' title="bbox 237 3934 714 4007; baseline 0.002 -6"><span class='ocrx_word' id='word_1_267' title='bbox 237 3934 714 4007; x_wconf 86' lang='lat' dir='ltr'>clarationibus.</span> 
     </span>
    </p>

    <p class='ocr_par' dir='ltr' id='par_1_5' title="bbox 248 4031 2518 4450">
     <span class='ocr_line' id='line_1_36' title="bbox 325 4031 2514 4134; baseline -0.002 -26"><span class='ocrx_word' id='word_1_268' title='bbox 325 4069 359 4109; x_wconf 87' lang='lat'>«</span> <span class='ocrx_word' id='word_1_269' title='bbox 386 4043 459 4112; x_wconf 91' lang='lat' dir='ltr'>ln</span> <span class='ocrx_word' id='word_1_270' title='bbox 485 4043 952 4124; x_wconf 88' lang='lat' dir='ltr'>Salernitana,</span> <span class='ocrx_word' id='word_1_271' title='bbox 972 4042 1311 4134; x_wconf 77' lang='lat' dir='ltr'>propositis</span> <span class='ocrx_word' id='word_1_272' title='bbox 1335 4041 1415 4109; x_wconf 88' lang='lat' dir='ltr'>ad</span> <span class='ocrx_word' id='word_1_273' title='bbox 1432 4041 1813 4133; x_wconf 86' lang='lat' dir='ltr'>petitionem</span> <span class='ocrx_word' id='word_1_274' title='bbox 1838 4034 2106 4125; x_wconf 89' lang='lat' dir='ltr'>capituli</span> <span class='ocrx_word' id='word_1_275' title='bbox 2133 4031 2514 4103; x_wconf 86' lang='lat' dir='ltr'>cathedralis</span> 
     </span>
     <span class='ocr_line' id='line_1_37' title="bbox 248 4138 2513 4233; baseline -0.002 -22"><span class='ocrx_word' id='word_1_276' title='bbox 248 4172 278 4211; x_wconf 88' lang='lat'>«</span> <span class='ocrx_word' id='word_1_277' title='bbox 305 4150 483 4218; x_wconf 88' lang='lat' dir='ltr'>inter</span> <span class='ocrx_word' id='word_1_278' title='bbox 498 4156 729 4219; x_wconf 85' lang='lat' dir='ltr'>caetera</span> <span class='ocrx_word' id='word_1_279' title='bbox 742 4152 915 4218; x_wconf 89' lang='lat' dir='ltr'>hisce</span> <span class='ocrx_word' id='word_1_280' title='bbox 926 4149 1144 4218; x_wconf 91' lang='lat' dir='ltr'>dubiis</span> <span class='ocrx_word' id='word_1_281' title='bbox 1160 4173 1175 4216; x_wconf 72' lang='grc' dir='ltr'>ε</span> <span class='ocrx_word' id='word_1_282' title='bbox 1192 4147 1391 4216; x_wconf 91' lang='lat'><em>-111.</em></span> <span class='ocrx_word' id='word_1_283' title='bbox 1411 4148 1519 4214; x_wconf 91' lang='lat' dir='ltr'>An</span> <span class='ocrx_word' id='word_1_284' title='bbox 1529 4146 1655 4213; x_wconf 91' lang='lat' dir='ltr'>alii</span> <span class='ocrx_word' id='word_1_285' title='bbox 1669 4152 1961 4233; x_wconf 82' lang='lat' dir='ltr'>quatuor</span> <span class='ocrx_word' id='word_1_286' title='bbox 1973 4139 2106 4207; x_wconf 88' lang='lat' dir='ltr'>sint</span> <span class='ocrx_word' id='word_1_287' title='bbox 2122 4138 2513 4230; x_wconf 87' lang='lat' dir='ltr'>deputandi,</span> 
     </span>
     <span class='ocr_line' id='line_1_38' title="bbox 249 4244 2518 4347; baseline -0.003 -30"><span class='ocrx_word' id='word_1_288' title='bbox 249 4277 282 4318; x_wconf 87' lang='lat'>«</span> <span class='ocrx_word' id='word_1_289' title='bbox 312 4269 373 4322; x_wconf 85' lang='lat' dir='ltr'>et</span> <span class='ocrx_word' id='word_1_290' title='bbox 399 4255 707 4347; x_wconf 86' lang='lat' dir='ltr'>deputati</span> <span class='ocrx_word' id='word_1_291' title='bbox 733 4253 1091 4323; x_wconf 71' lang='lat' dir='ltr'>adhibendi</span> <span class='ocrx_word' id='word_1_292' title='bbox 1114 4254 1253 4321; x_wconf 87' lang='lat' dir='ltr'>sint</span> <span class='ocrx_word' id='word_1_293' title='bbox 1280 4253 1351 4319; x_wconf 91' lang='lat' dir='ltr'>in</span> <span class='ocrx_word' id='word_1_294' title='bbox 1382 4250 1654 4320; x_wconf 87' lang='lat' dir='ltr'>consilio</span> <span class='ocrx_word' id='word_1_295' title='bbox 1701 4244 2164 4314; x_wconf 89' lang='lat' dir='ltr'>tantummodo</span> <span class='ocrx_word' id='word_1_296' title='bbox 2200 4245 2274 4311; x_wconf 89' lang='lat' dir='ltr'>in</span> <span class='ocrx_word' id='word_1_297' title='bbox 2325 4254 2518 4310; x_wconf 69' lang='lat' dir='ltr'>taaeae</span> 
     </span>
     <span class='ocr_line' id='line_1_39' title="bbox 251 4345 2517 4450; baseline -0.009 -21"><span class='ocrx_word' id='word_1_298' title='bbox 251 4384 283 4423; x_wconf 78' lang='grc' dir='ltr'>α</span> <span class='ocrx_word' id='word_1_299' title='bbox 327 4362 523 4447; x_wconf 88' lang='lat' dir='ltr'>tione,</span> <span class='ocrx_word' id='word_1_300' title='bbox 565 4363 1044 4433; x_wconf 87' lang='lat' dir='ltr'>contributione</span> <span class='ocrx_word' id='word_1_301' title='bbox 1084 4361 1433 4450; x_wconf 81' lang='lat' dir='ltr'>fructuum</span> <span class='ocrx_word' id='word_1_302' title='bbox 1469 4380 1550 4425; x_wconf 76' lang='lat' dir='ltr'>ex</span> <span class='ocrx_word' id='word_1_303' title='bbox 1580 4353 1825 4423; x_wconf 88' lang='lat' dir='ltr'>unione</span> <span class='ocrx_word' id='word_1_304' title='bbox 1861 4353 2319 4443; x_wconf 80' lang='lat' dir='ltr'>beneficiorum</span> <span class='ocrx_word' id='word_1_305' title='bbox 2345 4358 2410 4411; x_wconf 87' lang='lat' dir='ltr'>et</span> <span class='ocrx_word' id='word_1_306' title='bbox 2447 4345 2517 4409; x_wconf 88' lang='lat' dir='ltr'>in</span> 
     </span>
    </p>
   </div>
  </div>
 </body>
</html>
