2930 4982
1155 379 1232 424 us
1269 375 1599 426 culmus.
2394 371 2517 427 603

232 502 510 592 quisita:
563 505 624 567 et
675 500 764 568 ita
822 499 1142 589 erigimus
1193 503 1255 567 et
1304 498 1574 566 unimus
1624 496 1972 587 respective
2023 504 2156 566 tam
2200 500 2524 568 ordinaria

229 630 431 698 quam
455 608 744 697 delegata
771 609 1170 693 auctoritate,
1204 627 1277 675 ac
1306 604 1468 674 alias
1495 604 1698 672 omni.
1744 603 2011 694 Datum,
2038 611 2160 674 etc.

319 714 404 782 N.
448 713 808 805 Episcopus
832 712 914 780 N.

321 819 627 902 Lectum,
678 820 910 906 latum,
945 824 1008 886 et
1058 816 1464 909 publicatum
1518 816 1642 884 suit
1688 817 2136 907 supradictum
2188 819 2518 888 decretum

232 927 574 996 erectionis
602 926 968 1017 praebendae
991 924 1369 1013 theologalis
1390 924 1458 991 in
1482 923 1677 1010 Aula,
1704 929 1857 1006 etc„
1882 924 1985 991 die
2017 976 2033 992 .
2093 975 2107 992 .
2166 975 2182 993 .
2234 947 2518 1017 praesen-

236 1033 412 1101 tibus
437 1030 518 1098 N.
548 1029 632 1099 N.
664 1032 929 1101 testibus
963 1031 1326 1124 specialiter
1353 1029 1686 1112 adhibitis,
1718 1034 1779 1096 et
1802 1031 2068 1098 vocatiS.

1267 1155 1350 1224 N.
1385 1154 1827 1223 Cancellarius
1850 1155 2252 1246 episcopalis

1357 1398 1409 1453 V

268 1542 534 1606 Quomodo
556 1540 844 1605 praecedens
867 1538 1083 1590 formula
1108 1540 1270 1602 aptari
1299 1550 1446 1601 posse
1475 1537 1709 1589 videatur
1728 1540 1961 1602 praesenti
1992 1540 2146 1587 statui
2171 1536 2493 1588 ecclesiarum

1284 1625 1473 1677 Galliae.

333 1788 397 1852 10
420 1783 489 1853 Si
515 1784 872 1875 Episcopus
897 1807 1109 1875 neque
1129 1785 1201 1852 in
1221 1786 1479 1852 decreto
1499 1782 1952 1862 consistoriali,
1977 1804 2188 1871 neque
2212 1782 2277 1848 in
2300 1783 2529 1851 litteris

238 1891 604 1984 apostolicis
631 1892 1011 1960 mandatum
1040 1915 1077 1959 a
1109 1891 1384 1960 Summo
1420 1891 1732 1958 Pontifice
1774 1890 2085 1979 acceperit
2114 1889 2192 1955 de
2220 1889 2526 1977 erigenda

235 1997 586 2086 praebenda
629 1998 996 2085 theologali,
1032 1999 1178 2063 loco
1206 1998 1483 2065 verboru
1495 2019 1560 2063 m
1589 2018 1737 2084 quae
1767 1994 2345 2064 occurrunt'initio
2385 1997 2522 2062 for-

235 2102 461 2186 mulae,
525 2104 681 2191 poni
727 2108 970 2191 potest:
1033 2104 1206 2169 Cum
1263 2103 1338 2169 in
1387 2124 1792 2193 unaquaque
1821 2098 2199 2169 cathedrali
2254 2100 2522 2166 ecclesia

237 2226 501 2271 sacrum
543 2195 896 2273 concilium
963 2206 1436 2274 Tridentinum
1487 2207 1966 2297 praescripserit
1993 2203 2170 2295 eriqi
2202 2206 2520 2293 proebcn-

239 2308 398 2376 dam
443 2311 913 2408 theoloqalem,
965 2311 1376 2402 hucusque...
1435 2312 1730 2379 volentes
1786 2311 2008 2401 ἐρέτην
2071 2336 2192 2380 nos
2249 2312 2523 2379 decretis

225 2417 606 2508 proelibati2
619 2468 635 2486 .
651 2468 666 2483 .
2031 2429 2032 2434 ’

327 2525 396 2590 20
424 2523 493 2621 Si
519 2526 771 2593 collatio
790 2526 1206 2593 canonicatus
1237 2526 1305 2593 in
1348 2525 1773 2613 theologalem
1795 2525 2086 2615 erigendi
2112 2530 2275 2595 esset
2296 2527 2523 2595 simul·

235 2635 450 2719 tanea,
485 2654 603 2700 nec
628 2633 1013 2700 simultanea
1045 2631 1250 2699 divisa
1292 2631 1517 2699 fuisset
1545 2654 1660 2722 per
1689 2637 1989 2713 turnum,
2019 2633 2106 2702 ita
2130 2639 2205 2701 ut
2232 2656 2307 2701 ex
2330 2640 2526 2701 turno

236 2757 371 2803 non
432 2739 776 2826 pertineret
821 2738 897 2805 ad
953 2736 1373 2828 Episcopum,
1420 2739 1778 2806 omittenda
1830 2747 2042 2808 essent
2095 2741 2233 2808 haec
2286 2740 2517 2806 verba:

242 2841 451 2931 Cujus
474 2844 754 2910 collatio
785 2837 878 2910 ad
897 2868 1017 2913 nos
1051 2858 1329 2935 spectat.

328 2948 396 3017 3⁰
445 2949 514 3018 Si
547 2949 904 3040 Episcopus
931 2951 1009 3021 ad
1034 2973 1228 3040 quem
1260 2952 1539 3041 pertinet
1571 2951 1873 3045 modum,
1907 2951 2247 3019 materiam
2278 2956 2340 3018 et
2364 2955 2524 3017 tem-

236 3080 365 3148 pus
407 3057 761 3131 lectionum
805 3080 840 3124 a
875 3058 1190 3125 canonico
1225 3056 1573 3145 theologali
1593 3056 2046 3125 habendarum
2070 3057 2521 3136 determinare,

240 3161 424 3229 aliter
463 3185 663 3251 quam
705 3162 985 3252 sinqulis
1031 3161 1391 3231 dominicis.
1428 3162 1619 3229 vellet
1671 3162 1814 3228 fieri
1842 3161 2173 3246 lectiones,
2217 3162 2354 3228 haec
2382 3165 2526 3250 apte

241 3269 555 3335 mutanda
579 3268 788 3335 forent
813 3268 882 3335 in
906 3268 1207 3337 formula.

335 3375 403 3440 40
436 3373 498 3442 Si
524 3375 706 3441 nulla
726 3375 837 3442 fiat
862 3375 1021 3441 unio
1045 3373 1343 3441 beneficii
1370 3373 1721 3463 theologali
1753 3372 2143 3464 praebendae,
2174 3370 2529 3441 omittenda

231 3487 338 3548 *est
362 3485 489 3547 tota
517 3501 665 3568 pars
701 3480 1001 3548 formulae
1026 3481 1100 3547 ad
1130 3482 1300 3551 hanc
1322 3480 1637 3547 unionem
1663 3481 1953 3567 relativa,
1986 3485 2048 3546 et
2081 3479 2433 3547 dicendum
2458 3475 2527 3541 in

242 3586 375 3652 fine
402 3609 418 3651 t
442 3587 539 3652 Et
579 3582 679 3650 ita
719 3584 1034 3674 eriqimus
1066 3597 1206 3650 tam
1247 3585 1674 3652 ordinaria...

1341 3806 1431 3864 vl

437 3938 632 3987 Erectio
672 3935 953 4000 praebendae
985 3935 1364 3998 poenitentialis·
1404 3934 1572 3998 (Apud
1600 3933 1891 3993 Monacelli,
1926 3937 2004 3984 tit.
2033 3935 2081 3994 2,
2103 3931 2252 3982 form.
2283 3933 2350 3990 6.)

336 4090 507 4159 Cum
548 4091 620 4158 in
668 4092 790 4159 hac
831 4098 1049 4158 nostra
1078 4070 1429 4157 cathedrali
1470 4088 1735 4157 ecclesia
1775 4086 1858 4154 N.
1903 4092 2112 4155 erecta
2142 4082 2520 4153 adhuc¹non

244 4199 446 4267 fuer-it
500 4197 843 4287 praebenda
897 4196 1382 4288 poenitentialiS,
1433 4194 1566 4262 Nos
1606 4193 2012 4263 Sanctissimi
2055 4193 2134 4262 D.
2173 4192 2255 4262 N.
2286 4193 2389 4260 Pii
2436 4189 2526 4257 IX

235 4304 647 4394 jussionibus
684 4304 763 4370 ‘in
796 4304 1022 4371 litteris
1045 4301 1417 4393 apostolicis
1445 4300 1679 4369 nostrae
1707 4301 2131 4392 promotionis
2157 4300 2238 4367 ad
2265 4298 2528 4387 Episco-

246 4412 717 4503 patumtactis,
766 4420 828 4479 et
870 4411 1140 4479 decretis
1178 4409 1360 4479 Sacri
1399 4407 1663 4477 concilii
1704 4408 2070 4479 Tridentini
2109 4404 2369 4474 obedire
2418 4421 2523 4468 vo-
