2930 4982
1240 334 1317 380 on
1362 332 1694 381 ostanus.
2534 323 2615 382 37

325 483 359 521 «
387 457 538 524 lites
565 455 1072 534 dirimebantur,
1099 454 1244 522 aliis
1270 476 1346 523 ex
1365 455 1741 546 provinciis,
1775 457 1912 526 imo
1933 460 1997 525 et
2023 477 2061 525 a
2087 456 2623 548 patriarchatibus

324 589 360 630 ι(
393 543 543 631 aliis
567 563 649 630 ad
694 560 937 653 Papam
966 561 1311 650 devolutae,
1337 584 1458 630 nec
1487 562 1643 631 alibi
1681 563 1976 653 primurn
2027 586 2228 654 quam
2253 565 2326 632 in
2353 566 2496 654 ejus
2535 585 2628 633 se·

325 695 361 734 «
400 674 566 736 natu
613 689 726 736 seu
769 669 1150 736 consistorio
1206 667 1731 758 presbyterorum
1781 674 1845 736 et
1897 669 2327 737 diaconorum
2378 670 2629 759 discep-

326 800 360 841 «
390 777 634 859 tandae,
658 776 833 864 quod
857 774 1015 841 olim
1039 774 1265 842 Romae
1277 773 1784 866 presbyterium
1799 775 2157 860 dicebatur,
2180 796 2361 843 nunc
2382 775 2625 867 passim

322 907 357 947 «
393 884 470 950 in
496 881 843 951 Occidente
867 882 1255 972 capitulum.
1291 905 1328 946 n

411 985 486 1055 3⁰
532 987 637 1055 Ad
664 986 1062 1077 probandam
1091 989 1265 1055 hanc
1293 987 1564 1078 capituli
1606 1008 1722 1055 seu
1767 986 2149 1077 presbyterii
2187 988 2259 1055 in
2304 986 2629 1077 regimine

316 1093 622 1161 dioecesis
650 1093 1237 1184 participationem,
1268 1094 1421 1161 citat
1468 1093 1946 1162 Thomassinus
1976 1094 2139 1161 duos
2183 1093 2443 1161 concilii
2478 1091 2629 1160 Car-

318 1196 733 1290 thaginensis
781 1201 822 1266 4
852 1204 1130 1267 canones
1184 1224 1200 1266 τ
1262 1201 1637 1290 Episcopus
1686 1200 1827 1266 sinc
1880 1222 2196 1267 consensu
2245 1200 2628 1267 clericorum

319 1329 598 1374 suorum
642 1306 904 1374 clericos
944 1329 1080 1373 non
1117 1306 1379 1374 ordinet
1426 1307 1596 1398 (can.
1651 1304 1787 1397 22).
1856 1309 1942 1374 Ut
1992 1307 2365 1398 Episcopus
2391 1305 2630 1374 nullus

323 1435 598 1480 causam
627 1411 867 1480 audiat
899 1413 1142 1501 absque
1156 1419 1526 1503 proesentia
1556 1413 1947 1504 clericorum
1978 1435 2295 1482 suorum:
2321 1411 2628 1502 alioquin

318 1516 526 1585 irrita
572 1519 700 1585 erit
726 1518 1054 1586 sententia
1077 1517 1417 1608 Episcopi,
1453 1518 1588 1585 nisi
1613 1518 2007 1586 clericorum
2027 1517 2359 1587 sententia
2383 1515 2620 1605 confir-

318 1635 545 1691 metur
560 1624 701 1716 (can
713 1677 727 1692 .
751 1624 888 1714 23).
905 1662 997 1677 —-
1015 1623 1183 1692 Citat
1202 1630 1513 1716 praeterea
1529 1624 1999 1694 Thomassinus
2015 1623 2346 1715 sequentia
2361 1621 2628 1691 Patrum

319 1729 531 1803 dicta:
575 1733 672 1797 Et
694 1753 812 1799 nos
855 1730 1173 1799 habemus
1209 1741 1518 1798 senatum
1549 1742 1882 1813 nostrum,
1923 1743 2165 1799 coetum
2199 1728 2622 1820 presbytero-

319 1858 500 1904 rum.
553 1835 1016 1927 (Hieronymus
1066 1837 1137 1903 in
1167 1856 1226 1903 c.
1281 1834 1321 1904 3
1375 1834 1606 1925 lsaiae.)
1639 1839 1963 1904 Senatum
2008 1835 2407 1928 presbyterii
2450 1835 2634 1924 quod

321 1955 421 2011 est
443 1943 515 2010 in
533 1942 828 2028 civitate,
857 1951 921 2010 τὸ
949 1949 1209 2032 συνέδριον
1236 1958 1332 2012 τοῦ
1352 1949 1740 2034 πρεσὸυτηρίου
1769 1960 1870 2014 τοῦ
1901 1950 2045 2013 κατὰ
2071 1950 2171 2025 τὴν
2188 1954 2346 2012 πόλιν
2377 1940 2467 2030 (S.
2497 1939 2627 2008 Ba·

317 2049 531 2131 silius,
570 2049 756 2139 epist.
788 2047 973 2138 319.)
1029 2047 1417 2121 Consiliarii
1444 2058 1508 2114 et
1532 2069 1878 2117 assessores
1906 2048 2258 2140 Episcopi,
2297 2046 2367 2113 in
2396 2046 2619 2114 locum

313 2167 588 2223 senatus
615 2154 1116 2245 Apostolorum,
1149 2162 1442 2241 σύμὸουλοι
1494 2165 1589 2225 καὶ
1643 2164 1983 2247 συνεδρὲυταὶ
2039 2168 2134 2225 τοῦ
2178 2160 2491 2235 ἐπισκόπου,
2541 2162 2620 2227 εἰς

319 2271 486 2330 τόπον
514 2268 780 2350 συνεδρίου
804 2275 909 2328 τῶν
942 2271 1281 2328 ἀποστόλων.
1315 2258 1407 2346 (S.
1456 2262 1749 2348 Ignatius
1777 2266 2049 2346 martyr,
2081 2260 2163 2326 ad
2209 2255 2624 2346 Trallianos)

423 2363 492 2428 4⁰
530 2363 625 2430 lta
684 2362 1019 2430 concludit
1058 2362 1535 2430 Thomassinus
1592 2386 1610 2431 :
1666 2387 1701 2428 «
1748 2363 1843 2431 Ex
1897 2364 2004 2431 his
2059 2361 2397 2429 manifeste
2449 2366 2620 2452 patet

336 2466 631 2558 «primis
660 2467 763 2534 his
791 2467 1101 2535 Ecclesiae
1127 2467 1547 2540 adolescentis
1585 2469 1992 2560 temporibus
2033 2468 2283 2538 clerum
2331 2466 2620 2559 superio·

329 2600 363 2637 «
387 2596 529 2641 rem
561 2575 877 2664 cujusque
902 2573 1178 2642 civitatis
1202 2575 1272 2641 in
1293 2575 1646 2643 consilium
1680 2581 1742 2644 et
1769 2576 1956 2666 quasi
1985 2579 2283 2644 senatum
2314 2559 2617 2666 Episcopi

332 2682 729 2769 «coaluisse,
768 2687 830 2749 et
855 2686 996 2749 tum
1026 2682 1412 2773 spiritalem,
1444 2689 1591 2751 tum
1624 2683 1821 2752 etiam
1864 2681 2617 2775 temporalemadminis·

333 2813 366 2851 «
386 2788 731 2855 trationem
760 2787 1064 2856 Ecclesiae
1096 2790 1530 2879 capessivisse.
1590 2788 1683 2858 Ea
1710 2795 1856 2857 tum
1907 2789 2346 2880 capitulorum
2389 2785 2619 2876 primi-

220 2935 226 2940 ·
332 2919 364 2957 «
393 2894 584 2983 genia
602 2898 858 2979 natura,
893 2917 967 2962 ea
995 2901 1179 2963 erant
1202 2896 1436 2964 officia.
1469 2895 1841 2970 Communi
1865 2916 2000 2962 non
2019 2894 2370 2960 utebantur
2389 2890 2609 2978 domo,

334 3024 366 3063 «
394 3022 515 3068 nec
537 3023 786 3083 mensa,
818 3002 914 3067 uti
943 3023 1064 3068 nec
1088 3023 1267 3069 nunc
1296 3025 1313 3067 ε
1340 3003 1452 3070 sed
1474 3003 1546 3069 in
1572 3001 1911 3068 communi
1928 2997 2343 3088 possidebant
2354 3017 2455 3065 res
2481 3017 2616 3066 om·

333 3131 366 3170 «
385 3128 499 3173 nes
518 3105 847 3173 Ecclesiae.
860 3156 875 3172 .
893 3156 907 3171 .
922 3129 958 3168 »

412 3210 480 3278 5⁰
508 3210 783 3278 Exhibet
811 3217 1029 3301 postea
1069 3209 1541 3279 Thomassinus
1598 3210 1951 3298 collegium
2010 3207 2442 3276 cardinalium
2472 3212 2614 3275 tan-

325 3338 521 3405 quam
547 3322 1037 3407 permanentem
1068 3321 1130 3384 et
1174 3316 1724 3406 perfectissimum
1780 3315 2266 3407 primitivorum
2302 3312 2615 3403 capitulo-

329 3443 476 3489 rum
508 3428 739 3514 typum
784 3446 800 3490 ε
845 3450 879 3488 «
906 3422 1132 3492 Clerus
1173 3424 1366 3490 etiam
1400 3444 1581 3491 nunc
1627 3423 1937 3492 Romanae
1992 3421 2295 3490 Ecclesiae
2327 3421 2606 3486 sormam

335 3553 368 3591 «
403 3527 530 3617 prae
546 3551 610 3597 se
639 3530 758 3597 fert
781 3531 1373 3621 splendidissimam
1397 3531 2082 3621 expressissimamque
2108 3529 2249 3617 ejus
2277 3525 2462 3601 cleri,
2495 3525 2612 3613 qui

337 3635 555 3702 «olim
583 3636 859 3724 singulis
887 3636 954 3702 in
999 3637 1473 3704 cathedralibus
1497 3635 1786 3704 ecclesiis
1812 3635 2132 3726 Episcopo
2160 3630 2608 3720 copulabatur.

335 3766 370 3806 <a
397 3740 659 3809 Constat
681 3740 859 3810 enim
888 3738 1163 3805 Romani
1183 3740 1517 3808 Pontificis
1542 3742 1758 3809 clerus
1786 3738 2175 3830 presbyteris
2200 3733 2614 3823 diaconisque

335 3872 368 3913 α
406 3848 870 3935 cardinalibuS,
905 3867 1019 3915 seu
1048 3844 1424 3913 titularibus
1448 3846 1874 3912 ecclesiarum
1902 3842 2205 3911 omnium
2234 3840 2455 3909 Romae
2497 3864 2613 3933 pa-

338 3981 372 4022 «
398 3955 797 4025 rochialium
843 3954 1170 4047 parochiS,
1202 3975 1355 4022 cum
1406 3951 1718 4021 Pontifice
1750 3956 1813 4020 et
1843 3950 1967 4019 sub
1999 3948 2306 4019 Pontifice
2344 3943 2612 4043 conspi-

342 4088 375 4129 «
402 4064 700 4131 rantibus
728 4068 790 4130 et
817 4061 1361 4130 collaborantibus
1387 4061 1683 4130 Romano
1713 4061 1784 4127 in
1819 4059 2193 4127 consistorio
2223 4058 2307 4126 de
2337 4060 2611 4148 negotiis

338 4193 370 4232 «
402 4169 738 4258 omnibus,
770 4190 914 4258 quae
941 4190 1017 4234 ex
1047 4168 1380 4258 pontificia
1418 4166 1694 4258 spiritali
1727 4166 1998 4255 ditione,
2024 4187 2100 4233 ex
2130 4163 2457 4250 universo,
2504 4166 2611 4233 in·

341 4299 374 4340 «
399 4297 624 4363 quam,
653 4276 1005 4343 christiano
1034 4275 1188 4343 orbe
1224 4275 1498 4344 Romam
1525 4276 1913 4346 referuntur.
1944 4299 1977 4338 »
2011 4262 2028 4268 ’

421 4379 488 4445 6⁰
527 4378 760 4449 Probat
788 4382 985 4450 etiam
1015 4382 1505 4472 ThomassinUS‚
1534 4390 1794 4454 mortuo
1823 4388 1937 4452 aut
1963 4384 2159 4450 etiam
2184 4371 2612 4458 absente-Epi-
