<?xml version="1.0" encoding="UTF-8"?>
<!DOCTYPE html PUBLIC "-//W3C//DTD XHTML 1.0 Transitional//EN"
    "http://www.w3.org/TR/xhtml1/DTD/xhtml1-transitional.dtd">
<html xmlns="http://www.w3.org/1999/xhtml" xml:lang="en" lang="en">
 <head>
  <title>
</title>
<meta http-equiv="Content-Type" content="text/html;charset=utf-8" />
  <meta name='ocr-system' content='tesseract 3.04.00' />
  <meta name='ocr-capabilities' content='ocr_page ocr_carea ocr_par ocr_line ocrx_word'/>
</head>
<body>
  <div class='ocr_page' id='page_1' title='image "./tractatusdecapi00bouigoog_0099.png"; bbox 0 0 2930 4982; ppageno 0'>
   <div class='ocr_carea' id='block_1_1' title="bbox 1198 328 2579 388">
    <p class='ocr_par' dir='ltr' id='par_1_1' title="bbox 1198 328 2579 388">
     <span class='ocr_line' id='line_1_1' title="bbox 1198 328 2579 388; baseline 0.009 -14"><span class='ocrx_word' id='word_1_1' title='bbox 1198 329 1278 375; x_wconf 75' lang='lat' dir='ltr'><strong>DE</strong></span> <span class='ocrx_word' id='word_1_2' title='bbox 1324 328 1656 378; x_wconf 64' lang='lat' dir='ltr'><strong>cunnus.</strong></span> <span class='ocrx_word' id='word_1_3' title='bbox 2501 331 2579 388; x_wconf 71' lang='lat'><strong>‘19</strong></span> 
     </span>
    </p>
   </div>
   <div class='ocr_carea' id='block_1_2' title="bbox 239 447 2584 4349">
    <p class='ocr_par' dir='ltr' id='par_1_2' title="bbox 273 447 2584 1042">
     <span class='ocr_line' id='line_1_2' title="bbox 281 447 2579 546; baseline 0.007 -35"><span class='ocrx_word' id='word_1_4' title='bbox 281 447 520 535; x_wconf 91' lang='lat' dir='ltr'><strong>optime</strong></span> <span class='ocrx_word' id='word_1_5' title='bbox 550 448 859 514; x_wconf 84' lang='lat' dir='ltr'><strong>meritum</strong></span> <span class='ocrx_word' id='word_1_6' title='bbox 877 448 956 514; x_wconf 91' lang='lat' dir='ltr'><strong>de</strong></span> <span class='ocrx_word' id='word_1_7' title='bbox 974 447 1266 517; x_wconf 75' lang='lat' dir='ltr'><strong>Ecclesia</strong></span> <span class='ocrx_word' id='word_1_8' title='bbox 1291 451 1509 519; x_wconf 80' lang='lat' dir='ltr'><strong>virum</strong></span> <span class='ocrx_word' id='word_1_9' title='bbox 1525 474 1787 543; x_wconf 68' lang='lat' dir='ltr'><strong>auqem,</strong></span> <span class='ocrx_word' id='word_1_10' title='bbox 1804 465 1881 521; x_wconf 80' lang='lat' dir='ltr'><strong>ut</strong></span> <span class='ocrx_word' id='word_1_11' title='bbox 1908 453 2173 523; x_wconf 73' lang='lat' dir='ltr'><strong>minuas</strong></span> <span class='ocrx_word' id='word_1_12' title='bbox 2182 475 2214 539; x_wconf 87' lang='lat'><strong>,·</strong></span> <span class='ocrx_word' id='word_1_13' title='bbox 2236 457 2579 546; x_wconf 76' lang='lat' dir='ltr'><em>extollere,</em></span> 
     </span>
     <span class='ocr_line' id='line_1_3' title="bbox 282 549 2584 651; baseline 0.007 -34"><span class='ocrx_word' id='word_1_14' title='bbox 282 563 357 618; x_wconf 85' lang='lat' dir='ltr'><strong>ut</strong></span> <span class='ocrx_word' id='word_1_15' title='bbox 394 549 750 641; x_wconf 81' lang='lat' dir='ltr'><strong><em>deprimas.</em></strong></span> <span class='ocrx_word' id='word_1_16' title='bbox 784 553 1228 642; x_wconf 85' lang='lat' dir='ltr'><strong>Dejectionem</strong></span> <span class='ocrx_word' id='word_1_17' title='bbox 1268 555 1630 625; x_wconf 85' lang='lat' dir='ltr'><strong>innocentis</strong></span> <span class='ocrx_word' id='word_1_18' title='bbox 1664 580 1793 648; x_wconf 82' lang='lat' dir='ltr'><strong>per</strong></span> <span class='ocrx_word' id='word_1_19' title='bbox 1841 560 2112 650; x_wconf 66' lang='lat' dir='ltr'><strong>speciem</strong></span> <span class='ocrx_word' id='word_1_20' title='bbox 2128 563 2584 651; x_wconf 74' lang='lat' dir='ltr'><em>provectionis</em></span> 
     </span>
     <span class='ocr_line' id='line_1_4' title="bbox 282 656 2580 752; baseline 0.007 -30"><span class='ocrx_word' id='word_1_21' title='bbox 282 656 665 747; x_wconf 76' lang='lat' dir='ltr'><strong>implevit.»</strong></span> <span class='ocrx_word' id='word_1_22' title='bbox 717 657 1107 748; x_wconf 87' lang='lat' dir='ltr'><strong>(Thomass.,</strong></span> <span class='ocrx_word' id='word_1_23' title='bbox 1163 660 1305 729; x_wconf 90' lang='lat' dir='ltr'><strong>loco</strong></span> <span class='ocrx_word' id='word_1_24' title='bbox 1356 662 1628 752; x_wconf 89' lang='lat' dir='ltr'><strong>citato.)</strong></span> <span class='ocrx_word' id='word_1_25' title='bbox 1679 662 1902 732; x_wconf 88' lang='lat' dir='ltr'><strong>Paruit</strong></span> <span class='ocrx_word' id='word_1_26' title='bbox 1942 663 2235 734; x_wconf 86' lang='lat' dir='ltr'><strong>Romano</strong></span> <span class='ocrx_word' id='word_1_27' title='bbox 2280 666 2580 739; x_wconf 83' lang='lat' dir='ltr'><strong>Pontifici</strong></span> 
     </span>
     <span class='ocr_line' id='line_1_5' title="bbox 278 763 2576 856; baseline 0.005 -25"><span class='ocrx_word' id='word_1_28' title='bbox 278 763 642 844; x_wconf 85' lang='lat' dir='ltr'><strong>Anatolius‚</strong></span> <span class='ocrx_word' id='word_1_29' title='bbox 689 764 1047 832; x_wconf 85' lang='lat' dir='ltr'><strong>amovendo</strong></span> <span class='ocrx_word' id='word_1_30' title='bbox 1099 765 1292 832; x_wconf 91' lang='lat' dir='ltr'><strong>illum</strong></span> <span class='ocrx_word' id='word_1_31' title='bbox 1315 788 1518 855; x_wconf 87' lang='lat' dir='ltr'><strong>quem</strong></span> <span class='ocrx_word' id='word_1_32' title='bbox 1550 768 1968 837; x_wconf 77' lang='lat' dir='ltr'><strong>substituerat</strong></span> <span class='ocrx_word' id='word_1_33' title='bbox 2013 770 2576 856; x_wconf 75' lang='lat' dir='ltr'><strong>archidiaconum,</strong></span> 
     </span>
     <span class='ocr_line' id='line_1_6' title="bbox 277 868 2579 958; baseline 0.006 -22"><span class='ocrx_word' id='word_1_34' title='bbox 277 876 334 936; x_wconf 86' lang='lat' dir='ltr'><strong>et</strong></span> <span class='ocrx_word' id='word_1_35' title='bbox 415 868 608 937; x_wconf 86' lang='lat' dir='ltr'><strong>Aetio</strong></span> <span class='ocrx_word' id='word_1_36' title='bbox 673 870 826 937; x_wconf 89' lang='lat' dir='ltr'><strong>licet</strong></span> <span class='ocrx_word' id='word_1_37' title='bbox 889 871 1031 958; x_wconf 83' lang='lat' dir='ltr'><strong>jam</strong></span> <span class='ocrx_word' id='word_1_38' title='bbox 1096 872 1410 940; x_wconf 90' lang='lat' dir='ltr'><strong>sacerdoti</strong></span> <span class='ocrx_word' id='word_1_39' title='bbox 1507 874 1579 942; x_wconf 92' lang='lat' dir='ltr'><strong>in</strong></span> <span class='ocrx_word' id='word_1_40' title='bbox 1650 874 1945 943; x_wconf 86' lang='lat' dir='ltr'><strong>officium</strong></span> <span class='ocrx_word' id='word_1_41' title='bbox 2019 876 2579 950; x_wconf 81' lang='lat' dir='ltr'><strong>archidiaconatus</strong></span> 
     </span>
     <span class='ocr_line' id='line_1_7' title="bbox 273 975 965 1042; baseline 0.001 -1"><span class='ocrx_word' id='word_1_42' title='bbox 273 975 695 1042; x_wconf 81' lang='lat' dir='ltr'><strong>restituendo.</strong></span> <span class='ocrx_word' id='word_1_43' title='bbox 960 1000 965 1005; x_wconf 90' lang='lat'><em>·</em></span> 
     </span>
    </p>

    <p class='ocr_par' dir='ltr' id='par_1_3' title="bbox 252 1074 2580 2128">
     <span class='ocr_line' id='line_1_8' title="bbox 356 1074 2579 1179; baseline 0.005 -30"><span class='ocrx_word' id='word_1_44' title='bbox 356 1080 678 1150; x_wconf 81' lang='lat' dir='ltr'>Probatur</span> <span class='ocrx_word' id='word_1_45' title='bbox 693 1085 769 1148; x_wconf 78' lang='lat' dir='ltr'><strong>e&#39;x</strong></span> <span class='ocrx_word' id='word_1_46' title='bbox 795 1082 959 1150; x_wconf 82' lang='lat' dir='ltr'><strong>facto</strong></span> <span class='ocrx_word' id='word_1_47' title='bbox 995 1083 1108 1150; x_wconf 91' lang='lat' dir='ltr'><strong>illo</strong></span> <span class='ocrx_word' id='word_1_48' title='bbox 1155 1074 1673 1171; x_wconf 81' lang='lat' dir='ltr'><strong>archidiaconos,</strong></span> <span class='ocrx_word' id='word_1_49' title='bbox 1725 1086 1880 1153; x_wconf 90' lang='lat' dir='ltr'><strong>licet</strong></span> <span class='ocrx_word' id='word_1_50' title='bbox 1930 1085 2160 1155; x_wconf 82' lang='lat' dir='ltr'><strong>ordine</strong></span> <span class='ocrx_word' id='word_1_51' title='bbox 2194 1089 2579 1179; x_wconf 68' lang='lat' dir='ltr'><strong>presbyteris</strong></span> 
     </span>
     <span class='ocr_line' id='line_1_9' title="bbox 269 1188 2580 1285; baseline 0.005 -31"><span class='ocrx_word' id='word_1_52' title='bbox 269 1188 630 1272; x_wconf 64' lang='lat' dir='ltr'><strong>inferiores²</strong></span> <span class='ocrx_word' id='word_1_53' title='bbox 669 1188 982 1277; x_wconf 79' lang='lat' dir='ltr'><strong>dignitate</strong></span> <span class='ocrx_word' id='word_1_54' title='bbox 1017 1195 1237 1258; x_wconf 85' lang='lat' dir='ltr'><strong>tamen</strong></span> <span class='ocrx_word' id='word_1_55' title='bbox 1264 1191 1409 1279; x_wconf 84' lang='lat' dir='ltr'><strong>jam</strong></span> <span class='ocrx_word' id='word_1_56' title='bbox 1455 1192 1544 1259; x_wconf 81' lang='lat' dir='ltr'><strong>ab</strong></span> <span class='ocrx_word' id='word_1_57' title='bbox 1601 1192 1904 1261; x_wconf 83' lang='lat' dir='ltr'><strong>Ecclesiae</strong></span> <span class='ocrx_word' id='word_1_58' title='bbox 1954 1192 2160 1261; x_wconf 88' lang='lat' dir='ltr'><strong>initiis</strong></span> <span class='ocrx_word' id='word_1_59' title='bbox 2210 1199 2580 1285; x_wconf 75' lang='lat' dir='ltr'><strong>superiores</strong></span> 
     </span>
     <span class='ocr_line' id='line_1_10' title="bbox 265 1290 2572 1391; baseline 0.005 -32"><span class='ocrx_word' id='word_1_60' title='bbox 265 1290 787 1363; x_wconf 73' lang='lat' dir='ltr'><strong>habitosfnisse.</strong></span> <span class='ocrx_word' id='word_1_61' title='bbox 817 1294 951 1362; x_wconf 90' lang='lat' dir='ltr'><strong>Nec</strong></span> <span class='ocrx_word' id='word_1_62' title='bbox 1006 1295 1366 1380; x_wconf 64' lang='lat' dir='ltr'><strong>immet-itm</strong></span> <span class='ocrx_word' id='word_1_63' title='bbox 1420 1319 1580 1365; x_wconf 90' lang='lat' dir='ltr'><strong>cum</strong></span> <span class='ocrx_word' id='word_1_64' title='bbox 1619 1299 1799 1365; x_wconf 87' lang='lat' dir='ltr'><strong>enim</strong></span> <span class='ocrx_word' id='word_1_65' title='bbox 1846 1304 2059 1366; x_wconf 87' lang='lat' dir='ltr'><strong>essent</strong></span> <span class='ocrx_word' id='word_1_66' title='bbox 2093 1298 2572 1391; x_wconf 88' lang='lat' dir='ltr'><strong>Episcoporum</strong></span> 
     </span>
     <span class='ocr_line' id='line_1_11' title="bbox 264 1401 2570 1497; baseline 0.006 -33"><span class='ocrx_word' id='word_1_67' title='bbox 264 1419 521 1487; x_wconf 7' lang='lat' dir='ltr'><strong>manus?</strong></span> <span class='ocrx_word' id='word_1_68' title='bbox 564 1405 627 1467; x_wconf 79' lang='lat' dir='ltr'><strong>et</strong></span> <span class='ocrx_word' id='word_1_69' title='bbox 679 1401 878 1484; x_wconf 86' lang='lat' dir='ltr'><strong>oculi,</strong></span> <span class='ocrx_word' id='word_1_70' title='bbox 928 1407 1000 1468; x_wconf 86' lang='lat' dir='ltr'><strong>ut</strong></span> <span class='ocrx_word' id='word_1_71' title='bbox 1050 1424 1157 1469; x_wconf 91' lang='lat' dir='ltr'><strong>eos</strong></span> <span class='ocrx_word' id='word_1_72' title='bbox 1194 1405 1640 1471; x_wconf 82' lang='lat' dir='ltr'><strong>tota.traditio</strong></span> <span class='ocrx_word' id='word_1_73' title='bbox 1666 1412 1879 1490; x_wconf 80' lang='lat' dir='ltr'><strong>vocat,</strong></span> <span class='ocrx_word' id='word_1_74' title='bbox 1913 1405 2263 1494; x_wconf 77' lang='lat' dir='ltr'><strong>ipsammet</strong></span> <span class='ocrx_word' id='word_1_75' title='bbox 2311 1429 2443 1497; x_wconf 81' lang='lat' dir='ltr'><strong>prae</strong></span> <span class='ocrx_word' id='word_1_76' title='bbox 2501 1430 2570 1478; x_wconf 87' lang='lat' dir='ltr'><strong>se</strong></span> 
     </span>
     <span class='ocr_line' id='line_1_12' title="bbox 262 1503 2567 1600; baseline 0.005 -29"><span class='ocrx_word' id='word_1_77' title='bbox 262 1503 953 1595; x_wconf 80' lang='lat' dir='ltr'><strong>ferebantdignitatem</strong></span> <span class='ocrx_word' id='word_1_78' title='bbox 979 1509 1440 1598; x_wconf 87' lang='lat' dir='ltr'><strong>episcopalem,</strong></span> <span class='ocrx_word' id='word_1_79' title='bbox 1497 1531 1645 1598; x_wconf 81' lang='lat' dir='ltr'><strong>quae</strong></span> <span class='ocrx_word' id='word_1_80' title='bbox 1678 1508 2054 1579; x_wconf 87' lang='lat' dir='ltr'><strong>sacerdotali</strong></span> <span class='ocrx_word' id='word_1_81' title='bbox 2109 1513 2403 1600; x_wconf 88' lang='lat' dir='ltr'><strong>superior</strong></span> <span class='ocrx_word' id='word_1_82' title='bbox 2452 1520 2567 1582; x_wconf 88' lang='lat' dir='ltr'><strong>est.</strong></span> 
     </span>
     <span class='ocr_line' id='line_1_13' title="bbox 262 1611 2572 1697; baseline 0.003 -17"><span class='ocrx_word' id='word_1_83' title='bbox 262 1611 366 1681; x_wconf 89' lang='lat' dir='ltr'><strong>Sic</strong></span> <span class='ocrx_word' id='word_1_84' title='bbox 387 1617 587 1682; x_wconf 88' lang='lat' dir='ltr'><strong>etiam</strong></span> <span class='ocrx_word' id='word_1_85' title='bbox 608 1615 799 1681; x_wconf 83' lang='lat' dir='ltr'><strong>hodie</strong></span> <span class='ocrx_word' id='word_1_86' title='bbox 816 1614 1217 1697; x_wconf 78' lang='lat' dir='ltr'><strong>Cardinales‚</strong></span> <span class='ocrx_word' id='word_1_87' title='bbox 1248 1615 1396 1683; x_wconf 89' lang='lat' dir='ltr'><strong>licet</strong></span> <span class='ocrx_word' id='word_1_88' title='bbox 1423 1616 1798 1683; x_wconf 77' lang='lat' dir='ltr'><strong>diaconatus</strong></span> <span class='ocrx_word' id='word_1_89' title='bbox 1829 1615 2283 1683; x_wconf 86' lang='lat' dir='ltr'><strong>tantummodo</strong></span> <span class='ocrx_word' id='word_1_90' title='bbox 2339 1620 2572 1689; x_wconf 88' lang='lat' dir='ltr'><strong>ordine</strong></span> 
     </span>
     <span class='ocr_line' id='line_1_14' title="bbox 259 1718 2570 1815; baseline 0.005 -31"><span class='ocrx_word' id='word_1_91' title='bbox 259 1718 584 1806; x_wconf 81' lang='lat' dir='ltr'><strong>insigniti,</strong></span> <span class='ocrx_word' id='word_1_92' title='bbox 615 1721 968 1811; x_wconf 89' lang='lat' dir='ltr'><strong>Episcopos</strong></span> <span class='ocrx_word' id='word_1_93' title='bbox 1005 1726 1068 1788; x_wconf 87' lang='lat' dir='ltr'><strong>et</strong></span> <span class='ocrx_word' id='word_1_94' title='bbox 1112 1721 1511 1811; x_wconf 83' lang='lat' dir='ltr'><strong>patriarchas</strong></span> <span class='ocrx_word' id='word_1_95' title='bbox 1559 1722 1871 1809; x_wconf 80' lang='lat' dir='ltr'><strong>dignitate</strong></span> <span class='ocrx_word' id='word_1_96' title='bbox 1907 1730 2239 1812; x_wconf 87' lang='lat' dir='ltr'><strong>superant,</strong></span> <span class='ocrx_word' id='word_1_97' title='bbox 2273 1746 2349 1792; x_wconf 90' lang='lat' dir='ltr'><strong>eo</strong></span> <span class='ocrx_word' id='word_1_98' title='bbox 2393 1727 2570 1815; x_wconf 90' lang='lat' dir='ltr'><strong>quod</strong></span> 
     </span>
     <span class='ocr_line' id='line_1_15' title="bbox 259 1825 2570 1922; baseline 0.005 -33"><span class='ocrx_word' id='word_1_99' title='bbox 259 1825 396 1890; x_wconf 83' lang='lat' dir='ltr'><strong>sint</strong></span> <span class='ocrx_word' id='word_1_100' title='bbox 461 1827 756 1895; x_wconf 90' lang='lat' dir='ltr'><strong>membra</strong></span> <span class='ocrx_word' id='word_1_101' title='bbox 827 1850 946 1918; x_wconf 91' lang='lat' dir='ltr'><strong>per</strong></span> <span class='ocrx_word' id='word_1_102' title='bbox 1000 1849 1149 1916; x_wconf 85' lang='lat' dir='ltr'><strong>quae</strong></span> <span class='ocrx_word' id='word_1_103' title='bbox 1205 1826 1529 1896; x_wconf 87' lang='lat' dir='ltr'><strong>Summus</strong></span> <span class='ocrx_word' id='word_1_104' title='bbox 1582 1825 1876 1897; x_wconf 81' lang='lat' dir='ltr'><strong>Pontifex</strong></span> <span class='ocrx_word' id='word_1_105' title='bbox 1926 1828 2360 1899; x_wconf 84' lang='lat' dir='ltr'><strong>universalem</strong></span> <span class='ocrx_word' id='word_1_106' title='bbox 2401 1835 2570 1922; x_wconf 86' lang='lat' dir='ltr'><strong>regit</strong></span> 
     </span>
     <span class='ocr_line' id='line_1_16' title="bbox 254 1928 2571 2027; baseline 0.003 -30"><span class='ocrx_word' id='word_1_107' title='bbox 254 1928 645 2020; x_wconf 84' lang='lat' dir='ltr'><strong>Ecclesiam,</strong></span> <span class='ocrx_word' id='word_1_108' title='bbox 716 1933 893 2001; x_wconf 89' lang='lat' dir='ltr'><strong>unde</strong></span> <span class='ocrx_word' id='word_1_109' title='bbox 926 1940 991 2000; x_wconf 92' lang='lat' dir='ltr'><strong>et</strong></span> <span class='ocrx_word' id='word_1_110' title='bbox 1044 1934 1483 2022; x_wconf 85' lang='lat' dir='ltr'><strong>pontificalem</strong></span> <span class='ocrx_word' id='word_1_111' title='bbox 1541 1940 2007 2025; x_wconf 69' lang='lat' dir='ltr'><strong>repraesentant</strong></span> <span class='ocrx_word' id='word_1_112' title='bbox 2047 1957 2123 2003; x_wconf 90' lang='lat' dir='ltr'><strong>ac</strong></span> <span class='ocrx_word' id='word_1_113' title='bbox 2179 1938 2571 2027; x_wconf 82' lang='lat' dir='ltr'><strong>participant</strong></span> 
     </span>
     <span class='ocr_line' id='line_1_17' title="bbox 252 2035 1628 2128; baseline 0.004 -26"><span class='ocrx_word' id='word_1_114' title='bbox 252 2035 666 2126; x_wconf 81' lang='lat' dir='ltr'><strong>dignitatem,</strong></span> <span class='ocrx_word' id='word_1_115' title='bbox 696 2039 806 2106; x_wconf 91' lang='lat' dir='ltr'><strong>cui</strong></span> <span class='ocrx_word' id='word_1_116' title='bbox 839 2038 1026 2106; x_wconf 90' lang='lat' dir='ltr'><strong>nulla</strong></span> <span class='ocrx_word' id='word_1_117' title='bbox 1055 2060 1188 2106; x_wconf 90' lang='lat' dir='ltr'><strong>non</strong></span> <span class='ocrx_word' id='word_1_118' title='bbox 1238 2039 1628 2128; x_wconf 58' lang='lat' dir='ltr'><strong>subjicitur:</strong></span> 
     </span>
    </p>

    <p class='ocr_par' dir='ltr' id='par_1_4' title="bbox 239 2143 2572 3818">
     <span class='ocr_line' id='line_1_18' title="bbox 340 2143 2572 2234; baseline 0.001 -22"><span class='ocrx_word' id='word_1_119' title='bbox 340 2145 563 2225; x_wconf 87' lang='lat' dir='ltr'><strong>Quam</strong></span> <span class='ocrx_word' id='word_1_120' title='bbox 606 2145 1145 2212; x_wconf 85' lang='lat' dir='ltr'><strong>archidiaconalis</strong></span> <span class='ocrx_word' id='word_1_121' title='bbox 1193 2143 1532 2234; x_wconf 87' lang='lat' dir='ltr'><strong>dignitatis</strong></span> <span class='ocrx_word' id='word_1_122' title='bbox 1584 2164 1781 2233; x_wconf 88' lang='lat' dir='ltr'><strong>super</strong></span> <span class='ocrx_word' id='word_1_123' title='bbox 1843 2144 2355 2232; x_wconf 71' lang='lat' dir='ltr'><strong>presbyteratum</strong></span> <span class='ocrx_word' id='word_1_124' title='bbox 2403 2149 2572 2216; x_wconf 89' lang='lat' dir='ltr'><strong>emi-</strong></span> 
     </span>
     <span class='ocr_line' id='line_1_19' title="bbox 244 2245 2568 2336; baseline 0.001 -20"><span class='ocrx_word' id='word_1_125' title='bbox 244 2253 556 2318; x_wconf 85' lang='lat' dir='ltr'><strong>nentiam</strong></span> <span class='ocrx_word' id='word_1_126' title='bbox 581 2251 821 2316; x_wconf 76' lang='lat' dir='ltr'><strong>invicte</strong></span> <span class='ocrx_word' id='word_1_127' title='bbox 843 2251 1109 2335; x_wconf 80' lang='lat' dir='ltr'><strong>insuper</strong></span> <span class='ocrx_word' id='word_1_128' title='bbox 1128 2250 1407 2336; x_wconf 86' lang='lat' dir='ltr'><strong>probant</strong></span> <span class='ocrx_word' id='word_1_129' title='bbox 1440 2249 1586 2313; x_wconf 79' lang='lat' dir='ltr'><strong>haec</strong></span> <span class='ocrx_word' id='word_1_130' title='bbox 1631 2248 1839 2315; x_wconf 87' lang='lat' dir='ltr'><strong>sancti</strong></span> <span class='ocrx_word' id='word_1_131' title='bbox 1894 2245 2284 2334; x_wconf 70' lang='lat' dir='ltr'><strong>Hieronymi</strong></span> <span class='ocrx_word' id='word_1_132' title='bbox 2329 2251 2568 2320; x_wconf 85' lang='lat' dir='ltr'><strong>verba:</strong></span> 
     </span>
     <span class='ocr_line' id='line_1_20' title="bbox 245 2349 2572 2440; baseline 0.002 -21"><span class='ocrx_word' id='word_1_133' title='bbox 245 2356 458 2420; x_wconf 77' lang='lat' dir='ltr'><strong>Certe</strong></span> <span class='ocrx_word' id='word_1_134' title='bbox 477 2353 594 2440; x_wconf 83' lang='lat' dir='ltr'><strong>qui</strong></span> <span class='ocrx_word' id='word_1_135' title='bbox 600 2352 862 2440; x_wconf 75' lang='lat' dir='ltr'><strong>primus</strong></span> <span class='ocrx_word' id='word_1_136' title='bbox 879 2352 1086 2439; x_wconf 78' lang='lat' dir='ltr'><strong>fuerit</strong></span> <span class='ocrx_word' id='word_1_137' title='bbox 1110 2350 1600 2434; x_wconf 81' lang='lat' dir='ltr'><strong>ministrorum,</strong></span> <span class='ocrx_word' id='word_1_138' title='bbox 1626 2349 1788 2438; x_wconf 80' lang='lat' dir='ltr'><strong>quia</strong></span> <span class='ocrx_word' id='word_1_139' title='bbox 1801 2371 1937 2439; x_wconf 85' lang='lat' dir='ltr'><strong>per</strong></span> <span class='ocrx_word' id='word_1_140' title='bbox 1980 2350 2262 2440; x_wconf 76' lang='lat' dir='ltr'><strong>sinqula</strong></span> <span class='ocrx_word' id='word_1_141' title='bbox 2315 2356 2572 2429; x_wconf 78' lang='lat' dir='ltr'><strong>concio·</strong></span> 
     </span>
     <span class='ocr_line' id='line_1_21' title="bbox 239 2455 2565 2550; baseline 0.001 -23"><span class='ocrx_word' id='word_1_142' title='bbox 239 2471 467 2527; x_wconf 81' lang='lat' dir='ltr'><strong>natur</strong></span> <span class='ocrx_word' id='word_1_143' title='bbox 493 2458 562 2525; x_wconf 86' lang='lat' dir='ltr'><strong>in</strong></span> <span class='ocrx_word' id='word_1_144' title='bbox 591 2456 907 2546; x_wconf 76' lang='lat' dir='ltr'><strong>populos,</strong></span> <span class='ocrx_word' id='word_1_145' title='bbox 941 2467 1006 2522; x_wconf 85' lang='lat' dir='ltr'><strong>et</strong></span> <span class='ocrx_word' id='word_1_146' title='bbox 1034 2479 1077 2521; x_wconf 85' lang='lat' dir='ltr'><em>a</em></span> <span class='ocrx_word' id='word_1_147' title='bbox 1101 2455 1452 2544; x_wconf 76' lang='lat' dir='ltr'><strong>Pontificis</strong></span> <span class='ocrx_word' id='word_1_148' title='bbox 1494 2456 1703 2523; x_wconf 82' lang='lat' dir='ltr'><strong>latere</strong></span> <span class='ocrx_word' id='word_1_149' title='bbox 1751 2477 1885 2524; x_wconf 90' lang='lat' dir='ltr'><strong>non</strong></span> <span class='ocrx_word' id='word_1_150' title='bbox 1927 2455 2194 2541; x_wconf 78' lang='lat' dir='ltr'><strong>recedit,</strong></span> <span class='ocrx_word' id='word_1_151' title='bbox 2243 2458 2565 2550; x_wconf 78' lang='lat' dir='ltr'><strong>injuriam</strong></span> 
     </span>
     <span class='ocr_line' id='line_1_22' title="bbox 242 2559 2560 2659; baseline 0.003 -29"><span class='ocrx_word' id='word_1_152' title='bbox 242 2575 455 2652; x_wconf 77' lang='lat' dir='ltr'><strong>putat</strong></span> <span class='ocrx_word' id='word_1_153' title='bbox 486 2563 554 2630; x_wconf 71' lang='lat' dir='ltr'><strong>=si</strong></span> <span class='ocrx_word' id='word_1_154' title='bbox 580 2560 931 2652; x_wconf 71' lang='lat' dir='ltr'><strong>presbyter</strong></span> <span class='ocrx_word' id='word_1_155' title='bbox 985 2559 1362 2628; x_wconf 76' lang='lat' dir='ltr'><strong>ordinatur.</strong></span> <span class='ocrx_word' id='word_1_156' title='bbox 1432 2560 1531 2650; x_wconf 89' lang='lat' dir='ltr'><strong>(In</strong></span> <span class='ocrx_word' id='word_1_157' title='bbox 1587 2561 1844 2648; x_wconf 87' lang='lat' dir='ltr'><strong>Ezech.‚</strong></span> <span class='ocrx_word' id='word_1_158' title='bbox 1908 2584 2048 2654; x_wconf 85' lang='lat' dir='ltr'><strong>cap.</strong></span> <span class='ocrx_word' id='word_1_159' title='bbox 2119 2564 2323 2634; x_wconf 88' lang='lat'><strong>18.—</strong></span> <span class='ocrx_word' id='word_1_160' title='bbox 2365 2568 2560 2659; x_wconf 90' lang='lat' dir='ltr'><strong>Apud</strong></span> 
     </span>
     <span class='ocr_line' id='line_1_23' title="bbox 246 2667 2564 2759; baseline 0.003 -24"><span class='ocrx_word' id='word_1_161' title='bbox 246 2668 783 2752; x_wconf 85' lang='lat' dir='ltr'><strong>Thomassinum‚</strong></span> <span class='ocrx_word' id='word_1_162' title='bbox 829 2668 951 2740; x_wconf 84' lang='lat' dir='ltr'><strong>loc.</strong></span> <span class='ocrx_word' id='word_1_163' title='bbox 997 2669 1137 2746; x_wconf 75' lang='lat' dir='ltr'><strong>cit..</strong></span> <span class='ocrx_word' id='word_1_164' title='bbox 1182 2690 1326 2759; x_wconf 86' lang='lat' dir='ltr'><strong>cap.</strong></span> <span class='ocrx_word' id='word_1_165' title='bbox 1351 2667 1495 2759; x_wconf 87' lang='grc'>20.)</span> <span class='ocrx_word' id='word_1_166' title='bbox 1527 2667 1600 2735; x_wconf 91' lang='lat' dir='ltr'><strong>ln</strong></span> <span class='ocrx_word' id='word_1_167' title='bbox 1648 2668 1831 2737; x_wconf 89' lang='lat' dir='ltr'><strong>hunc</strong></span> <span class='ocrx_word' id='word_1_168' title='bbox 1872 2692 2138 2740; x_wconf 88' lang='lat' dir='ltr'><strong>sensum</strong></span> <span class='ocrx_word' id='word_1_169' title='bbox 2173 2695 2307 2742; x_wconf 89' lang='lat' dir='ltr'><strong>sese</strong></span> <span class='ocrx_word' id='word_1_170' title='bbox 2345 2676 2564 2742; x_wconf 80' lang='lat' dir='ltr'><strong>desen·</strong></span> 
     </span>
     <span class='ocr_line' id='line_1_24' title="bbox 249 2773 2564 2866; baseline 0.003 -25"><span class='ocrx_word' id='word_1_171' title='bbox 249 2776 460 2859; x_wconf 86' lang='lat' dir='ltr'><strong>debat,</strong></span> <span class='ocrx_word' id='word_1_172' title='bbox 494 2775 794 2866; x_wconf 90' lang='lat' dir='ltr'><strong>pluribus</strong></span> <span class='ocrx_word' id='word_1_173' title='bbox 819 2775 1082 2865; x_wconf 77' lang='lat' dir='ltr'><strong>posthac</strong></span> <span class='ocrx_word' id='word_1_174' title='bbox 1111 2776 1394 2858; x_wconf 80' lang='lat' dir='ltr'><strong>saeculiS‚</strong></span> <span class='ocrx_word' id='word_1_175' title='bbox 1441 2773 1665 2843; x_wconf 84' lang='lat' dir='ltr'><strong>Petrus</strong></span> <span class='ocrx_word' id='word_1_176' title='bbox 1682 2776 2029 2863; x_wconf 79' lang='lat' dir='ltr'><strong>BlesensiS,</strong></span> <span class='ocrx_word' id='word_1_177' title='bbox 2061 2779 2564 2848; x_wconf 87' lang='lat' dir='ltr'><strong>archidiaconus</strong></span> 
     </span>
     <span class='ocr_line' id='line_1_25' title="bbox 250 2878 2562 2971; baseline 0.003 -25"><span class='ocrx_word' id='word_1_178' title='bbox 250 2878 710 2966; x_wconf 79' lang='lat' dir='ltr'><strong>LondinensiS,</strong></span> <span class='ocrx_word' id='word_1_179' title='bbox 735 2880 897 2947; x_wconf 88' lang='lat' dir='ltr'><strong>dum</strong></span> <span class='ocrx_word' id='word_1_180' title='bbox 916 2880 1239 2971; x_wconf 89' lang='lat' dir='ltr'><strong>Episcopo</strong></span> <span class='ocrx_word' id='word_1_181' title='bbox 1266 2902 1386 2950; x_wconf 88' lang='lat' dir='ltr'><strong>suo</strong></span> <span class='ocrx_word' id='word_1_182' title='bbox 1401 2881 1736 2948; x_wconf 84' lang='lat' dir='ltr'><strong>resistebat</strong></span> <span class='ocrx_word' id='word_1_183' title='bbox 1778 2902 1860 2948; x_wconf 87' lang='lat' dir='ltr'><strong>ue</strong></span> <span class='ocrx_word' id='word_1_184' title='bbox 1907 2882 2246 2970; x_wconf 63' lang='lat' dir='ltr'><strong>presbyter</strong></span> <span class='ocrx_word' id='word_1_185' title='bbox 2304 2885 2562 2953; x_wconf 88' lang='lat' dir='ltr'><strong>ordina·</strong></span> 
     </span>
     <span class='ocr_line' id='line_1_26' title="bbox 252 2984 2563 3075; baseline 0.004 -24"><span class='ocrx_word' id='word_1_186' title='bbox 252 2994 453 3056; x_wconf 86' lang='lat' dir='ltr'><strong>retur:</strong></span> <span class='ocrx_word' id='word_1_187' title='bbox 515 2990 729 3054; x_wconf 86' lang='lat' dir='ltr'><strong>Porro</strong></span> <span class='ocrx_word' id='word_1_188' title='bbox 802 2985 1153 3075; x_wconf 63' lang='lat' dir='ltr'><strong>diqniiatis</strong></span> <span class='ocrx_word' id='word_1_189' title='bbox 1225 2986 1497 3060; x_wconf 81' lang='lat' dir='ltr'><strong>turbato</strong></span> <span class='ocrx_word' id='word_1_190' title='bbox 1571 2984 1804 3056; x_wconf 83' lang='lat' dir='ltr'><strong>ordine</strong></span> <span class='ocrx_word' id='word_1_191' title='bbox 1847 2985 2328 3060; x_wconf 73' lang='lat' dir='ltr'><strong>,archidiaconi</strong></span> <span class='ocrx_word' id='word_1_192' title='bbox 2369 2990 2563 3061; x_wconf 74' lang='lat' dir='ltr'><strong>hodie</strong></span> 
     </span>
     <span class='ocr_line' id='line_1_27' title="bbox 243 3091 2563 3185; baseline -0.005 -25"><span class='ocrx_word' id='word_1_193' title='bbox 243 3095 645 3185; x_wconf 77' lang='lat' dir='ltr'><strong>presbyteris</strong></span> <span class='ocrx_word' id='word_1_194' title='bbox 663 3093 1134 3185; x_wconf 69' lang='lat' dir='ltr'><strong>praeeminent,</strong></span> <span class='ocrx_word' id='word_1_195' title='bbox 1167 3091 1322 3158; x_wconf 85' lang='lat' dir='ltr'><strong>etin</strong></span> <span class='ocrx_word' id='word_1_196' title='bbox 1348 3112 1452 3157; x_wconf 84' lang='lat' dir='ltr'><strong>eos</strong></span> <span class='ocrx_word' id='word_1_197' title='bbox 1500 3113 1638 3163; x_wconf 80' lang='lat' dir='ltr'><strong>vim</strong></span> <span class='ocrx_word' id='word_1_198' title='bbox 1663 3102 1728 3158; x_wconf 88' lang='lat' dir='ltr'><strong>et</strong></span> <span class='ocrx_word' id='word_1_199' title='bbox 1741 3102 2147 3181; x_wconf 80' lang='lat' dir='ltr'><strong>potestatem</strong></span> <span class='ocrx_word' id='word_1_200' title='bbox 2174 3118 2314 3162; x_wconf 82' lang='lat' dir='ltr'><strong>suce</strong></span> <span class='ocrx_word' id='word_1_201' title='bbox 2345 3097 2563 3185; x_wconf 81' lang='lat' dir='ltr'><strong>juris..</strong></span> 
     </span>
     <span class='ocr_line' id='line_1_28' title="bbox 255 3194 2558 3289; baseline -0.002 -19"><span class='ocrx_word' id='word_1_202' title='bbox 255 3199 553 3270; x_wconf 79' lang='lat' dir='ltr'><strong>dictionis</strong></span> <span class='ocrx_word' id='word_1_203' title='bbox 612 3211 938 3270; x_wconf 76' lang='lat' dir='ltr'><strong>exercent.</strong></span> <span class='ocrx_word' id='word_1_204' title='bbox 974 3200 1361 3287; x_wconf 79' lang='lat' dir='ltr'><strong>Eapropter</strong></span> <span class='ocrx_word' id='word_1_205' title='bbox 1401 3194 1946 3272; x_wconf 74' lang='lat' dir='ltr'><strong>archidiaconum</strong></span> <span class='ocrx_word' id='word_1_206' title='bbox 1977 3198 2046 3263; x_wconf 88' lang='lat' dir='ltr'><strong>in</strong></span> <span class='ocrx_word' id='word_1_207' title='bbox 2083 3198 2558 3289; x_wconf 79' lang='lat' dir='ltr'><strong>presbyterum</strong></span> 
     </span>
     <span class='ocr_line' id='line_1_29' title="bbox 244 3303 2551 3398; baseline 0.002 -28"><span class='ocrx_word' id='word_1_208' title='bbox 244 3306 650 3394; x_wconf 83' lang='lat' dir='ltr'><strong>promoveri,</strong></span> <span class='ocrx_word' id='word_1_209' title='bbox 692 3328 827 3373; x_wconf 90' lang='lat' dir='ltr'><strong>non</strong></span> <span class='ocrx_word' id='word_1_210' title='bbox 870 3316 967 3372; x_wconf 84' lang='lat' dir='ltr'><strong>est</strong></span> <span class='ocrx_word' id='word_1_211' title='bbox 1027 3304 1343 3371; x_wconf 74' lang='lat' dir='ltr'><strong>honorem</strong></span> <span class='ocrx_word' id='word_1_212' title='bbox 1386 3303 1526 3393; x_wconf 85' lang='lat' dir='ltr'><strong>ejus</strong></span> <span class='ocrx_word' id='word_1_213' title='bbox 1577 3303 1836 3393; x_wconf 71' lang='lat' dir='ltr'><strong>anyer-i,</strong></span> <span class='ocrx_word' id='word_1_214' title='bbox 1889 3303 2007 3371; x_wconf 81' lang='lat' dir='ltr'><strong>sed</strong></span> <span class='ocrx_word' id='word_1_215' title='bbox 2054 3304 2274 3372; x_wconf 83' lang='lat' dir='ltr'><strong>minui</strong></span> <span class='ocrx_word' id='word_1_216' title='bbox 2324 3305 2551 3398; x_wconf 86' lang='lat' dir='ltr'><strong>(Epist.</strong></span> 
     </span>
     <span class='ocr_line' id='line_1_30' title="bbox 260 3410 2561 3514; baseline 0 -36"><span class='ocrx_word' id='word_1_217' title='bbox 260 3411 432 3502; x_wconf 87' lang='grc'>123).</span> <span class='ocrx_word' id='word_1_218' title='bbox 498 3413 677 3481; x_wconf 88' lang='lat' dir='ltr'><strong>Idem</strong></span> <span class='ocrx_word' id='word_1_219' title='bbox 757 3412 987 3503; x_wconf 81' lang='lat' dir='ltr'><strong>probat</strong></span> <span class='ocrx_word' id='word_1_220' title='bbox 1047 3410 1250 3478; x_wconf 89' lang='lat' dir='ltr'><strong>Nardi</strong></span> <span class='ocrx_word' id='word_1_221' title='bbox 1314 3410 1617 3500; x_wconf 88' lang='lat' dir='ltr'><strong>pluribus</strong></span> <span class='ocrx_word' id='word_1_222' title='bbox 1681 3410 1826 3478; x_wconf 90' lang='lat' dir='ltr'><strong>aliis</strong></span> <span class='ocrx_word' id='word_1_223' title='bbox 1883 3413 2349 3514; x_wconf 80' lang='lat' dir='ltr'><strong>monumentiS.</strong></span> <span class='ocrx_word' id='word_1_224' title='bbox 2411 3412 2561 3502; x_wconf 89' lang='lat' dir='ltr'><strong>(Dei</strong></span> 
     </span>
     <span class='ocr_line' id='line_1_31' title="bbox 255 3514 2558 3610; baseline -0 -26"><span class='ocrx_word' id='word_1_225' title='bbox 255 3519 556 3605; x_wconf 73' lang='lat' dir='ltr'><strong>Pdroclzi,</strong></span> <span class='ocrx_word' id='word_1_226' title='bbox 586 3524 751 3610; x_wconf 84' lang='lat' dir='ltr'><strong>part.</strong></span> <span class='ocrx_word' id='word_1_227' title='bbox 777 3518 846 3604; x_wconf 89' lang='grc'><strong>2,</strong></span> <span class='ocrx_word' id='word_1_228' title='bbox 893 3539 1034 3607; x_wconf 85' lang='lat' dir='ltr'><strong>cap.</strong></span> <span class='ocrx_word' id='word_1_229' title='bbox 1083 3514 1224 3604; x_wconf 88' lang='grc'>28.)</span> <span class='ocrx_word' id='word_1_230' title='bbox 1269 3514 1420 3583; x_wconf 90' lang='lat' dir='ltr'><strong>Erat</strong></span> <span class='ocrx_word' id='word_1_231' title='bbox 1479 3523 1784 3607; x_wconf 77' lang='lat' dir='ltr'><strong>praeterea</strong></span> <span class='ocrx_word' id='word_1_232' title='bbox 1821 3518 2320 3584; x_wconf 85' lang='lat' dir='ltr'><strong>archidiaconus</strong></span> <span class='ocrx_word' id='word_1_233' title='bbox 2351 3537 2558 3583; x_wconf 89' lang='lat' dir='ltr'><strong>secre-</strong></span> 
     </span>
     <span class='ocr_line' id='line_1_32' title="bbox 254 3621 2548 3710; baseline -0.003 -19"><span class='ocrx_word' id='word_1_234' title='bbox 254 3626 448 3693; x_wconf 80' lang='lat' dir='ltr'><strong>tarius</strong></span> <span class='ocrx_word' id='word_1_235' title='bbox 478 3632 669 3693; x_wconf 87' lang='lat' dir='ltr'><strong>natus</strong></span> <span class='ocrx_word' id='word_1_236' title='bbox 687 3623 1151 3707; x_wconf 81' lang='lat' dir='ltr'><strong>conciliorum,</strong></span> <span class='ocrx_word' id='word_1_237' title='bbox 1182 3629 1329 3688; x_wconf 81' lang='lat' dir='ltr'><strong>tum</strong></span> <span class='ocrx_word' id='word_1_238' title='bbox 1371 3622 1776 3709; x_wconf 84' lang='lat' dir='ltr'><strong>generalium</strong></span> <span class='ocrx_word' id='word_1_239' title='bbox 1824 3628 1966 3688; x_wconf 85' lang='lat' dir='ltr'><strong>tum</strong></span> <span class='ocrx_word' id='word_1_240' title='bbox 2017 3621 2548 3710; x_wconf 87' lang='lat' dir='ltr'><strong>provincialium.</strong></span> 
     </span>
     <span class='ocr_line' id='line_1_33' title="bbox 256 3724 1083 3818; baseline -0.007 -22"><span class='ocrx_word' id='word_1_241' title='bbox 256 3728 498 3818; x_wconf 81' lang='lat' dir='ltr'><strong>(Nardi,</strong></span> <span class='ocrx_word' id='word_1_242' title='bbox 536 3729 683 3816; x_wconf 85' lang='lat' dir='ltr'><strong>t.11,</strong></span> <span class='ocrx_word' id='word_1_243' title='bbox 716 3748 866 3818; x_wconf 89' lang='lat' dir='ltr'><strong>pag.</strong></span> <span class='ocrx_word' id='word_1_244' title='bbox 894 3724 1083 3813; x_wconf 86' lang='grc'>328.)</span> 
     </span>
    </p>

    <p class='ocr_par' dir='ltr' id='par_1_5' title="bbox 251 3829 2548 4349">
     <span class='ocr_line' id='line_1_34' title="bbox 333 3829 2548 3910; baseline -0.004 -1"><span class='ocrx_word' id='word_1_245' title='bbox 333 3841 541 3910; x_wconf 84' lang='lat' dir='ltr'><strong>Putat.</strong></span> <span class='ocrx_word' id='word_1_246' title='bbox 558 3839 754 3909; x_wconf 86' lang='lat' dir='ltr'><strong>Nardi</strong></span> <span class='ocrx_word' id='word_1_247' title='bbox 795 3833 1400 3904; x_wconf 82' lang='lat' dir='ltr'><strong>archidiaconatum</strong></span> <span class='ocrx_word' id='word_1_248' title='bbox 1425 3833 1624 3899; x_wconf 84' lang='lat' dir='ltr'><strong>fuisse</strong></span> <span class='ocrx_word' id='word_1_249' title='bbox 1658 3829 1997 3897; x_wconf 87' lang='lat' dir='ltr'><strong>electivum</strong></span> <span class='ocrx_word' id='word_1_250' title='bbox 2028 3854 2043 3897; x_wconf 75' lang='grc' dir='ltr'><strong><em>ε</em></strong></span> <span class='ocrx_word' id='word_1_251' title='bbox 2080 3836 2338 3897; x_wconf 87' lang='lat' dir='ltr'><strong>mortuo</strong></span> <span class='ocrx_word' id='word_1_252' title='bbox 2365 3833 2548 3902; x_wconf 88' lang='lat' dir='ltr'><strong>scili-</strong></span> 
     </span>
     <span class='ocr_line' id='line_1_35' title="bbox 254 3934 2540 4030; baseline -0.001 -21"><span class='ocrx_word' id='word_1_253' title='bbox 254 3951 339 4011; x_wconf 87' lang='lat' dir='ltr'><strong>cet</strong></span> <span class='ocrx_word' id='word_1_254' title='bbox 353 3944 840 4024; x_wconf 87' lang='lat' dir='ltr'><strong>archidiacono,</strong></span> <span class='ocrx_word' id='word_1_255' title='bbox 868 3941 1147 4008; x_wconf 87' lang='lat' dir='ltr'><strong>alterum</strong></span> <span class='ocrx_word' id='word_1_256' title='bbox 1167 3960 1205 4007; x_wconf 90' lang='lat' dir='ltr'><strong>a</strong></span> <span class='ocrx_word' id='word_1_257' title='bbox 1232 3959 1338 4006; x_wconf 85' lang='lat' dir='ltr'><strong>sex</strong></span> <span class='ocrx_word' id='word_1_258' title='bbox 1361 3937 1507 4006; x_wconf 88' lang='lat' dir='ltr'><strong>aliis</strong></span> <span class='ocrx_word' id='word_1_259' title='bbox 1528 3935 1819 4004; x_wconf 89' lang='lat' dir='ltr'><strong>diaconis</strong></span> <span class='ocrx_word' id='word_1_260' title='bbox 1851 3934 2007 4023; x_wconf 85' lang='lat' dir='ltr'><strong>eligi</strong></span> <span class='ocrx_word' id='word_1_261' title='bbox 2028 3936 2218 4003; x_wconf 81' lang='lat' dir='ltr'><strong>fuisse</strong></span> <span class='ocrx_word' id='word_1_262' title='bbox 2243 3938 2540 4030; x_wconf 88' lang='lat' dir='ltr'><strong>solitum;</strong></span> 
     </span>
     <span class='ocr_line' id='line_1_36' title="bbox 253 4041 2545 4137; baseline 0.001 -25"><span class='ocrx_word' id='word_1_263' title='bbox 253 4046 382 4119; x_wconf 85' lang='lat' dir='ltr'><strong>licet</strong></span> <span class='ocrx_word' id='word_1_264' title='bbox 405 4051 728 4119; x_wconf 85' lang='lat' dir='ltr'><strong>existimet</strong></span> <span class='ocrx_word' id='word_1_265' title='bbox 755 4050 951 4115; x_wconf 82' lang='lat' dir='ltr'><strong>etiam</strong></span> <span class='ocrx_word' id='word_1_266' title='bbox 979 4048 1358 4137; x_wconf 89' lang='lat' dir='ltr'><strong>episcopum</strong></span> <span class='ocrx_word' id='word_1_267' title='bbox 1389 4050 1603 4136; x_wconf 87' lang='lat' dir='ltr'><strong>partes</strong></span> <span class='ocrx_word' id='word_1_268' title='bbox 1643 4064 1794 4109; x_wconf 90' lang='lat' dir='ltr'><strong>suas</strong></span> <span class='ocrx_word' id='word_1_269' title='bbox 1826 4042 1895 4106; x_wconf 90' lang='lat' dir='ltr'><strong>in</strong></span> <span class='ocrx_word' id='word_1_270' title='bbox 1929 4041 2049 4108; x_wconf 88' lang='lat' dir='ltr'><strong>hac</strong></span> <span class='ocrx_word' id='word_1_271' title='bbox 2079 4043 2388 4112; x_wconf 86' lang='lat' dir='ltr'><strong>electione</strong></span> <span class='ocrx_word' id='word_1_272' title='bbox 2420 4048 2545 4116; x_wconf 89' lang='lat' dir='ltr'><strong>ha-</strong></span> 
     </span>
     <span class='ocr_line' id='line_1_37' title="bbox 251 4147 2545 4247; baseline 0 -27"><span class='ocrx_word' id='word_1_273' title='bbox 251 4151 455 4225; x_wconf 87' lang='lat' dir='ltr'><strong>buisse</strong></span> <span class='ocrx_word' id='word_1_274' title='bbox 481 4157 552 4247; x_wconf 88' lang='lat' dir='ltr'><strong>(t.</strong></span> <span class='ocrx_word' id='word_1_275' title='bbox 589 4155 672 4235; x_wconf 91' lang='lat' dir='ltr'><strong>ll,</strong></span> <span class='ocrx_word' id='word_1_276' title='bbox 702 4156 846 4245; x_wconf 84' lang='lat' dir='ltr'><strong>pag.</strong></span> <span class='ocrx_word' id='word_1_277' title='bbox 878 4152 1036 4237; x_wconf 88' lang='lat'><strong>331,</strong></span> <span class='ocrx_word' id='word_1_278' title='bbox 1056 4150 1189 4222; x_wconf 74' lang='lat' dir='ltr'><strong>dez·</strong></span> <span class='ocrx_word' id='word_1_279' title='bbox 1210 4149 1543 4240; x_wconf 62' lang='lat' dir='ltr'><strong>Par-ochi).</strong></span> <span class='ocrx_word' id='word_1_280' title='bbox 1568 4148 1645 4215; x_wconf 89' lang='lat' dir='ltr'><strong>ln</strong></span> <span class='ocrx_word' id='word_1_281' title='bbox 1677 4170 1806 4237; x_wconf 90' lang='lat' dir='ltr'><strong>quo</strong></span> <span class='ocrx_word' id='word_1_282' title='bbox 1841 4147 2076 4216; x_wconf 84' lang='lat' dir='ltr'><strong>recedit</strong></span> <span class='ocrx_word' id='word_1_283' title='bbox 2106 4150 2210 4217; x_wconf 88' lang='lat' dir='ltr'><strong>ille</strong></span> <span class='ocrx_word' id='word_1_284' title='bbox 2255 4157 2475 4220; x_wconf 89' lang='lat' dir='ltr'><strong>auctor</strong></span> <span class='ocrx_word' id='word_1_285' title='bbox 2507 4177 2545 4220; x_wconf 91' lang='lat' dir='ltr'><strong>a</strong></span> 
     </span>
     <span class='ocr_line' id='line_1_38' title="bbox 254 4257 2542 4349; baseline -0.003 -21"><span class='ocrx_word' id='word_1_286' title='bbox 254 4260 535 4332; x_wconf 83' lang='lat' dir='ltr'><strong>doctrina</strong></span> <span class='ocrx_word' id='word_1_287' title='bbox 577 4260 1019 4346; x_wconf 87' lang='lat' dir='ltr'><strong>Thomassini,</strong></span> <span class='ocrx_word' id='word_1_288' title='bbox 1068 4260 1183 4349; x_wconf 89' lang='lat' dir='ltr'><strong>qui</strong></span> <span class='ocrx_word' id='word_1_289' title='bbox 1228 4264 1414 4349; x_wconf 76' lang='lat' dir='ltr'><strong>putat</strong></span> <span class='ocrx_word' id='word_1_290' title='bbox 1472 4277 1604 4328; x_wconf 86' lang='lat' dir='ltr'><strong>non</strong></span> <span class='ocrx_word' id='word_1_291' title='bbox 1654 4257 1931 4346; x_wconf 89' lang='lat' dir='ltr'><strong>potuisse</strong></span> <span class='ocrx_word' id='word_1_292' title='bbox 2007 4257 2542 4325; x_wconf 86' lang='lat' dir='ltr'><strong>archidiaconum</strong></span> 
     </span>
    </p>
   </div>
   <div class='ocr_carea' id='block_1_3' title="bbox 255 4367 1301 4457">
    <p class='ocr_par' dir='ltr' id='par_1_6' title="bbox 255 4367 1301 4457">
     <span class='ocr_line' id='line_1_39' title="bbox 255 4367 1301 4457; baseline 0 -24"><span class='ocrx_word' id='word_1_293' title='bbox 255 4371 548 4439; x_wconf 88' lang='lat' dir='ltr'><strong>constitui</strong></span> <span class='ocrx_word' id='word_1_294' title='bbox 570 4369 694 4438; x_wconf 89' lang='lat' dir='ltr'><strong>nisi</strong></span> <span class='ocrx_word' id='word_1_295' title='bbox 726 4393 763 4437; x_wconf 91' lang='lat' dir='ltr'><strong>a</strong></span> <span class='ocrx_word' id='word_1_296' title='bbox 789 4370 925 4438; x_wconf 92' lang='lat' dir='ltr'><strong>solo</strong></span> <span class='ocrx_word' id='word_1_297' title='bbox 955 4367 1301 4457; x_wconf 82' lang='lat' dir='ltr'><strong>EpiscopO.</strong></span> 
     </span>
    </p>
   </div>
  </div>
 </body>
</html>
