2930 4982
1199 334 1272 378 ns
1319 334 1644 385 cmwus.
2490 345 2570 400 43

272 445 687 513 constituant
715 449 858 535 (art.
891 451 1022 539 15).
1056 451 1313 522 Similia
1353 456 1719 546 frequenter
1764 472 2123 535 occurrunt
2157 469 2228 536 in
2259 473 2573 543 recentio-

270 547 455 616 ribus
483 555 932 622 monumentis
952 556 1029 624 de
1068 558 1198 626 fine
1228 561 1529 651 capitulis
1569 568 1890 636 essentiali
1928 575 1988 637 et
2019 573 2353 664 praecipuo
2374 581 2567 647 testi-

271 655 523 721 monia.
560 655 634 722 ln
663 657 1464 735 thesauroresolutionum
1496 692 1691 740 sacrae
1719 678 2240 765 congregationis
2272 685 2563 771 concilii,

264 762 503 850 pagina
537 763 661 830 167
687 771 747 833 et
777 767 931 852 347,
965 771 1123 838 anni
1149 772 1345 858 1817,
1395 776 1641 846 dicitur
1672 800 1806 848 esse
1825 781 2126 854 Ecclesiae
2151 794 2448 858 mentem
2490 798 2563 860 ut

262 865 627 958 Episcopus
663 873 929 941 consilio
979 878 1248 967 capituli
1302 885 1521 950 utatur
1552 906 1568 964 ;
1601 888 1664 950 et
1695 885 1981 976 capitula
2005 911 2135 958 csse
2161 893 2562 966 consiliarios

258 979 436 1042 natos
477 976 978 1069 Episcoporum.
1044 984 1231 1055 Unde
1287 990 1460 1078 quod
1515 992 1702 1061 initio
1761 994 2056 1076 fuerunt,
2123 1000 2296 1088 quod
2346 1012 2562 1093 postea

256 1087 629 1151 constanter
656 1097 1184 1178 permanserunt,
1235 1093 1410 1163 idem
1461 1099 1830 1168 etiamnum
1878 1124 2012 1170 esse
2072 1113 2359 1196 pergunt
2387 1112 2561 1200 capi-

255 1188 386 1254 tula
417 1211 584 1258 :nec
615 1213 689 1258 ex
734 1192 916 1286 factis
942 1195 1312 1286 aliquarum
1341 1201 1748 1290 dioecesium,
1784 1206 1901 1274 ubi
1940 1207 2249 1301 Episcopi
2279 1216 2561 1304 capitula

249 1293 426 1362 intra
492 1297 654 1365 fines
699 1301 981 1369 exercitii
1034 1303 1315 1373 choralis
1367 1309 1827 1396 coercuissent,
1882 1314 2394 1387 existimandum
2460 1329 2555 1389 cst

246 1399 429 1469 illam
452 1401 596 1472 ideo
621 1406 1091 1477 institutionem
1113 1431 1149 1478 a
1177 1412 1307 1478 fine
1335 1419 1397 1479 et
1430 1415 1582 1503 jure
1602 1416 1728 1483 sibi
1752 1420 2015 1507 proprio
2042 1421 2375 1513 excidisse..

1181 1686 1471 1750 CAPUT
1522 1691 1618 1751 III

564 1845 640 1888 DE
681 1846 1063 1896 DEFINITIONE
1099 1851 1177 1896 ΕΤ
1217 1852 1417 1900 VARIIS
1455 1855 1767 1906 SPEGOEBUS
1810 1858 2223 1909 CAPITULORUM

1332 2061 1438 2139 §1

1054 2213 1119 2250 DE
1152 2214 1283 2253 VOCE
1320 2217 1437 2254 IPSA
1472 2217 1718 2256 CAPlTULI

329 2381 371 2419 «
420 2354 676 2422 Nomen
719 2359 844 2426 hoc
890 2366 1266 2450 usurpatur,
1299 2362 1363 2427 1⁰
1393 2385 1511 2452 pro
1567 2363 1977 2433 distinctione
2007 2365 2200 2433 unius
2252 2372 2541 2439 materiae

202 2484 260 2527 ·*«
308 2461 406 2530 ab
434 2463 564 2532 alia
592 2490 610 2548 3
641 2474 703 2535 et
723 2469 817 2536 sic
843 2467 1153 2533 dicuntur
1203 2468 1516 2559 capitula
1564 2471 2008 2542 decretalium.
2034 2472 2104 2541 2⁰
2137 2473 2260 2544 Pro
2299 2475 2442 2546 loco
2468 2479 2538 2548 in

225 2594 258 2632 (ι
305 2591 452 2657 quo
502 2576 803 2648 canonici
839 2579 1318 2665 congregantur
1364 2598 1597 2668 resque
1625 2578 1707 2647 ad
1739 2601 1846 2648 eos
1873 2580 2269 2670 pertinentes
2317 2584 2401 2652 ab
2456 2586 2536 2653 iis

231 2698 261 2738 «
299 2674 726 2748 deciduntur.
766 2682 831 2751 3⁰
863 2681 1020 2770 Ejus
1043 2682 1469 2775 appellatione
1497 2687 1675 2754 venit
1703 2690 2087 2757 universitas
2118 2689 2534 2758 saecularium

232 2805 264 2844 «
307 2782 414 2849 vel
460 2786 887 2873 regularium,
922 2809 1035 2855 seu
1083 2788 1434 2879 collegium
1462 2797 1794 2860 certarum
1828 2816 2262 2884 personarum
2317 2796 2534 2863 eccle-

235 2910 264 2948 «
300 2888 736 2979 siasticarum‚
757 2898 945 2961 certae
965 2893 1162 2960 alicui
1177 2895 1458 2964 ecclesiae
1481 2903 1592 2964 aut
1611 2899 2000 2966 monasterio
2026 2900 2530 2987 adscriptarum,

230 3018 261 3055 «
300 2993 371 3061 in
402 3017 620 3065 unum
668 3004 1209 3087 congregatarum
1238 3022 1355 3067 seu
1396 3001 1821 3090 collegialiter
1870 3003 2433 3073 convenientium.
2489 3032 2524 3070 »

228 3096 640 3187 (Leurenius,
699 3104 948 3171 Forum
990 3103 1527 3194 ecclesiasticum,
1556 3107 1675 3175 lib.
1713 3106 1781 3195 3,
1813 3107 1911 3176 tit.
1949 3132 2039 3193 xi,
2075 3117 2302 3199 quaest.
2348 3111 2527 3201 123.)

234 3229 265 3268 c«
308 3204 715 3296 Capitulum,
743 3210 836 3278 sic
888 3211 1167 3296 dictum,
1247 3212 1465 3303 inquit
1524 3212 1778 3305 PapiaS,
1835 3215 2011 3304 quod
2093 3217 2378 3306 capitula
2431 3219 2523 3287 ibi

233 3335 265 3376 «
305 3314 648 3402 legantur:
683 3317 1004 3409 Capitula
1033 3318 1360 3386 librorum
1397 3319 1600 3401 dicta,
1637 3320 1818 3411 quod
1839 3320 2123 3391 breviter
2160 3324 2440 3415 capiant
2461 3338 2524 3394 et

236 3440 267 3477 «
307 3421 692 3489 contineant
733 3424 1037 3513 aliquam
1062 3426 1486 3508 sententiam,
1534 3428 1667 3495 sive
1692 3430 1885 3518 quasi
1926 3442 2228 3521 caputet
2281 3431 2523 3499 titulus

234 3546 263 3584 «
309 3526 589 3615 majoris
618 3530 872 3620 scripti.
913 3531 1093 3599 Unde
1139 3532 1532 3601 clericorum
1579 3534 1965 3628 capitulum
2019 3534 2299 3620 dictum,
2349 3536 2529 3625 quod

233 3652 265 3693 «
307 3632 615 3721 capitula
652 3634 748 3701 ibi
779 3648 1219 3724 exponantur,
1252 3661 1490 3730 nempe
1521 3641 1790 3730 regulae.
1845 3664 1882 3705 >³
1914 3640 2285 3729 (Dufresne,
2336 3639 2524 3706 Glos-

224 3737 489 3825 sarium,
540 3741 737 3808 verbo
797 3739 1248 3830 Capitulum.)
1316 3744 1548 3829 Aliqui
1604 3745 1908 3810 dixerunt
1957 3742 2327 3830 capitulum
2387 3743 2517 3815 dici

227 3842 570 3934 collegium
596 3848 1057 3916 canonicorum
1095 3846 1563 3916 cathedralium
1594 3868 1669 3915 ex
1695 3866 1769 3915 eo
1810 3846 1984 3937 quod
2016 3848 2099 3915 sit
2121 3848 2192 3916 in
2224 3852 2518 3926 ecclesiae

219 3966 319 4017 seu
359 3951 623 4021 dioecesi
664 3976 957 4045 parvum
997 3961 1223 4046 caput,
1252 3955 1414 4024 dum
1440 3954 1800 4047 Episcopus
1827 3958 1921 4022 est
1946 3960 2135 4047 caput
2199 3980 2510 4050 magnum

214 4070 316 4121 seu
354 4057 743 4149 principale.
792 4061 910 4140 Ita,
956 4082 1072 4130 sua
1116 4063 1349 4157 risibili
1381 4063 2067 4133 eruditionecelebris
2098 4063 2506 4154 Bordenave,

212 4166 556 4232 canonicus
614 4166 1041 4253 Lescarensis,
1104 4171 1221 4259 qui
1287 4193 1403 4261 per
1443 4170 1527 4237 14
1580 4169 1853 4262 paginas
1908 4170 2164 4240 in-folio
2223 4173 2306 4242 de
2352 4200 2510 4246 voce

215 4261 603 4354 Capitulum
623 4273 948 4341 mirabilia
963 4276 1522 4371 profert.2(L'estat
1543 4277 1653 4347 des
1677 4278 1939 4369 quises
1970 4277 2182 4363 cath„
2209 4300 2358 4368 pag.
2387 4282 2505 4350 32.

213 4362 406 4461 Paris,
442 4377 668 4468 1643.)
705 4404 738 4444 «
760 4380 946 4449 Ainsi
966 4405 1093 4471 que
1116 4382 1307 4466 Dieu,
1335 4383 1571 4473 inquit,
1604 4406 1687 4453 en
1705 4384 1768 4453 la
1788 4384 2074 4454 creation
2104 4382 2195 4448 du
2228 4381 2503 4460 monde,
