2930 4982
410 374 447 428 2
452 374 488 429 9
500 372 537 426 2
1391 375 1735 425 macutus

405 501 645 574 Christi
673 499 1032 591 praesertim
1080 497 1278 566 illum
1316 495 1654 587 probantis
1679 500 1743 565 et
1773 496 2208 588 praecipientis
2254 502 2497 567 certam
2527 498 2673 567 facit

407 606 775 678 auctoritas.

490 713 676 784 Finis
718 716 938 780 autem
965 714 1197 779 cantus
1235 707 1645 777 ecclesiastici
1677 714 1771 777 est
1800 721 1879 777 ut
1911 708 2172 779 devotio
2216 711 2572 780 excitetur.
2615 711 2691 777 In

402 819 687 890 ecclesiis
761 818 888 886 Dei
927 814 1318 908 psalmodia
1386 812 1732 883 cantanda
1776 816 2215 906 praecipitur,
2268 828 2346 884 ut
2387 814 2692 907 fidelium

402 927 663 997 devotio
708 924 1036 994 excitetur
1083 945 1107 991 .·
1163 923 1238 990 in
1295 922 1417 989 hoc
1444 933 1861 990 nocturnum
1897 921 2354 1015 diurnumque
2384 924 2692 1015 officium

403 1047 467 1104 et
502 1034 864 1103 missarum
905 1031 1307 1100 celebritates
1343 1027 1610 1098 assidue
1655 1029 1823 1097 clero
1859 1052 1940 1097 ac
1972 1031 2232 1121 populo
2273 1032 2391 1099 sub
2424 1043 2692 1098 maturo

404 1153 648 1223 tenore,
693 1137 1145 1229 distinctaque
1176 1133 1579 1228 qradatione
1629 1147 2026 1219 cantantur,
2060 1147 2139 1202 ut
2181 1134 2407 1203 eadem
2442 1134 2692 1202 distin-

398 1247 617 1314 ctione
679 1243 1064 1327 collibeant,
1125 1241 1531 1310 maturitate
1596 1239 1939 1308 delectent.
2006 1239 2303 1331 (Joannis
2346 1239 2567 1323 XXII,
2626 1241 2692 1307 in

395 1349 686 1437 Extrav.,
717 1370 862 1439 cap.
884 1346 1062 1416 unic.
1085 1350 1185 1414 De
1208 1346 1350 1414 vita
1380 1357 1444 1414 et
1474 1344 1821 1413 honestate
1848 1343 2299 1435 clericorum.)
2334 1345 2532 1413 Hunc
2566 1366 2693 1412 esse

394 1457 598 1525 finem
620 1454 1035 1525 ecclesiastici
1064 1457 1292 1522 cantus
1316 1457 1685 1520 memorant
1711 1450 2076 1538 frequentia
2096 1450 2540 1519 conciliorum
2562 1458 2693 1520 tes-

396 1562 690 1646 timonia,
729 1567 792 1628 et
823 1560 1049 1627 nullus
1080 1559 1153 1626 in
1184 1558 1463 1626 dubium
1489 1557 1808 1623 revocavit
1846 1574 2168 1642 unquam.

483 1666 681 1736 Porro
723 1687 800 1733 ex
830 1665 943 1732 tali
979 1664 1112 1731 fine
1146 1666 1514 1750 sequuntur
1556 1659 1858 1748 quaedam
1881 1657 2268 1748 hujusmodi
2314 1667 2554 1732 cantus
2588 1686 2695 1733 re-

397 1771 590 1862 gulae.

483 1879 548 1945 1⁰
576 1875 657 1945 Et
683 1879 830 1944 ante
869 1871 1091 1942 omnia
1131 1872 1274 1942 talis
1302 1893 1439 1942 esse
1478 1870 1695 1959 debet,
1726 1876 1800 1940 ut
1837 1870 2083 1962 percipi
2115 1873 2364 1963 possint
2406 1874 2691 1965 ipsamet

390 2007 536 2076 quae
558 1986 899 2052 cantantur
923 1979 1145 2048 verba.
1175 1977 1444 2047 Devotio
1463 1977 1645 2044 enim
1667 1978 1937 2045 excitari
1962 1976 2120 2045 solet
2139 1999 2253 2068 per
2271 1979 2690 2050 attentionem

390 2093 470 2161 ad
498 2089 694 2159 verba
727 2094 790 2156 et
833 2087 913 2154 ad
946 2106 1179 2153 eorum
1226 2105 1518 2152 sensum.
1569 2082 1748 2151 Dum
1794 2082 2041 2152 scilicet
2075 2084 2249 2152 lente
2283 2091 2346 2154 et
2393 2085 2689 2157 distincte

388 2198 817 2270 enuntiantur
842 2194 987 2261 haec
1027 2193 1246 2275 verba,
1298 2212 1486 2259 mens
1516 2190 1704 2259 facile
1732 2213 1810 2259 ea
1836 2192 2191 2260 meditatur
2222 2198 2284 2260 et
2318 2194 2687 2263 meditando

393 2302 743 2376 exardescit
772 2304 845 2368 in
891 2300 1144 2367 Deum.
1194 2296 1266 2366 Si
1317 2303 1538 2365 autem
1589 2318 1782 2366 aures
1822 2297 2186 2388 percipiant
2238 2299 2685 2368 tantummodo

389 2430 579 2478 sonos
619 2412 682 2474 et
721 2405 1090 2496 strepitum,
1149 2402 1414 2471 mulciri
1444 2402 1714 2493 quidem
1738 2409 2011 2494 possunt
2054 2404 2536 2495 modulamine,
2587 2404 2684 2474 sed

388 2536 587 2606 parva
630 2510 782 2580 inde
821 2509 1090 2577 utilitas,
1149 2507 1283 2576 Nec
1313 2509 1656 2599 suppletur
1683 2509 1986 2577 distincta
2034 2510 2387 2579 verborum
2415 2511 2684 2601 prolatio

386 2642 461 2689 ex
506 2640 581 2687 eo
618 2615 795 2707 quod
840 2615 1117 2704 quisque
1162 2614 1367 2682 oculis
1412 2636 1488 2681 ex
1539 2613 1707 2682 libro
1751 2636 2018 2683 sensum
2063 2616 2431 2685 discernere
2489 2618 2687 2706 possit

387 2747 615 2797 eorum
647 2743 792 2812 quae
830 2723 1195 2789 cantantur.
1223 2717 1296 2788 Si
1323 2719 1504 2787 enim
1527 2720 1725 2788 verba
1755 2721 2087 2790 decantata
2116 2723 2346 2791 auditu
2379 2745 2518 2791 non
2548 2744 2684 2814 per-

389 2830 609 2923 cipiat,
661 2849 783 2896 nec
826 2826 1059 2918 poterit
1091 2824 1255 2894 scire
1286 2847 1591 2915 quaenam
1626 2848 1773 2916 pars
1819 2827 1930 2895 hic
1959 2835 2022 2896 et
2067 2849 2249 2897 nunc
2279 2830 2679 2916 decantetur,

391 2939 520 3007 nisi
549 2957 667 3028 per
691 2954 1025 3004 summam
1051 2931 1475 3001 attentionem
1520 2939 1583 3001 et
1628 2933 2133 3004 sollicitudinem
2165 2959 2312 3026 quae
2357 2935 2681 3006 devotioni

390 3049 455 3114 et
475 3043 880 3121 meditationi
900 3041 1102 3120 obest,
1137 3040 1384 3108 nedum
1410 3061 1556 3108 eam
1584 3039 1869 3131 adjuvet.
1896 3070 1902 3075 ·

475 3150 648 3219 Hinc
665 3157 977 3238 tanquam
1002 3147 1243 3215 abusus
1263 3147 1382 3215 fini
1398 3152 1627 3216 cantus
1648 3149 2067 3218 ecclesiastici
2086 3151 2326 3220 directe
2343 3151 2679 3241 oppositus

393 3257 698 3325 habenda>
719 3255 975 3324 videtur
1017 3275 1093 3323 ea
1119 3275 1266 3344 quae
1293 3275 1476 3322 nunc
1505 3260 1598 3322 tot
1631 3254 1703 3322 in
1743 3254 1903 3324 locis
1933 3256 2209 3324 invaluit
2250 3257 2675 3340 consuetudO,

389 3367 463 3430 ut
504 3360 691 3451 quasi
730 3366 857 3428 tota
910 3360 1270 3429 decantatio
1313 3365 1558 3429 constet
1607 3361 1783 3428 sonis
1819 3362 1936 3451 qui
1984 3369 2180 3453 prout
2217 3362 2673 3454 percipiuntur

392 3468 652 3538 nullum
691 3465 963 3535 omnino
993 3488 1257 3536 sensum
1287 3466 1688 3556 exprimunt,
1720 3467 1999 3537 maxime
2026 3470 2294 3558 quando
2337 3471 2673 3539 decantan-

390 3576 562 3644 tium
591 3573 1034 3664 pronuntiatio
1075 3572 1661 3642 instrumentorum
1708 3596 1973 3644 rumore
2014 3577 2274 3667 penitus
2323 3576 2671 3660 obruitur;

391 3683 565 3751 unde
590 3681 665 3749 fit
700 3684 775 3748 ut
807 3679 922 3769 qui
948 3678 1286 3747 ecclesiam
1316 3682 1606 3770 tempore
1646 3679 1849 3749 officii
1896 3681 2271 3771 ingreditur
2310 3681 2675 3751 discernere

393 3811 526 3858 non
558 3787 754 3879 possit
781 3785 938 3876 quid
968 3789 1265 3907 canatur,
1291 3806 1411 3855 nec
1435 3786 1597 3876 quid
1626 3786 1776 3875 fiat3
1810 3788 1918 3856 sed
1962 3787 2454 3880 obstrepentem
2491 3786 2673 3857 auri-

394 3895 520 3964 bus
548 3896 872 3984 fragorem
900 3913 1034 3961 non
1058 3891 1198 3960 sine
1221 3891 1476 3960 fastidio
1499 3898 1564 3962 et
1595 3915 1834 3984 magno
1862 3895 2075 3985 quoad
2107 3893 2566 3965 devotionem
2548 3913 2675 3963 lm·

395 4001 763 4093 pedimento
791 3998 1108 4068 sustinere
1133 4003 1423 4087 cogatur.

483 4105 844 4175 Fatendum
868 4105 1164 4195 quidem,
1192 4110 1341 4196 apto
1355 4105 1757 4174 musicorum
1783 4111 2177 4176 accentuum
2206 4106 2669 4187 modulamine,

392 4210 542 4280 licet
568 4211 749 4279 nulla
781 4209 1077 4279 distincte
1109 4212 1553 4303 percipiantur
1592 4210 1812 4299 verba,
1857 4233 2042 4302 posse
2087 4214 2496 4305 aliquatenus
2537 4209 2673 4280 ani-

392 4336 582 4385 mum
608 4318 1004 4385 commoveri
1036 4339 1055 4386 2
1083 4318 1197 4386 sed
1217 4318 1521 4387 audiatur
1538 4318 1698 4408 quid
1725 4320 1994 4388 senserit
2020 4321 2435 4412 Augustinus
2453 4319 2538 4388 de
2565 4315 2674 4385 illa

390 4419 671 4487 motione
695 4441 769 4486 ex
797 4425 1015 4507 cantu,
1037 4442 1171 4489 non
1196 4444 1271 4491 ex
1297 4445 1367 4492 re
1392 4429 1642 4493 cantata
1671 4449 1687 4495 ε
1730 4426 1902 4494 Cum
1934 4426 2115 4495 mihi
2140 4426 2417 4515 accidit,
2460 4436 2545 4492 ut
2573 4441 2676 4491 me
