2930 4982
360 382 487 440 322
1329 383 1672 433 'macutus

355 508 625 599 recipiat
650 525 763 598 per
781 505 1053 576 modum
1076 503 1558 582 distributionis
1590 502 2008 592 quotidianae.
2033 501 2220 571 Unde
2257 502 2658 571 concluden-

356 617 544 697 dum,
581 614 773 682 etiam
810 611 1004 680 hodie
1041 610 1116 678 in
1153 608 1390 699 Gallia,
1426 609 1544 677 ubi
1580 628 1713 675 non
1760 608 1930 674 fiunt
1962 607 2474 692 distributiones,
2519 629 2652 677 non

349 741 538 812 posse
576 718 947 804 canonicos,
982 717 1148 786 dum
1191 738 1309 785 sua
1346 716 1625 805 quisque
1661 715 1802 782 vice
1840 714 2109 783 missam
2150 715 2645 784 conventualem

353 830 638 918 cantant,
699 845 820 914 pro
873 823 989 892 illa
1036 822 1515 911 eleemosynam
1567 821 1884 911 accipere,
1936 827 2012 888 ut
2060 822 2246 889 alteri
2305 821 2651 891 intentioni

352 931 703 1022 applicent.

439 1037 524 1104 V.
556 1037 666 1104 An
695 1036 902 1103 missa
928 1035 1379 1105 conventualis
1403 1034 1718 1126 suppleat
1749 1055 1915 1102 onus
1934 1033 2225 1125 parochi
2250 1034 2650 1104 cathedralis

285 1203 296 1208 -
345 1143 456 1213 vel
499 1143 868 1231 colleqiatae
902 1140 1297 1233 applicandi
1335 1164 1473 1233 pro
1515 1140 1954 1232 parochianis
2002 1139 2226 1208 diebus
2257 1142 2449 1231 festis
2472 1145 2508 1209 ?
2551 1178 2646 1193 —

353 1276 390 1317 «
414 1250 544 1339 Huj
556 1248 812 1317 usmodi
835 1248 1178 1317 celebratio
1208 1249 1421 1316 missae
1445 1249 1919 1332 conventualiS,
1939 1249 2213 1339 quando
2236 1250 2505 1317 ecclesia
2531 1270 2640 1316 ca-

348 1381 385 1421 «
412 1355 723 1424 thedralis
746 1355 849 1422 vel
871 1354 1213 1442 collegiata
1235 1354 1428 1422 habet
1469 1376 1699 1421 curam
1723 1356 2097 1422 animarum
2123 1375 2470 1441 annexam,
2511 1375 2639 1422 non

348 1488 386 1529 α
412 1464 669 1555 supplet
686 1483 853 1530 onus
871 1461 1046 1550 quod
1062 1460 1582 1551 habentparochi
1595 1463 1976 1530 earumdem
1989 1461 2407 1530 ecclesiarum
2430 1463 2641 1552 appli-

349 1598 384 1637 «
411 1571 601 1639 candi
617 1569 1011 1637 sacrificium
1028 1567 1259 1635 diebus
1289 1567 1462 1636 festis
1485 1591 1601 1659 pro
1619 1569 2058 1660 parochianis3
2082 1567 2425 1656 solumque
2453 1590 2647 1638 excu-

350 1702 384 1741 «
414 1679 639 1743 santur
654 1673 918 1763 parochi
938 1672 1227 1762 praedicti
1249 1693 1285 1739 a
1306 1673 1607 1762 praedicta
1622 1675 2072 1764 applicatione,
2086 1675 2332 1763 quoties
2342 1674 2468 1764 ipsi
2485 1679 2651 1740 sunt

348 1807 381 1845 a
410 1779 705 1848 membra
736 1784 850 1845 aut
883 1779 1114 1867 primae
1137 1777 1481 1864 dignitates
1509 1780 1982 1848 cathedralium
2001 1780 2101 1847 vel
2124 1780 2636 1869 collegiatarum,

344 1913 378 1952 «t
407 1886 671 1976 quando
690 1884 771 1952 ad
797 1905 903 1952 eos
929 1884 997 1951 in
1029 1905 1148 1951 suo
1178 1889 1373 1951 turno
1394 1892 1637 1976 spectat
1660 1908 1892 1954 canere
1912 1888 1981 1953 in
2012 1886 2170 1978 ipsis
2206 1886 2443 1954 diebus
2472 1885 2640 1953 festis

341 2018 376 2058 α
403 1993 673 2060 missam
689 1989 1298 2069 conventualem‚ut
1318 1992 1649 2082 respondit
1664 2015 1843 2060 sacra
1854 1991 1987 2060 Con
1996 1992 2281 2082 gregatio
2292 1991 2572 2060 concilii.
2589 2041 2605 2058 .
2618 2041 2633 2056 .

344 2125 378 2164 «
406 2099 592 2167 Ratio
606 2105 824 2166 autem
842 2118 958 2165 cur
976 2096 1175 2164 unica
1195 2098 1389 2166 missa
1408 2099 1822 2166 conventuali
1840 2121 1973 2167 non
1994 2100 2199 2190 possit
2218 2099 2512 2167 satisfieri
2529 2119 2640 2188 pa-

339 2231 374 2270 «
403 2205 711 2290 rochiali,
739 2227 816 2273 ea
848 2209 967 2287 est,
998 2204 1156 2293 quia
1170 2211 1440 2293 utraque
1463 2204 1772 2293 obligatio
1793 2204 1988 2272 habet
2016 2206 2352 2273 diversum
2385 2226 2640 2295 respec-

348 2340 384 2379 «
413 2318 553 2381 tum
576 2311 998 2403 ;parocbialis
1019 2312 1198 2379 enim
1223 2311 1611 2401 applicanda
1634 2317 1728 2379 est
1752 2334 1870 2401 pro
1898 2312 2335 2402 parochianiS,
2366 2333 2638 2381 conven-

350 2444 385 2483 α
410 2420 605 2490 tualis
622 2440 773 2487 vero
806 2440 927 2509 pro
949 2417 1498 2487 benefactoribus.
1523 2443 1557 2483 »
1589 2416 2127 2506 (Scarfantonius,
2150 2426 2198 2488 t.
2229 2417 2308 2505 11,
2341 2441 2488 2511 pag.
2521 2416 2634 2506 33,

332 2525 533 2592 editio
549 2525 889 2607 LucensiS,
921 2524 1089 2593 1723
1102 2525 1147 2613 .)
1176 2523 1425 2612 «Quare
1444 2524 1737 2593 decrevit
1758 2525 2049 2594 Ecclesia
2073 2550 2112 2594 a
2132 2527 2454 2595 sacerdote
2471 2528 2641 2615 ejus·

351 2655 385 2694 «
413 2629 618 2711 modi,
648 2631 701 2696 si
723 2651 986 2696 sacrum
1018 2630 1441 2697 conventuale
1467 2630 1657 2698 faciat
1681 2636 1994 2720 tanquam
2012 2633 2354 2701 canonicus
2383 2637 2493 2699 aut
2512 2630 2637 2697 be-

355 2763 391 2804 «
417 2735 782 2821 neficiatuS,
803 2755 940 2801 rem
964 2734 1251 2803 divinam
1271 2757 1391 2825 pro
1405 2736 1922 2805 benefactoribus
1938 2737 2642 2829 generatimapplican-

353 2870 388 2909 (ι
410 2845 590 2925 dam,
634 2848 697 2910 et
738 2841 940 2909 alium
983 2841 1378 2910 sacerdotem
1421 2844 1884 2911 accersendum
1926 2846 2153 2914 eodem
2193 2847 2322 2929 die,
2355 2845 2472 2935 qui
2520 2865 2640 2933 pro

354 2977 394 3017 (ι
424 2950 668 3040 populo
693 2949 990 3016 celebret.
1020 2974 1054 3013 »
1085 2947 1503 3040 (Benedictus
1539 2949 1717 3034 XlV,
1751 2952 2213 3021 Instilutz‘ones
2250 2951 2632 3032 ecclesiast„

285 3070 292 3079 ’
348 3056 502 3123 inst.
534 3056 690 3143 107,
723 3053 883 3145 §2.)

440 3157 558 3227 Vl.
603 3161 747 3241 Quo
772 3170 1064 3249 tempore
1088 3158 1389 3227 canenda
1417 3160 1506 3229 sit
1536 3161 1738 3228 missa
1777 3164 2284 3233 conventualis?
2311 3199 2398 3215 -
2438 3188 2473 3226 «
2503 3161 2639 3230 Hoc

355 3289 398 3327 ι(
426 3264 619 3329 etiam
677 3285 811 3331 non
864 3263 1302 3333 omittendum
1351 3269 1470 3348 est,
1517 3267 1694 3354 quod
1738 3254 1909 3336 dicta
1960 3269 2155 3338 missa
2197 3266 2640 3338 conventualis

364 3392 398 3432 «
434 3368 725 3434 canenda
753 3374 845 3435 est
873 3376 1016 3458 post
1044 3371 1325 3453 tertiam,
1368 3393 1502 3438 non
1531 3378 1751 3441 autem
1781 3374 2090 3446 absolutis
2124 3375 2432 3445 omnibus
2457 3373 2639 3442 horis

363 3500 397 3540 «
426 3474 782 3555 canonicis,
830 3494 964 3541 non
1004 3468 1296 3541 obstante
1343 3479 1665 3545 contraria
1705 3483 2206 3566 consuetudine,
2261 3488 2338 3550 ut
2383 3481 2638 3549 resolvit

368 3608 404 3673 ις
429 3581 625 3669 Sacra
639 3577 1067 3668 Congregatio
1096 3579 1346 3653 rituum
1380 3582 1476 3673 (in
1495 3583 1903 3672 Cathacensi,
1929 3590 2033 3657 die
2057 3590 2140 3657 18
2149 3591 2176 3680 j
2185 3590 2327 3657 unii
2350 3587 2571 3679 1689).
2593 3611 2626 3650 »

355 3687 879 3782 (Scarfantonius,
912 3690 957 3752 t.
988 3685 1071 3770 Π,
1099 3708 1248 3777 pag.
1279 3687 1393 3775 33,
1421 3691 1619 3761 editio
1642 3694 1978 3779 LucensiS‚
2014 3695 2239 3787 1723.)
2271 3695 2365 3763 lta
2387 3696 2459 3763 in
2488 3712 2634 3763 casu

352 3818 642 3887 quouna
676 3799 929 3863 tantum
975 3794 1332 3873 celebretur
1369 3799 1567 3866 missa
1604 3800 2068 3870 conventualis·
2112 3802 2178 3871 Si
2219 3803 2443 3893 plures
2481 3799 2633 3869 cele·

351 3902 618 3971 brandae
641 3904 792 3984 sint,
827 3922 1023 3990 supra
1051 3923 1126 3967 ex
1154 3899 1501 3973 Benedicto
1522 3904 1674 3975 XlV
1696 3908 1984 3975 diximus
2011 3931 2141 3997 quo
2169 3914 2464 3999 tempore
2494 3905 2633 3979 cani

353 4005 647 4073 debean&
1504 4044 1513 4045 ff

443 4109 585 4178 Vll.
631 4114 739 4187 An
784 4113 1044 4180 ratione
1071 4113 1460 4205 exiquitatis
1483 4115 1820 4186 redituum
1831 4122 2054 4211 possit
2099 4122 2305 4189 missa
2347 4144 2630 4190 conven-

355 4215 560 4288 tualis
598 4218 752 4303 cani
787 4219 1256 4289 tantummodo
1293 4220 1522 4290 diebus
1552 4225 1745 4313 festis
1777 4229 1814 4293 2
1851 4264 1941 4279 —
1981 4226 2346 4296 Dicendum
2385 4226 2627 4318 requiri

348 4321 680 4393 indultum
705 4347 724 4406 3
753 4320 863 4387 sed
890 4322 1271 4410 hujusmodi
1297 4326 1626 4395 indultum
1658 4327 1852 4398 Sacra
1881 4330 2306 4422 Congregatio
2334 4354 2475 4400 non
2513 4331 2625 4397 de-

346 4435 576 4519 negat‚,
589 4431 792 4497 stante
811 4425 980 4501 dicta
993 4435 1385 4518 paupertatis
1404 4435 1674 4504 ratione.
1705 4437 1798 4506 Ita
1811 4437 2196 4509 Benedictus
2205 4439 2357 4509 XIV
2380 4436 2619 4530 (Instit.
