2930 4982
1152 382 1228 427 nE
1275 381 1598 430 currum.
2438 378 2519 437 35

251 502 602 571 communis
626 502 867 569 iterum
896 500 1148 568 sublata
1176 507 1292 585 est,
1338 503 1501 590 quin
1542 502 1824 572 Ecclesia
1850 505 2308 574 existimaverit
2348 508 2520 599 capi-

249 607 369 675 tula
395 608 589 676 fuisse
612 608 863 676 sublata
886 614 998 675 aut
1020 607 1272 696 aliquid
1304 608 1383 675 de
1402 609 1854 678 constitutione
1879 632 1997 679 sua
2012 613 2334 681 essentiali
2350 613 2523 682 ami-

252 713 386 781 sisse
403 741 421 802 3
449 715 541 781 ita
551 719 626 782 ut
644 736 825 781 nunc
842 713 1089 803 ubique
1109 719 1354 782 exstent
1373 714 1516 782 sine
1537 716 1666 782 vita
1684 718 2022 786 communi
2041 740 2191 786 vera
2207 721 2514 811 capitula.

250 819 427 890 Porro
458 822 524 888 id
554 822 727 911 quod
746 821 935 889 initio
958 842 1092 889 non
1114 822 1325 911 viguit
1348 823 1420 890 in
1446 822 1773 913 capitulis,
1803 830 1863 892 et
1885 826 2060 915 quod
2077 832 2292 915 postea
2321 826 2522 896 intro·

248 928 535 1011 ductum,
565 929 827 997 tandem
855 928 1125 996 omnino
1155 934 1482 997 remotum
1506 936 1621 1013 est,
1656 930 2146 999 remanentibus
2166 933 2235 999 in
2252 952 2368 1001 suo
2386 954 2522 1002 esse

246 1035 557 1125 capituliS,
590 1044 682 1103 est
710 1035 961 1124 aliquid
997 1036 1418 1115 accidentale,
1448 1058 1585 1104 non
1635 1036 2005 1121 essentiale3
2056 1057 2210 1126 ergo
2263 1057 2394 1106 non
2432 1043 2525 1107 est

248 1141 382 1211 finis
428 1143 867 1233 capitulorum
910 1142 1240 1233 propriuS‚
1270 1142 1655 1234 principalis
1692 1148 1755 1211 et
1799 1142 2175 1211 essentialis
2211 1179 2303 1193 —
2343 1142 2526 1212 ldem

247 1251 762 1319 concludendum
783 1248 1035 1317 videtur
1055 1249 1135 1318 de
1155 1249 1582 1319 celebratione
1596 1256 1659 1319 et
1680 1250 2053 1319 recitatione
2070 1249 2278 1318 divini
2295 1249 2521 1320 officii.

243 1353 559 1444 Equidem
612 1355 798 1424 omni
852 1359 1142 1445 tempore
1185 1354 1467 1446 capitula
1499 1357 1624 1424 hoc
1655 1377 1929 1425 munere
1975 1355 2201 1423 functa
2230 1363 2404 1425 sunt.
2441 1355 2531 1425 At

241 1482 402 1546 vero,
448 1462 1009 1551 quemadmodum
1063 1461 1141 1528 de
1172 1462 1499 1551 parochia,
1538 1462 1706 1535 licet⁴
1730 1462 1810 1531 de
1860 1462 2028 1530 facto
2075 1462 2427 1530 dominicis
2469 1467 2530 1529 et

241 1567 740 1638 solemnioribus
787 1569 1015 1638 diebus
1065 1568 1322 1638 dictum
1360 1568 1655 1638 officium
1703 1568 2052 1657 celebrent,
2098 1567 2342 1637 insulse
2383 1567 2532 1658 quis

237 1674 476 1744 diceret
500 1699 607 1744 eos
634 1678 705 1744 in
737 1677 1146 1767 praecipuum
1173 1677 1377 1745 finem
1409 1676 1990 1767 persolvendarum
2015 1675 2394 1744 solemniter
2416 1674 2530 1742 ho-

241 1804 464 1851 rarum
485 1785 954 1852 canonicarum
980 1783 1178 1851 fuisse
1205 1784 1555 1866 institutoS,
1586 1781 1674 1850 ita
1697 1803 1961 1873 prorsus
1990 1781 2229 1851 absone
2256 1780 2326 1849 id
2354 1781 2532 1850 dice-

239 1894 415 1956 retur
456 1889 535 1957 de
585 1890 936 1957 canonicis.
988 1888 1050 1957 A
1099 1889 1453 1957 cathedrali
1498 1889 1766 1978 quidem
1793 1887 2080 1978 capitulo
2136 1886 2535 1957 celebratum

239 2013 499 2086 semper
519 1995 645 2063 fuit
671 1996 974 2063 divinum
998 1995 1293 2063 officium
1320 2018 1336 2062 ε
1361 1998 1425 2062 at
1452 1995 1813 2083 antiquitus
1832 1994 2083 2063 statutis
2104 1991 2360 2080 diebus,
2403 2013 2537 2061 non

236 2101 528 2189 quotidie
565 2125 582 2171 z
629 2107 693 2168 at
719 2123 874 2173 cum
920 2102 1165 2192 populo
1195 2101 1368 2169 sicut
1398 2100 1593 2168 hodie
1629 2122 1665 2168 a
1689 2099 1988 2191 parochis
2032 2120 2049 2167 ε
2096 2103 2161 2166 at
2201 2099 2536 2177 matutinae

235 2214 506 2276 tantum
534 2215 597 2276 et
621 2207 1149 2299 vespertinaegnei
1170 2208 1425 2275 laudes,
1451 2205 1524 2274 Si
1552 2206 1734 2272 enim
1752 2226 1983 2272 verum
2009 2205 2093 2269 sit
2111 2204 2285 2290 quod
2304 2226 2381 2271 ex
2398 2226 2544 2272 eru-

230 2315 398 2383 ditis
416 2315 584 2380 viris
598 2316 670 2380 in
688 2315 1020 2402 superiore
1041 2315 1249 2401 capite
1268 2311 1743 2393 adnotavimus,
1763 2329 1801 2376 a
1818 2307 2271 2397 Chrodogandi
2292 2313 2545 2379 tantum

226 2425 548 2509 tempore
567 2417 839 2484 invaluit
865 2439 1007 2485 mos
1039 2439 1074 2484 a
1102 2415 1414 2485 coenobiis
1436 2417 1811 2505 {mutuatuffi
1841 2419 1913 2482 ut
1943 2415 2291 2507 collegium
2329 2416 2542 2485 cathe-

234 2524 426 2594 drale
447 2524 736 2613 quotidie
759 2524 1010 2592 statutis
1028 2524 1208 2592 horis
1222 2524 1418 2592 choro
1447 2524 1693 2593 adesset
1709 2528 1773 2592 et
1790 2524 2228 2613 persolvendis
2252 2525 2325 2593 in
2344 2526 2541 2594 choro

239 2637 496 2723 septem
524 2630 731 2700 officii,
750 2630 957 2697 divini
982 2629 1271 2721 partibus
1296 2631 1826 2720 adstringeretur.
1870 2628 2056 2710 Quod
2084 2653 2240 2721 ergo
2273 2637 2417 2723 post
2451 2637 2543 2700 tot

244 2739 488 2809 saecula
521 2739 660 2829 jam
687 2738 1136 2805 exsistentibus
1182 2738 1482 2828 capitulis
1520 2738 1809 2817 accessit,
1855 2741 1918 2804 et
1945 2736 2086 2804 sine
2132 2758 2264 2826 quo
2293 2736 2546 2803 tamdiu

247 2846 644 2929 exstiterant,
671 2844 946 2911 minime
966 2849 1172 2934 potest
1189 2844 1321 2911 dici
1340 2842 1789 2933 principaliter
1804 2841 1886 2908 ab
1906 2840 2195 2909 Ecclesia
2216 2842 2544 2907 intentum

249 2951 449 3020 fuisse
474 2955 786 3040 tanquam
810 2949 1221 3040 praecipuum
1265 2951 1334 3016 in
1368 2949 1670 3038 capitulis
1699 2944 2117 3014 instituendis
2141 2945 2363 3012 finem.

336 3058 439 3127 De
463 3056 830 3148 praebendis
854 3078 1007 3123 vero
1029 3054 1365 3122 lucrandis
1395 3045 1711 3141 quatenus
1737 3052 1868 3119 fine
1890 3052 1970 3118 ab
1995 3049 2281 3119 Ecclesia
2303 3051 2549 3118 intento

253 3164 422 3233 dum
463 3164 750 3255 capitula
778 3161 1082 3244 instituit,
1136 3159 1243 3228 vix
1284 3159 1553 3248 quaestio
1605 3159 1851 3227 moveri
1898 3163 2123 3249 potest.
2159 3155 2329 3224 Nam
2376 3156 2548 3245 quod

257 3273 435 3340 affixi
463 3272 596 3340 sint
621 3270 891 3359 quidam
918 3268 1162 3335 reditus
1184 3266 1570 3356 temporales
1597 3265 1677 3332 ad
1708 3262 2156 3333 sustentandos
2179 3263 2545 3345 canonicOS,

260 3377 325 3443 id
372 3376 502 3444 fuit
553 3376 842 3443 medium
870 3375 952 3441 ad
982 3374 1182 3441 finem
1230 3394 1344 3463 per
1383 3372 1823 3466 capitulorum
1872 3371 2345 3439 institutionem
2376 3369 2550 3436 obti-

264 3485 591 3571 nendum,
615 3505 747 3553 non
772 3504 923 3550 vero
950 3482 1099 3548 finis
1122 3482 1280 3571 ipse.
1328 3480 1668 3571 Repugnat
1709 3481 1952 3548 scilicet
1976 3478 2335 3561 Ecclesiam
2364 3476 2553 3542 insti·

263 3598 443 3661 tuere
478 3592 830 3680 collegium
857 3589 1245 3656 clericorum
1284 3588 1355 3653 in
1399 3588 1579 3654 hunc
1611 3588 2023 3677 praecipuum
2051 3591 2113 3651 et
2163 3583 2553 3673 primarium

264 3698 496 3783 finem,
522 3703 599 3766 ut
622 3692 694 3764 hi
735 3694 957 3763 clerici
994 3693 1341 3781 pecuniam
1365 3693 1728 3760 lucrentur.
1760 3691 1841 3758 Et
1867 3694 2177 3779 praeterea
2208 3691 2282 3750 ut
2305 3690 2555 3753 certum

268 3806 350 3873 ab
367 3804 680 3874 omnibus
707 3798 1077 3869 admittitur
1094 3816 1276 3887 posse
1299 3795 1618 3862 clericum
1636 3792 1876 3861 habere
1905 3790 2245 3866 canoniam
2267 3789 2404 3857 sine
2423 3791 2554 3860 ulla

272 3911 653 4002 praebenda;
683 3931 758 3977 ex
791 3928 920 3997 quo
966 3903 1099 3973 solo
1138 3907 1309 3994 patet
1346 3901 1727 3992 praebendas
1769 3905 1831 3967 et
1874 3898 2113 3966 reditus
2145 3900 2551 3991 temporaleS,

276 4037 691 4106 quocumque
716 4010 1342 4092 vocenturnomine,
1376 4030 1509 4077 non
1553 4030 1686 4077 esse
1704 4007 1784 4076 de
1811 4005 2083 4074 essentia
2106 4006 2399 4096 capituli,
2439 4025 2559 4073 nec

276 4124 550 4211 proinde
596 4123 792 4190 etiam
841 4118 919 4186 de
950 4116 1080 4183 fine
1121 4114 1443 4183 essentiali
1491 4134 1603 4180 seu
1643 4112 1956 4202 primario
2001 4110 2082 4179 ab
2120 4110 2407 4180 Ecclesia
2460 4112 2568 4177 in·-

276 4237 539 4427 tenEssgo
569 4339 863 4405 remanet
889 4332 959 4399 in
978 4329 1380 4399 institutione
1405 4324 1842 4416 capitulorum
1862 4324 2218 4393 Ecclesiam
2247 4330 2557 4403 tanquam

281 4446 485 4514 finem
510 4441 900 4535 primarium
922 4445 982 4506 et
998 4436 1403 4527 praecipuum
1422 4431 1792 4517 intendisse,
1815 4439 1889 4499 ut
1907 4434 2037 4500 sint
2049 4438 2316 4496 senatus
2337 4414 2564 4486 Eccle-
