2930 4982
317 301 353 361 3
363 301 395 359 6
407 301 442 357 8
1277 305 1637 359 ‘rucuma‘
1672 324 1679 331 ⁸

311 431 551 521 quibus
602 429 963 498 consentire
998 427 1190 497 debet
1238 426 1622 517 capitulum.
1671 425 1738 492 20
1771 423 1845 492 ln
1867 425 2113 494 caeteris
2141 425 2349 496 causis
2381 429 2598 500 crimi-

312 538 569 608 nalibus
593 535 814 605 arduis
838 541 985 625 eget
1007 533 1463 602 tantummodo
1500 532 1856 623 Episcopus
1898 534 2235 622 praesentia
2257 539 2371 602 aut
2397 536 2594 606 etiam

312 641 580 711 consilio
605 642 705 709 sui
736 640 1030 731 capituli.
1067 638 1134 708 3⁰
1158 638 1252 706 Ex
1285 637 1779 724 consuetudine,
1810 659 1956 726 quae
1990 643 2253 729 propter
2279 640 2594 728 generali-

312 754 506 816 tatem
538 770 574 814 a
613 747 825 815 multo
851 754 1142 836 ternpore
1187 745 1439 813 transiit
1462 746 1534 813 in
1558 746 1693 835 jus,
1730 746 1871 835 jam
1900 767 2034 813 non
2062 751 2252 835 egent
2295 745 2598 838 Episcopi

310 876 520 944 neque
544 877 891 932 consensu,
934 875 1143 941 neque
1188 853 1382 920 etiam
1420 851 1692 920 consilio
1718 851 1989 942 capituli
2018 853 2087 920 in
2132 853 2342 921 causis
2371 854 2596 923 crimi-

314 961 574 1028 nalibus
615 960 1141 1049 quibuscumque
1179 959 1597 1049 judicandis;
1650 960 1738 1051 ita
1785 965 1858 1029 ut
1908 959 2103 1027 etiam
2148 960 2293 1027 sine.
2335 959 2598 1050 capituli

310 1092 569 1139 assensu
596 1074 658 1136 et
686 1068 955 1136 consilio
998 1068 1246 1158 possint
1289 1067 1741 1157 suspensiones
1788 1072 2128 1157 perpetuas
2171 1074 2233 1134 et
2260 1065 2597 1137 interdicta

315 1180 378 1245 in
434 1175 731 1243 ecclesias
771 1175 1143 1243 fulminare.
1189 1175 1257 1240 4⁰
1283 1173 1480 1256 Hinc,
1516 1174 1640 1241 nisi
1682 1172 2045 1264 capitulum
2083 1172 2164 1240 sit
2194 1181 2593 1264 exemptum,

313 1282 568 1348 nullum
594 1281 862 1348 omnino
887 1279 1083 1348 habet
1104 1281 1216 1370 jus
1245 1301 1379 1347 sese
1419 1279 1921 1362 intromittendi,
1954 1278 2216 1369 quando
2244 1279 2596 1371 Episcopus

312 1387 377 1453 in
404 1409 594 1454 causa
619 1385 946 1453 criminali
969 1385 1258 1476 procedit
1282 1387 1416 1451 sive
1444 1390 1667 1453 contra
1708 1384 1992 1473 aliquem
2024 1384 2442 1470 canonicum,
2471 1388 2599 1454 sive

312 1498 535 1560 contra
565 1492 768 1559 alium
808 1490 1166 1580 quemlibet
1215 1491 1534 1558 clericum
1573 1496 1687 1558 aut
1725 1490 1990 1557 laicum.
2029 1490 2323 1559 Dicimus
2364 1492 2498 1560 nisi
2515 1492 2600 1561 sit

312 1610 721 1687 exemptum,
758 1597 912 1686 quia
943 1597 1011 1663 in
1053 1598 1180 1664 hoc
1223 1618 1372 1664 casu
1407 1619 1481 1663 ex
1529 1596 1784 1663 decreto
1831 1595 2212 1665 Tridentino
2241 1619 2367 1666 non
2396 1604 2603 1687 potest

311 1711 532 1773 contra
559 1704 850 1793 aliquem
878 1704 955 1769 de
983 1703 1265 1792 capitulo
1297 1703 1645 1792 procedere
1681 1702 2068 1793 EpiscopuS‚
2094 1703 2217 1771 nisi
2250 1725 2402 1771 cum
2427 1703 2601 1771 duo-

308 1812 431 1880 bus
456 1810 784 1879 canonicis
832 1808 1246 1898 cojudicibus
1276 1831 1312 1875 a
1341 1809 1627 1899 capitulo
1657 1809 1800 1899 ipso
1846 1809 2087 1893 electis,
2123 1815 2184 1878 et
2208 1808 2599 1878 habentibus

310 1938 513 1984 unam
531 1937 755 1984 vocem
774 1914 937 1982 dum
967 1914 1326 2005 Episcopus
1351 1915 1548 1983 habet
1565 1915 1856 1995 alteram.
1885 1916 1952 1983 50
1979 1914 2312 1984 Praedictae
2341 1916 2604 1985 conclu·

312 2027 523 2094 siones
550 2024 862 2114 applicari
899 2024 1095 2090 etiam
1137 2023 1374 2090 debent
1409 2022 1778 2091 recentibus
1813 2023 2040 2093 Galliae
2061 2030 2123 2091 et
2149 2023 2361 2114 Belgii
2388 2023 2597 2092 eccle-

311 2130 444 2197 siiS.
519 2128 831 2208 Quamvis
886 2130 1064 2196 enim
1110 2150 1226 2218 per
1271 2128 1524 2196 bullam
1576 2131 1947 2199 concordati
1991 2131 2148 2199 anni
2217 2131 2383 2199 1801
2441 2153 2599 2200 cum

312 2235 637 2305 veteribus
661 2236 944 2305 ecclesiis
969 2236 1262 2303 extinctae
1288 2236 1530 2303 fuerint
1553 2237 1970 2327 particulares
2004 2238 2296 2328 ipsarum
2329 2259 2601 2306 consue·

309 2341 571 2410 tudines
589 2345 728 2431 juri
764 2342 1101 2410 communi
1131 2342 1497 2430 contrariae,
1525 2349 1588 2410 et
1616 2345 1868 2412 noviter
1890 2349 2115 2412 erectae
2146 2343 2456 2412 dioeceses
2479 2342 2601 2411 sub

301 2449 455 2537 jure
509 2450 846 2516 communi
886 2450 1026 2539 ipso
1081 2449 1246 2542 facto
1292 2455 1446 2518 ortae
1486 2451 1652 2531 sint,
1697 2472 1830 2520 non
1889 2456 2108 2520 tamen
2162 2451 2438 2520 extincta
2460 2451 2610 2521 -fuit

310 2555 706 2621 consuetudo
736 2556 1127 2643 procedendi
1155 2556 1225 2621 in
1253 2557 1711 2625 criminalibus
1749 2559 1994 2648 absque
2021 2580 2274 2627 assensu
2299 2562 2359 2625 et
2386 2559 2604 2625 consi-

309 2660 399 2729 lio
428 2660 725 2750 capituli;
757 2661 912 2749 quia
939 2661 1051 2727 illa
1097 2664 1497 2731 consuetudo
1532 2666 1674 2753 jam
1705 2664 1916 2733 multo
1940 2672 2089 2733 ante
2139 2661 2601 2732 concordatum

311 2766 628 2856 generalis
651 2771 931 2834 evaserat
953 2771 1015 2834 et
1040 2767 1109 2833 in
1126 2768 1239 2856 jus
1259 2788 1612 2836 commune
1636 2771 2011 2858 transierat3
2046 2772 2221 2838 itaut
2242 2788 2419 2835 novae
2437 2764 2606 2835 Gal-

311 2874 552 2941 liarum
579 2874 885 2961 ecclesiae,
938 2874 1065 2940 hoc
1111 2874 1251 2963 ipso
1296 2874 1473 2963 quod
1521 2879 1675 2943 ortae
1700 2877 1832 2943 sint
1877 2876 2002 2944 sub
2036 2878 2190 2965 jure
2230 2874 2603 2957 communi,

312 2986 468 3048 ortae
500 2987 653 3048 sunt
675 2982 797 3048 sub
823 2981 889 3048 vi
914 2980 1235 3070 praedictae
1262 2981 1648 3049 universalis
1679 2982 2190 3050 consuetudinis.

400 3085 548 3156 Non
577 3109 730 3177 ergo
758 3086 1042 3154 fundatae
1069 3092 1130 3155 et
1154 3083 1526 3178 prudenteS,
1556 3087 1666 3156 sed
1695 3087 1872 3156 valde
1901 3088 2261 3157 temerariae
2288 3083 2607 3155 habendae

311 3198 467 3260 sunt
486 3192 818 3261 hodiernae
847 3194 1283 3282 quorumdam
1325 3192 1730 3262 sacerdotum
1763 3193 1990 3262 Galliae
2017 3193 2324 3283 querelae,
2354 3191 2601 3281 quibus

310 3296 662 3387 Episcopos
691 3300 889 3389 hujus
913 3299 1198 3388 regionis
1228 3297 1590 3387 tyrannidis
1618 3299 2044 3389 et'injustitiae
2072 3298 2486 3385 insimulant,
2527 3318 2605 3366 eo

311 3402 485 3494 quod
508 3405 579 3470 in
597 3406 1025 3494 reprimendis
1040 3404 1427 3473 clericorum
1450 3406 1809 3474 excessibus
1832 3404 2100 3498 capituli
2118 3426 2514 3475 consensum
2541 3407 2607 3472 et

311 3509 504 3578 etiam
534 3512 881 3579 consilium
921 3512 1242 3579 omittant.
1278 3510 1445 3579 Nam
1476 3512 1564 3580 ita
1591 3511 2292 3602 agendo‘illiPraesules
2321 3515 2602 3579 utuntur

302 3619 452 3708 jure
491 3640 629 3686 suo.
677 3616 811 3686 Nec
855 3622 1195 3686 accusetur
1235 3616 1524 3687 Ecclesia
1567 3619 1740 3709 quod
1792 3619 1940 3687 talia
1981 3619 2213 3710 probet
2255 3622 2320 3685 et
2348 3616 2601 3700 toleret,

308 3726 495 3812 quasi
525 3726 667 3816 juri
712 3724 995 3791 naturali
1041 3730 1527 3814 repugnarent:
1576 3723 1976 3792 sufficienter
1994 3724 2182 3791 'enim
2223 3720 2610 3813 providetur

299 3830 590 3919 justitiae,
616 3838 863 3900 tum‘ex
895 3853 969 3899 eo
1004 3833 1175 3922 quod
1222 3831 1527 3923 Episcopi
1566 3836 1906 3899 teneantur
1942 3829 2334 3919 regulariter
2377 3846 2611 3919 proce-

307 3931 481 4013 dere,
508 3942 650 4005 tum
672 3940 824 4029 quia
844 3929 1291 4006 condemnatis
1316 3943 1486 4027 patet
1503 3959 1761 4027 semper
1777 3935 2122 4027 appellatio
2146 3936 2248 4002 vel
2268 3953 2601 4002 recursus·

304 4042 384 4112 Et
403 4044 476 4110 -in
519 4047 702 4116 hunc
740 4036 1011 4139 quidem
1046 4069 1333 4116 errorem
1370 4047 1677 4115 incidisse
1728 4069 1860 4115 non
1901 4046 2226 4113 miramur
2279 4044 2616 4135 quosdam

308 4149 619 4244 (alioquin
648 4156 925 4243 optimos
970 4156 1188 4246 viros),
1233 4154 1348 4245 qui
1377 4154 1446 4220 in
1467 4155 1617 4243 jure
1638 4154 1949 4221 canonico
1973 4175 2209 4244 parum
2238 4149 2499 4236 versati,
2526 4149 2614 4216 in

307 4258 601 4348 quaedam
680 4260 1079 4347 antiquitatis
1153 4266 1577 4330 monumenta
1631 4260 2062 4343 offenderunt,
2115 4264 2230 4326 aut
2296 4259 2368 4326 in
2450 4255 2614 4323 illos

308 4372 599 4435 auctores
616 4387 777 4455 quos
792 4365 869 4431 de
890 4369 1186 4451 praesenti
1206 4368 1556 4455 quaestione
1581 4368 1850 4456 confuse
1869 4366 2114 4435 locutos
2133 4370 2399 4433 testatur
2409 4361 2605 4429 Rota.
