2930 4982
1141 364 1242 409 DE·
1264 363 1591 410 cfflwus.
2386 358 2461 413 58
2475 361 2510 413 5

240 503 273 541 «
303 499 417 569 per
446 479 824 548 electionem
857 481 938 549 sit
957 483 1069 571 jus
1096 483 1442 571 quaesitum
1471 482 1693 567 electo,
1725 484 1911 572 eique
1940 482 2018 550 sit
2044 483 2257 551 debita
2281 486 2518 553 confir·

236 610 273 649 «
300 584 523 668 matio,
552 608 589 648 »
622 586 711 652 ait
735 584 1085 674 Fagnanus
1115 585 1198 677 (c.
1232 586 1393 670 Illa,
1426 608 1533 673 ne,
1567 584 1711 653 sede
1737 610 1911 667 vac„
1951 611 2019 654 n.
2064 587 2196 679 12).

319 689 456 758 Cur
479 696 692 758 autem
723 692 1112 782 capitulum,
1140 693 1286 760 sede
1312 698 1604 779 vacante,
1637 694 1786 760 licet
1815 715 1945 762 non
1977 696 2175 785 possit
2206 693 2515 763 beneficia

230 797 548 883 conferre,
594 798 793 887 possit
834 803 1050 866 tamen
1090 800 1167 867 ad
1196 799 1308 866 illa
1345 805 1751 889 praesentatos
1787 799 1890 867 vel
1919 800 2149 869 electos
2185 801 2515 868 instituere

230 909 293 971 et
330 903 743 987 confirmare,
792 906 988 972 variis
1023 906 1385 975 rationibus
1419 904 1780 974 discutiunt
1805 912 2120 974 auctoreS.
2156 905 2273 973 ‚lus
2300 913 2514 974 autem

230 1016 585 1098 utrumque
617 1015 871 1077 certum
900 1015 1015 1078 est.

323 1115 553 1185 Statim
583 1123 799 1184 autem
827 1139 901 1185 ac
925 1118 1203 1186 vicarius
1232 1118 1601 1208 capitularis
1630 1118 2012 1187 constitutus
2037 1125 2153 1206 est,
2187 1118 2265 1185 ad
2301 1119 2514 1209 ipsum

234 1226 298 1289 et
342 1241 475 1289 non
506 1224 657 1312 ¹jam
706 1224 785 1292 ad
829 1223 1187 1314 capitulum
1227 1226 1503 1315 pertinet
1549 1225 1879 1294 instituere
1922 1234 1984 1294 et
2024 1227 2254 1294 electos
2287 1225 2520 1293 confir·

232 1349 434 1396 mare.

1321 1490 1434 1568 §5

237 1655 369 1701 th
433 1655 627 1709 Possrr,
668 1658 796 1697 SEDE
850 1658 1116 1721 VACANTE,
1155 1658 1457 1697 CAPITULUM
1507 1659 1606 1698 VEL
1660 1660 1902 1698 VICARIUS
1955 1658 2297 1698 CAPITULARIS
2347 1657 2522 1704 QUOAD

597 1757 888 1795 BENEFICIA
926 1756 1281 1795 PAROCBIALIA
1321 1756 1422 1795 PER
1462 1757 1782 1798 CONCURSUM
1812 1756 2166 1797 CONFERENDA

325 1921 510 1990 Extat
535 1924 612 1990 de
642 1924 764 1992 hac
787 1925 1059 1992 materia
1080 1925 1267 1996 valde
1296 1922 1602 1991 notabilis
1628 1923 1968 1991 instructio
1989 1922 2289 2012 quaedam
2314 1920 2524 1990 Sacrae

236 2026 794 2116 CongregationiS,
826 2029 906 2095 de
943 2050 1071 2116 qua
1099 2031 1190 2095 sic
1224 2029 1516 2117 loquitur
1545 2028 1887 2116 Fagnanus
1918 2027 2000 2116 (c.
2043 2027 2212 2110 Illa,
2248 2049 2355 2113 ne,
2383 2026 2528 2094 sede

235 2132 536 2223 vacante)
577 2156 593 2200 ε
664 2158 698 2197 α
752 2131 826 2200 ln
867 2130 1063 2201 Sacra
1115 2132 1626 2222 Congregatione
1691 2132 1966 2199 concilii*
2009 2132 2134 2199 suit
2180 2138 2401 2199 actum
2446 2131 2524 2198 de

238 2263 281 2301 «
329 2237 738 2306 observandis
780 2238 847 2304 in
883 2239 1292 2306 examinibus
1324 2238 1632 2306 faciendis
1670 2258 1788 2328 pro
1830 2237 2165 2305 collatione
2190 2237 2527 2327 parochia-

236 2371 282 2409 «
329 2344 527 2430 lium,
577 2344 724 2412 sede
759 2345 1111 2413 cathedrali
1156 2352 1442 2429 vacante,
1490 2349 1551 2412 et
1595 2347 1680 2412 ita
1714 2351 2024 2436 concepta
2056 2343 2179 2411 fuit
2220 2344 2521 2427 formula,

237 2477 279 2515 ι(
325 2472 441 2541 per
491 2472 727 2519 manus
767 2452 1164 2539 transmissa,
1221 2457 1283 2519 et
1328 2473 1364 2519 a
1396 2449 1815 2521 Sanctissimo
1847 2451 2222 2542 approbata.
2258 2476 2293 2516 >³
2344 2448 2529 2518 Hanc

236 2557 592 2625 formulam
621 2565 838 2648 postea
864 2581 981 2650 per
1016 2565 1349 2626 extensum
1378 2559 1768 2626 transcribit.
1800 2558 2118 2627 Eamdem
2145 2558 2338 2625 refert
2371 2554 2530 2624 Gar-

239 2663 343 2731 cia
384 2664 504 2754 (De
533 2662 883 2754 beneficiis,
927 2673 1106 2755 parte
1137 2667 1204 2748 9,
1238 2688 1296 2733 c.
1333 2665 1403 2752 2,
1434 2689 1504 2733 n.
1540 2664 1633 2754 8),
1681 2664 1925 2732 addens
1963 2665 2199 2733 factam
2229 2663 2423 2730 fuisse
2451 2664 2531 2729 ad

236 2767 616 2835 instantiam
675 2769 938 2858 capituli
981 2769 1303 2848 Toletani,
1356 2791 1531 2836 anno
1581 2770 1779 2853 1577,
1835 2770 1996 2836 dum
2046 2768 2225 2835 sedes
2275 2766 2386 2833 illa
2430 2786 2526 2830 ar»

238 2873 735 2964 chiepiscopalis
785 2882 1058 2942 vacaret.
1113 2875 1208 2942 Ex
1262 2875 1602 2943 collatione
1649 2877 1988 2962 utriusque
2038 2879 2247 2944 textus
2295 2869 2530 2939 menda

237 2980 462 3068 aliqua
491 2982 1049 3073 typographorum
1079 2982 1479 3048 correximus
1513 3004 1529 3048 ε
2453 2982 2460 2991 “

340 3086 771 3155 Observanda
823 3088 898 3154 in
948 3086 1364 3154 examinibus
1401 3085 1725 3176 faciendis
1759 3108 1891 3177 pro
1934 3084 2295 3152 collatione
2321 3078 2531 3174 paro·
2618 3096 2623 3101 ’

234 3191 591 3274 Attalium,
620 3192 766 3260 sede
798 3192 1170 3262 cathedrali
1205 3206 1505 3259 vacante.

330 3298 678 3389 Imprimis
706 3299 1083 3389 capitulum
1107 3298 1380 3365 nullam
1409 3297 1541 3364 sibi
1563 3297 1635 3365 in
1661 3297 1831 3365 lzisce
1859 3293 2280 3364 examinibus
2309 3304 2538 3360 aucto-

235 3405 526 3472 ritatem
552 3404 911 3472 vindicabit
926 3425 957 3487 ,·
993 3403 1108 3472 sed
1144 3404 1498 3471 constituet
1528 3403 1905 3493 officialem
1928 3425 2040 3470 seu
2088 3399 2180 3490 (1)
2213 3398 2537 3467 vicarium

234 3511 439 3602 infra
500 3520 644 3576 octo
683 3508 816 3592 dies
845 3521 1001 3600 post
1039 3521 1320 3577 mortem
1351 3509 1694 3599 Episcopi,
1728 3521 1938 3600 prout
1995 3505 2280 3575 mandat
2319 3504 2537 3571 conci·

239 3619 421 3687 lium
456 3615 914 3684 Tridentinum
958 3617 1128 3704 (sess.
1164 3616 1275 3701 24,
1309 3638 1362 3683 c.
1401 3616 1536 3705 16).

345 3721 681 3791 Secundo,
716 3724 779 3789 Is
808 3722 1098 3790 vicarius
1119 3723 1210 3789 sic
1231 3722 1631 3790 constitutus
1661 3712 1866 3787 obibit
1892 3719 2018 3807 illa
2044 3717 2274 3787 omnia
2301 3714 2537 3783 munia

245 3853 403 3923 quae
440 3829 791 3896 concilium
833 3829 1136 3919 (sessione
1163 3828 1278 3910 24,
1301 3852 1355 3897 c.
1396 3827 1502 3916 18)
1524 3827 1765 3894 statuit
1783 3823 2086 3893 obeunda
2103 3824 2187 3891 ab
2209 3821 2536 3913 Episcopo

244 3960 363 4006 seu
393 3937 533 4026 ejus
559 3936 831 4017 vicario,
862 3958 1012 4003 cum
1029 3935 1452 4026 parochialis
1479 3934 1759 4002 ecclesioe
1797 3933 2058 4001 vacatio
2087 3929 2461 4020 contiqerit.

346 4044 587 4111 Tertio,
606 4045 703 4110 Et
727 4044 797 4111 in
819 4043 1033 4134 specie
1055 4043 1288 4111 statim
1307 4043 1547 4110 lzabita
1570 4041 1815 4109 notitia
1842 4038 2208 4108 vacationis
2226 4034 2535 4117 ecclesioe,

247 4161 315 4220 et
355 4162 719 4240 antequam
758 4150 988 4217 ullum
1023 4150 1153 4240 fiat
1181 4172 1485 4228 examen,
1520 4147 1871 4215 constituet
1898 4144 2204 4213 idoneum
2232 4143 2306 4210 in
2335 4164 2413 4208 ea
2441 4139 2539 4206 vi-

247 4256 514 4326 carium
545 4278 696 4323 cum
725 4278 1018 4346 conqrua
1034 4258 1385 4346 fructuum
1405 4253 1736 4346 portionis
1760 4252 2227 4341 assiqnatione‚
2256 4267 2542 4316 reserva-

319 4425 392 4487 (1)
422 4426 612 4476 Textus
640 4424 829 4476 Garciae
852 4393 1020 4486 habet,
1041 4426 1093 4475 et
1111 4426 1369 4475 vicarium.
