2930 4982
1168 378 1249 423 nn
1294 376 1621 422 CAPlTULIS.
2413 366 2537 425 523

253 497 346 562 ibi
378 496 652 587 exprimi
674 499 787 586 jus
802 497 1061 588 proprie
1089 496 1375 581 dictum;
1409 496 1497 563 ita
1514 501 1588 561 ut
1612 494 1735 562 alio
1754 495 1945 563 modo
1966 495 2132 563 sacta
2161 494 2418 582 electi0,
2448 495 2530 563 sit

255 607 478 669 contra
490 605 625 692 jus,
658 625 733 670 ac
771 603 1044 693 proinde
1067 601 1269 669 irrita.
1295 600 1363 668 ld
1389 605 1606 667 autem
1638 602 1935 689 congruit
1957 624 2107 670 cum
2132 602 2214 670 iis
2243 624 2389 691 quae
2437 602 2532 669 le-

253 709 470 797 gimus
491 711 662 799 apud
690 709 1119 798 Pignatellum
1142 707 1326 798 (tom.
1352 706 1502 792 Vll,
1534 706 1806 774 consult.
1828 706 1896 791 4,
1921 728 1987 772 n.
2026 708 2085 798 1)
2112 733 2127 775 ε
2162 735 2197 774 «
2219 707 2533 789 Quamvis

261 840 297 879 «
336 837 594 883 sacrum
622 816 975 884 concilium
1005 815 1462 883 Tridentinum
1502 813 1768 903 praecise
1797 833 1929 879 non
1955 820 2152 881 arctet
2174 815 2254 880 ad
2283 814 2526 903 eligen-

262 946 296 985 «
324 921 471 988 dam
497 944 840 1012 personam
871 922 941 989 in
970 922 1320 1006 vicarium,
1348 942 1495 1009 quse
1517 920 1599 987 sit
1627 919 1706 986 de
1738 916 1988 1005 gremio
2018 917 2219 1006 ipsius
2235 919 2526 1009 capituli,

262 1051 298 1091 «
326 1029 573 1115 quoties
605 1033 824 1095 tamen
864 1049 1148 1115 cumque
1184 1028 1358 1093 adest
1403 1027 1701 1102 idoneus,
1750 1023 1996 1091 caeteris
2047 1022 2315 1112 paribus
2343 1024 2528 1091 illum

258 1157 294 1196 α
323 1154 457 1199 esse
481 1133 955 1223 praeferendum
986 1133 1286 1218 'referunt
1306 1130 1546 1220 pluries
1570 1131 1864 1197 decisum
1900 1151 1935 1194 a
1964 1126 2159 1196 Sacra
2174 1124 2537 1216 Congrega-

262 1264 295 1302 «
331 1240 503 1307 tione
542 1239 805 1307 concilii
830 1238 1183 1319 Quaranta,
1214 1238 1501 1323 RicciuS,
1544 1236 1847 1321 Barbosa,
1872 1234 2237 1319 Gavantus3
2270 1241 2332 1300 et
2359 1255 2395 1300 a
2421 1232 2537 1302 Sa-

258 1369 294 1409 «
322 1367 430 1412 cra
459 1344 965 1434 Congregatione
994 1367 1187 1434 super
1215 1344 1552 1433 Episcopis
1602 1343 1697 1432 (ut
1725 1342 1797 1408 in
1820 1340 2137 1408 Tranensi
2165 1340 2251 1407 22
2280 1339 2536 1408 februa-

258 1476 294 1514 «
320 1451 402 1517 rii
438 1450 638 1533 15933
665 1452 851 1517 —in
881 1449 1199 1540 Nepesina
1233 1450 1315 1517 10
1338 1451 1517 1538 junii
1579 1449 1750 1521 1602
1772 1474 1788 1533 3
1814 1471 1888 1515 ac
1919 1442 2074 1515 alibi
2106 1446 2321 1537 saepe).
2356 1446 2531 1527 Quin

259 1582 292 1620 «
317 1557 450 1624 imo
468 1579 541 1624 ex
574 1557 968 1642 necessitate,
996 1555 1258 1644 quando
1277 1556 1349 1622 in
1380 1554 1665 1645 capitulo
1704 1544 1941 1621 adsunt
1982 1554 2272 1621 doctores
2297 1553 2367 1620 in
2411 1576 2530 1643 pu-

257 1689 290 1726 «
326 1661 496 1730 blica
522 1663 937 1730 universitate
965 1661 1259 1746 laureati,
1293 1660 1656 1750 capitulum
1681 1659 1884 1727 teneri
1913 1683 2122 1727 unum
2153 1682 2229 1727 ex
2257 1660 2387 1727 illis
2414 1660 2536 1727 eli-

252 1794 288 1833 «
321 1791 473 1857 gere
495 1769 562 1834 in
579 1767 923 1854 vicarium,
938 1767 1226 1855 alioquin
1242 1767 1619 1834 electionem
1642 1765 1772 1834 dici
1790 1766 2063 1850 nullam,
2080 1766 2318 1857 pariter
2337 1766 2535 1833 fuisse

254 1899 290 1937 «
320 1871 607 1940 decisum
640 1894 749 1961 per
789 1871 1082 1940 eamdem
1119 1869 1384 1940 Sacram
1406 1869 1986 1959 Congregationem
2013 1871 2299 1955 concilii,
2337 1875 2532 1939 testa-

253 2003 290 2043 «
319 1984 425 2047 tur
453 1978 711 2047 Garzias
739 1978 858 2068 (De
884 1978 1131 2066 benef„
1164 1981 1327 2067 part.
1364 1977 1430 2058 5,
1459 1999 1518 2043 c.
1552 1976 1617 2059 7,
1653 1998 1719 2043 n.
1756 1977 1858 2064 12)
1884 1977 1986 2043 his
2015 1977 2227 2043 verbis
2271 2002 2286 2044 ε
2318 1981 2531 2045 Sacra

253 2111 290 2149 «
324 2085 769 2174 Conqreq‘atio
800 2084 1077 2152 concilii
1101 2084 1379 2169 censuit,
1409 2084 1835 2152 existentibus
1863 2083 2234 2151 doctoribus
2252 2085 2322 2151 in
2342 2084 2532 2174 eapi-

256 2215 291 2252 «
317 2191 489 2270 tul0,
523 2190 878 2256 necessario
906 2213 1121 2257 unum
1149 2213 1229 2257 ex
1258 2190 1399 2257 illis
1426 2191 1499 2257 in
1525 2190 1843 2257 vicarium
1883 2213 2014 2257 esse
2049 2190 2451 2280 eliqendum.
2485 2215 2519 2254 »

337 2293 514 2362 Idem
556 2301 730 2363 tenet
784 2297 1140 2364 Leurenius
1195 2299 1280 2383 (T
1274 2309 1441 2363 raet.
1492 2295 1572 2362 de
1611 2319 1788 2387 cap„
1830 2295 1976 2364 sede
2035 2320 2209 2379 vac„
2256 2320 2396 2385 cap.
2454 2297 2523 2365 4.

244 2403 471 2484 quaest.
501 2399 655 2490 556)
683 2424 698 2466 ε
729 2425 764 2465 «
791 2399 920 2469 Ubi
951 2407 1169 2469 tamen
1210 2402 1279 2468 in
1304 2401 1588 2493 capitulo
1612 2402 1827 2468 adsint
1848 2402 2137 2469 doctores
2171 2403 2238 2467 in
2266 2401 2527 2490 publica

253 2529 287 2567 «
316 2506 732 2576 universitate
754 2510 1060 2600 promoti,
1095 2509 1455 2601 capitulum
1481 2531 1554 2576 ex
1577 2510 1946 2576 necessitate
1984 2509 2189 2576 teneri
2213 2531 2427 2576 unum
2450 2531 2525 2576 ex

252 2637 289 2675 «
316 2610 396 2678 iis
423 2613 705 2702 eligere
688 2637 758 2681 ιη
778 2615 1127 2699 vicarium,
1155 2616 1446 2704 alioquin
1464 2616 1849 2684 electionem
1868 2615 2004 2683 fore
2032 2615 2305 2698 nullam,
2322 2617 2507 2704 juxta

251 2743 286 2780 «
315 2717 812 2786 declarationem
834 2718 1046 2789 Sacrae
1074 2720 1629 2809 Congregationis.
1656 2744 1690 2784 »

336 2823 664 2904 Secunde,
688 2825 790 2891 his
812 2831 1030 2894 tamen
1055 2849 1186 2895 non
1212 2827 1642 2911 obstantibuS,
1664 2826 2023 2894 Cardinalis
2046 2826 2124 2894 de
2149 2825 2327 2893 Luca
2356 2823 2520 2917 (loco

237 2950 441 3017 supra
480 2931 889 3020 transcripto)
933 2932 1025 2999 sic
1069 2932 1354 3001 asserit:
1415 2959 1448 2998 «
1486 2932 1799 3013 Quamvis
1842 2933 2040 3001 Sacra
2093 2931 2521 3022 Congregatio

249 3060 284 3098 «
316 3035 559 3119 laudet,
595 3040 668 3103 ut
710 3037 1129 3105 existentibus
1168 3038 1496 3127 graduatis
1533 3040 1613 3107 de
1657 3041 1933 3128 gremio,
1966 3041 2035 3106 in
2081 3061 2214 3107 uno
2244 3040 2518 3108 istorum

248 3166 283 3205 «
319 3141 648 3231 deputatio
672 3143 896 3210 cadere
919 3143 1137 3226 soleat,
1171 3145 1225 3211 si
1253 3150 1470 3213 tamen
1500 3146 1780 3235 eligatur
1802 3147 2023 3214 doctor
2051 3146 2322 3214 idoneus
2344 3150 2522 3214 extra

247 3272 281 3312 «
318 3249 676 3335 gremium,
705 3270 839 3317 non
866 3251 1094 3318 exinde
1122 3257 1301 3319 actus
1334 3260 1625 3320 remanet
1657 3254 2004 3320 invalidus,
2037 3278 2070 3316 »
2108 3251 2251 3332 Quo
2277 3251 2521 3319 funda-

238 3359 462 3420 mento
485 3353 938 3422 existimaverit
962 3356 1356 3425 clarissimus
1385 3364 1613 3425 au'ctor
1640 3357 1906 3426 Sacram
1933 3357 2517 3446 Congregationem

239 3456 554 3526 laudasse
592 3464 845 3528 tantum
889 3461 956 3530 id
995 3463 1168 3552 quod
1206 3463 1317 3530 alii
1352 3470 1582 3553 putant
1618 3463 1701 3531 ab
1731 3464 1870 3554 ipsa
1895 3464 2182 3532 decisum
2224 3484 2358 3531 esse
2396 3461 2519 3530 sub

237 3566 534 3633 nullitate
558 3566 887 3635 electionis
917 3568 1099 3636 aliter
1123 3570 1327 3653 factae,
1356 3572 1757 3658 ignoramus.

324 3669 513 3740 Unde
553 3673 928 3761 diligentius
973 3676 1379 3763 inquirendae
1420 3684 1629 3743 essent
1666 3684 1729 3744 et
1771 3676 2201 3766 expendendae
2236 3673 2514 3765 praedic·

235 3782 456 3845 tarum
486 3781 1062 3869 congregationum
1101 3781 1589 3869 declarationes;
1622 3790 1684 3850 et
1715 3784 1770 3851 si
1809 3783 2077 3873 quidem
2109 3782 2515 3872 reperiantur

237 3883 408 3951 clare
433 3890 497 3953 et
532 3891 894 3954 constanter
929 3891 1331 3978 respondisse
1358 3893 1546 3980 juxta
1584 3913 1846 3959 sensum
1885 3912 1922 3957 a
1956 3888 2280 3957 Leurenio
2318 3893 2381 3956 et
2407 3886 2512 3955 Pi·

237 3992 516 4077 gnatello
555 4000 1013 4081 memoratum,
1040 3997 1504 4086 relinquendus
1534 3999 1654 4067 erit
1684 4000 1855 4067 circa
1882 3999 2051 4065 hanc
2087 3997 2513 4086 quaestionem

239 4093 599 4167 Cardinalis
627 4101 704 4168 de
732 4101 937 4171 Luca.
967 4102 1272 4172 Vidimus
1298 4111 1603 4194 praeterea
1621 4106 1956 4172 laudatum
1980 4103 2392 4184 Cardinalem
2412 4102 2511 4170 ul-

240 4205 441 4271 terius
460 4206 823 4295 perrexisse.
853 4209 1111 4277 Attenta
1132 4212 1378 4278 scilicet
1404 4212 1814 4301 experientia,
1840 4234 1984 4301 quae
2003 4217 2264 4279 testatur
2283 4210 2509 4277 utilius

241 4313 374 4399 regi
404 4312 731 4381 dioecesim
761 4338 874 4406 per
902 4319 1218 4388 vicarium
1239 4318 1662 4408 capitularem
1688 4325 2002 4406 exterum,
2027 4319 2150 4409 ipsi
2181 4318 2393 4384 visum
2417 4317 2512 4376 est

242 4419 563 4489 ordinarie
589 4422 909 4511 expedire,
938 4426 1179 4493 caeteris
1217 4425 1507 4515 paribus,
1541 4432 1615 4494 ut
1642 4430 1890 4496 exterus
1910 4425 2307 4517 prael'eratur.
2336 4414 2507 4483 Huic
