2930 4982
339 326 370 377 Β.
384 326 418 380 4
427 324 463 379 8
1327 324 1671 372 ΤΒΑΟΤΑΤΗΒ

349 478 384 519 ι(
422 473 613 542 scopo
659 448 747 540 (1)
797 447 1190 538 pontificalia
1229 447 1548 515 exercenti
1588 450 1769 513 extra
1808 441 2291 513 cathedralem?
2314 481 2405 494 —-
2433 440 2627 514 Sacra

346 585 381 626 «
417 556 838 645 Congregatio
883 554 1260 645 respondit:
1310 556 1467 620 Tres
1503 550 1845 620 canonicos
1885 547 2292 618 cathedralis
2338 548 2413 615 in
2463 544 2624 618 civi-

344 691 379 731 «
428 674 564 731 tate
594 662 803 731 teneri
833 660 1134 741 assistere
1161 659 1650 751 archiepiscopo
1674 655 2106 750 pontificalia
2133 655 2465 724 exercenti
2495 680 2522 724 .·
2555 669 2627 725 at

346 798 379 836 «
409 781 611 838 eoetra
634 768 977 837 civitatem
1000 789 1133 834 non
1157 790 1286 836 esse
1310 766 1650 858 coqendos.
1676 765 1797 834 Die
1825 766 1905 835 13
1926 763 2079 856 julii
2108 761 2304 831 1658.
2336 785 2370 826 >³
2407 762 2625 853 (Apud

339 876 724 960 Gardellini,
760 896 827 941 n.
867 873 1093 963 1763.)

427 984 506 1051 In
548 1004 742 1050 causa
783 985 1003 1050 autem
1035 978 1363 1069 Aquilana
1409 977 1492 1045 19
1538 974 1899 1045 decembris
1942 973 2138 1058 1665,
2176 996 2355 1042 sacra
2401 973 2633 1043 eadem·

338 1090 766 1179 Congregatio
796 1087 1163 1167 declaravit,
1192 1084 1571 1176 capitulum
1609 1096 1674 1151 et
1719 1081 2065 1152 canonicos
2093 1079 2502 1149 cathedralis
2540 1082 2622 1150 ci-

342 1196 570 1265 vitatis
624 1194 889 1286 Aquilae
950 1191 1159 1262 teneri
1214 1191 1512 1260 assistere
1563 1191 1897 1282 Episcopo
1937 1187 2425 1280 pontificaliter
2475 1188 2624 1257 cele·

342 1304 590 1390 branti,
622 1303 840 1386 etiams
860 1311 1051 1368 eoetra
1080 1298 1558 1382 cathedralem,
1583 1294 1944 1364 dummodo
1962 1316 2276 1363 numerus
2292 1295 2624 1386 sufficiens

341 1407 811 1477 canonicorum
848 1415 1189 1473 remaneat
1226 1405 1299 1473 in
1343 1401 1719 1472 cathedrali
1730 1425 1864 1493 pro
1905 1400 2171 1470 servitio
2202 1398 2397 1468 dictae
2438 1401 2625 1469 eccle-

342 1513 482 1582 sioe.
516 1512 735 1604 (Apud
781 1510 1163 1595 Gardellini,
1194 1533 1263 1578 n.
1311 1509 1541 1599 2202.)
1585 1509 1926 1600 Perpensis
1964 1512 2181 1575 autem
2232 1506 2313 1575 iis
2349 1506 2625 1575 declara-

343 1618 655 1702 tionibus,
688 1640 820 1687 non
857 1618 1114 1687 videtur
1150 1616 1437 1706 aliquem
1476 1622 1726 1683 certum
1762 1637 2118 1684 numerum
2169 1613 2621 1682 canonicorum

343 1747 527 1815 posse
555 1725 892 1814 assignari,
928 1747 1089 1814 quos
1127 1724 1313 1791 liceat
1339 1723 1658 1814 Episcopo
1706 1724 1777 1790 in
1821 1723 1925 1790 sui
1954 1721 2381 1791 assistentiam
2422 1720 2621 1788 abdu-

343 1853 510 1919 cere,
538 1832 626 1899 ita
652 1838 727 1898 ut
753 1830 864 1899 ille
893 1851 1210 1898 numerus
1238 1835 1552 1918 tanquam
1585 1829 1811 1918 regula
1835 1828 2075 1896 servari
2092 1827 2343 1918 ubique
2378 1827 2619 1895 debeat.

342 1937 499 2006 Tres
537 1937 805 2028 quidem
835 1936 1180 2005 canonicos
1227 1936 1307 2004 ad
1352 1936 1779 2004 assistentiam
1826 1937 2033 2003 teneri
2070 1934 2419 2003 declaravit
2464 1934 2625 2004 dicta

345 2045 796 2134 congregatim
845 2051 909 2113 at
937 2046 1061 2113 dici
1096 2049 1305 2135 potest
1335 2065 1479 2111 eam
1516 2044 2023 2132 assignationem
2057 2043 2397 2119 ecclesiam
2430 2041 2626 2131 Ragn-

344 2151 551 2218 sinam
580 2158 835 2219 tantum
862 2153 1198 2242 respicere,
1227 2151 1404 2219 etita
1436 2150 1525 2219 ob
1566 2151 1770 2241 hujus
1798 2150 2085 2218 ccclesiae
2116 2149 2626 2217 circumstantias

343 2259 765 2349 particulares
795 2259 992 2327 fuisse
1017 2279 1403 2349 responsum
1429 2280 1447 2340 3
1483 2279 1638 2325 cum
1666 2258 1734 2324 in
1766 2257 1961 2325 altera
1989 2259 2178 2325 citata
2217 2256 2628 2347 responsione

345 2365 413 2433 id
439 2362 690 2433 tantum
719 2373 1179 2455 praecaveatur,
1213 2366 1288 2434 ut
1316 2366 1384 2432 in
1416 2362 1770 2433 cathedrali
1797 2363 2135 2456 sufficiens
2171 2362 2627 2432 canonicorum

344 2486 663 2540 numerus
699 2476 1047 2540 remaneat.
1089 2469 1273 2540 Unde
1302 2469 1834 2539 concludendum
1874 2469 2124 2538 videtur
2156 2490 2288 2537 non
2331 2467 2629 2559 restringi

344 2573 741 2665 Episcopum
772 2576 849 2644 ad
892 2578 1084 2645 talem
1119 2577 1219 2645 vel
1262 2577 1453 2644 talem
1497 2597 1877 2663 numerum,
1912 2576 2021 2645 sed
2052 2598 2193 2645 rem
2234 2598 2309 2644 ex
2347 2576 2623 2643 circum-

350 2682 599 2750 stantiis
629 2683 935 2774 pendere,
959 2693 1021 2751 et
1044 2685 1108 2752 id
1134 2689 1392 2752 tantum
1421 2673 1679 2768 ‘certum
1704 2707 1861 2769 esse,
1892 2706 2022 2752 non
2044 2707 2227 2775 posse
2248 2682 2635 2775 Episcopum

347 2792 441 2858 tot
468 2790 812 2859 canonicos
850 2792 927 2861 ad
972 2791 1096 2859 sibi
1133 2791 1563 2859 assistendum
1603 2798 1785 2860 extra
1824 2791 2253 2860 cathedralem
2284 2810 2624 2873 assumere,

344 2901 576 2966 utnon
606 2904 935 2968 remaneat
963 2898 1295 2968 sufficiens
1320 2899 1390 2966 in
1415 2898 1769 2968 cathedrali
1795 2922 1912 2991 pro
1942 2899 2355 2968 convenienti
2376 2897 2629 2966 servitio

347 3022 686 3072 numerus,

434 3107 504 3173 4⁰
533 3107 637 3176 An
674 3115 736 3176 et
768 3109 1094 3199 quomodo
1131 3115 1477 3179 teneantur
1519 3108 1817 3177 canonici
1847 3108 2162 3200 Episcopo
2202 3109 2631 3185 ordinationes

345 3219 518 3281 extra
560 3215 993 3284 cathedralem
1036 3216 1370 3308 peragenti
1409 3216 1750 3283 assistere?
1790 3254 1881 3268 --
1918 3215 2107 3285 Licet
2133 3217 2242 3285 ille
2285 3239 2471 3285 casus
2514 3215 2630 3282 sub

348 3320 764 3409 praecedentis
810 3323 1218 3411 generalitate
1254 3321 1874 3412 comprehendatur,
1910 3324 2107 3392 dubia
2144 3330 2359 3391 tamen
2401 3324 2476 3391 de
2517 3322 2628 3390 illo

344 3425 414 3494 in
447 3428 819 3515 particulari
848 3433 999 3495 sunt
1025 3430 1314 3497 ortasEn
1343 3434 1563 3497 autem
1592 3430 1837 3519 aliquas
1878 3431 2233 3499 decisiones
2265 3453 2413 3520 quae
2444 3431 2631 3498 illum

345 3531 725 3623 respiciunt.
765 3560 799 3601 ι(
822 3533 1016 3604 Sacra
1037 3538 1289 3604 rituum
1314 3535 1744 3625 Congregatio
1774 3537 2151 3605 inhaerendo
2181 3538 2453 3607 decretis
2477 3538 2633 3605 alias

357 3664 392 3704 «
427 3640 497 3709 in
522 3640 850 3710 similibus
874 3641 1129 3711 casibus
1152 3644 1333 3711 factis
1356 3644 1690 3734 respondit
1721 3666 1737 3711 ε
1779 3643 2144 3711 Canonieos
2171 3643 2381 3711 teneri
2404 3643 2634 3711 minis·

355 3771 391 3812 «
430 3758 631 3835 trare,
661 3750 963 3819 assistere
998 3762 1064 3817 et
1093 3749 1409 3818 inservire
1448 3749 1951 3841 Archiepiscopo
2000 3748 2450 3818 ordinationes
2491 3762 2636 3818 tam

306 3869 311 3876 “
358 3877 394 3917 «
438 3854 621 3921 intra
664 3857 868 3947 quam
889 3859 892 3864 ”
914 3867 1106 3924 extra
1148 3857 1492 3924 ecclesiam
1533 3855 2408 3944 cathedralem‘celebranti,
2439 3856 2635 3923 dum—

361 3960 628 4026 «·modo
663 3962 735 4029 in
774 3962 1151 4031 cathedrali
1184 3973 1284 4029 tot
1316 3962 1619 4029 canonici
1643 3973 1706 4029 et
1745 3962 2040 4031 ministri
2063 3975 2475 4050 remaneant,
2520 3959 2637 4053 qui

360 4089 394 4131 «
438 4065 599 4130 satis
626 4066 758 4133 sint
788 4067 882 4135 ad
895 4067 1135 4136 ⁴divina
1160 4067 1390 4158 officia
1419 4066 1839 4147 celebranda,
1875 4069 1911 4133 7
1932 4069 2084 4159 julii
2112 4067 2309 4136 1612.
2344 4094 2378 4132 »
2414 4061 2634 4158 (Apud

351 4165 734 4248 Gardellini,
767 4193 835 4239 n.
883 4173 1068 4264 312.)
1115 4175 1292 4246 ldem
1329 4175 1651 4267 ‘reperitur
1688 4176 1984 4245 decisum
2036 4176 2107 4244 in
2162 4176 2354 4245 citata
2397 4175 2626 4244 collec-

412 4408 479 4471 (1)
509 4407 697 4472 Nempe
725 4408 977 4470 Ragusino
1000 4410 1087 4470 qui
1116 4421 1260 4457 casus
1277 4409 1580 4463 ‘decisionem
1608 4413 1914 4477 postulabat.
