2930 4982
398 336 522 394 530
1375 336 1718 384 ‘suenrus

405 492 437 530 «
465 467 692 558 pondit
735 460 1146 554 affirmative
1167 483 1190 525 .·
1252 459 1335 526 ad
1386 456 1779 544 secundum,
1842 468 2134 548 spectare
2185 453 2279 522 ad
2316 451 2694 544 capitulum

406 601 440 640 «
466 570 1023 663 metropolitanoe.
1057 565 1369 655 Idemque
1395 586 1780 654 responsum
1811 564 1987 632 dedit
2014 564 2120 632 die
2156 563 2237 631 14
2264 562 2494 652 aprilis
2528 558 2692 627 1685

403 704 437 743 «
464 678 537 767 (l.
568 699 746 745 xxxv
774 673 1062 757 Decret.,
1091 693 1239 761 pag.
1280 669 1456 759 190).
1484 693 1519 733 »

481 781 561 849 ΙΙ.
605 779 674 849 Si
716 785 933 845 tamen
963 775 1099 860 ille,
1141 774 1221 841 ad
1261 796 1460 863 quem
1500 772 1861 839 devolvitur
1882 774 1992 861 jus
2015 770 2397 860 deputandi,
2427 768 2545 836 illo
2569 791 2693 836 non

394 888 613 958 statim
659 890 905 965 utatur,
952 887 1013 948 et
1054 881 1409 970 capitulum
1451 880 1697 946 interea
1739 883 1886 967 post
1915 878 2266 966 assignatos
2308 897 2346 943 a
2377 877 2532 964 jure
2562 882 2691 943 octo

396 995 534 1062 dies
562 1013 748 1060 suam
776 990 1157 1056 electionem
1191 985 1533 1075 compleat,
1566 1007 1650 1051 an
1681 983 1921 1051 valebit
1941 983 2060 1050 ista
2087 983 2312 1050 electio
2332 985 2366 1048 ⁶?
2393 1019 2486 1035 -
2513 980 2687 1048 lllam

398 1097 608 1166 valere
665 1096 742 1186 (si
790 1094 1003 1162 adsint
1048 1091 1203 1159 alias
1253 1090 1583 1178 requisita)
1630 1093 1850 1155 tenent
1892 1088 2178 1155 doctores
2229 1088 2682 1170 communiter,

401 1203 591 1271 modo
620 1200 982 1292 capitulum
1008 1208 1251 1287 purqet
1281 1218 1566 1279 moram,
1601 1195 1668 1262 id
1701 1202 1818 1274 est,
1854 1198 2125 1285 exponat
2152 1216 2216 1261 se
2248 1216 2384 1261 non
2414 1215 2492 1261 ex
2522 1215 2686 1260 mera

399 1309 820 1401 negligentia,
846 1306 954 1374 scd
975 1328 1048 1373 ex
1078 1326 1272 1373 causa
1295 1304 1676 1371 electionem
1703 1302 1877 1370 ultra
1904 1306 2167 1390 tempus
2194 1301 2600 1391 protraxisse.

1489 1579 1609 1655 §2

1028 1750 1187 1789 CASL'S
1226 1750 1538 1788 ELECTIONIS
1584 1749 1854 1788 NULLITER
1883 1749 2065 1788 FACTAE

407 1970 414 1975 ·
493 1932 842 2004 Vel'nulla
884 1936 977 1999 est
1023 1952 1097 1997 eo
1143 1930 1319 2019 quod
1367 1930 1450 1997 sit
1491 1929 1806 1996 contraria
1854 1928 2108 1996 decreto
2151 1927 2561 2012 Tridentino,
2601 1928 2692 1995 vel

405 2042 669 2110 aliunde
699 2064 715 2108 t
741 2060 872 2106 non
900 2038 1175 2106 violatur
1197 2037 1445 2104 scilicet
1464 2038 1799 2104 decretum=
1817 2035 2425 2117 Tridentinumnisi
2454 2037 2527 2102 in
2552 2035 2693 2103 duo-

404 2149 530 2217 bus
552 2147 844 2215 casibus:
882 2147 946 2212 1ο
970 2144 1229 2235 quando
1251 2160 1396 2232 ‚non
1420 2143 1739 2227 fit'electio
1767 2145 1937 2210 intra
1976 2148 2118 2210 octo
2143 2142 2307 2225 dies;
2339 2142 2408 2208 2⁰
2447 2145 2693 2232 quando

407 2274 541 2321 non
591 2252 855 2340 eligitur
893 2250 1137 2333 doctor,
1191 2249 1292 2315 vel
1345 2250 1468 2316 isto
1520 2249 1883 2336 deficiente,
1923 2248 2078 2316 alias
2120 2248 2414 2315 idoneus.
2470 2247 2695 2315 Electio

409 2365 624 2427 autem
667 2361 870 2447 potest
908 2377 1041 2422 esse
1080 2355 1264 2422 nulla
1302 2375 1377 2421 ex
1412 2354 1639 2422 multis
1676 2355 1816 2422 aliis
1865 2355 2228 2445 capitibus3
2276 2354 2457 2422 verbi
2505 2355 2698 2442 gratia

406 2481 486 2529 ex
509 2483 585 2530 eo
612 2462 787 2550 quod
818 2482 1047 2529 omnes
1073 2461 1458 2552 capitulares
1487 2483 1620 2529 non
1648 2461 1889 2529 suerint
1916 2460 2144 2549 vocati,
2174 2467 2238 2529 et
2260 2460 2609 2529 similibus.

439 2615 444 2620 -
497 2566 545 2634 Ι.
576 2567 853 2646 Quando
868 2569 1134 2634 nullitas
1150 2569 1416 2635 aliunde
1440 2570 1742 2657 provenit
1770 2591 1970 2657 quam
1990 2591 2066 2636 ex
2092 2568 2428 2636 violatione
2454 2568 2700 2635 decreti

409 2672 800 2755 Tridentini,
851 2692 985 2741 non
1038 2673 1233 2739 habet
1290 2673 1512 2740 locum
1553 2675 1726 2762 quod
1771 2674 2013 2742 dicitur
2056 2676 2123 2742 in
2175 2675 2276 2742 illo
2320 2674 2567 2740 decreto
2617 2674 2701 2740 de

409 2780 817 2848 devolutione
874 2779 954 2847 ad
1008 2777 1598 2870 Metropolitanum,
1654 2782 1757 2849 vel
1814 2782 1894 2849 ad
1953 2783 2406 2872 antiquiorem,
2456 2779 2568 2848 vel
2624 2780 2698 2847 ad

409 2886 794 2953 viciniorem
816 2885 1236 2976 Episcopum.
1273 2884 1620 2977 Dispositio
1645 2889 1825 2955 enim
1848 2888 2235 2956 Tridentina
2259 2910 2389 2956 non
2421 2886 2699 2955 decernit

408 2991 581 3059 hanc
607 2983 1085 3059 devolutionem
1120 2992 1244 3059 nisi
1273 2992 1344 3060 in
1375 2995 1701 3083 praedictis
1731 2994 1986 3063 duobus
2014 2995 2295 3063 casibus.
2339 2993 2528 3062 Unde
2561 2994 2691 3082 qui,

413 3102 589 3168 extra
616 3097 759 3166 illos
788 3098 952 3166 duos
980 3119 1190 3185 casim,
1224 3100 1554 3166 contendit
1583 3100 1964 3169 electionem
2000 3102 2197 3169 fuisse
2228 3101 2481 3168 nullam
2518 3097 2699 3166 debet

413 3205 591 3274 adire
628 3206 920 3273 tribunal
945 3205 1243 3294 superius
1260 3208 1609 3297 respective
1640 3209 1718 3275 ad
1751 3208 2137 3299 capitulum,
2175 3230 2289 3275 seu
2314 3207 2701 3298 superiorem

415 3310 711 3398 capituli,
733 3311 798 3378 id
820 3319 914 3378 est
934 3310 1200 3380 Sacram
1222 3311 1805 3402 Congregationem
1831 3315 2092 3382 concilii
2112 3315 2373 3404 quando
2400 3315 2615 3404 agitur
2633 3312 2700 3378 de

413 3414 694 3504 capitulo
747 3417 1046 3483 ecclesiae·
1084 3419 1598 3508 metropolitanae
1650 3422 1753 3488 vel
1801 3427 2129 3512 exemptae.
2179 3421 2251 3491 Si
2287 3428 2508 3489 autem
2547 3417 2696 3487 illud

414 3520 699 3590 tribunal
731 3523 1106 3613 pronuntiet
1138 3524 1536 3606 nullitatem,
1571 3526 1903 3596 debebunt
1943 3529 2327 3619 capitulares
2356 3528 2433 3595 ad
2478 3545 2698 3595 novam

414 3628 791 3731 electionem
832 3631 1197 3719 procedere.
1244 3629 1440 3699 Sacra
1499 3639 1716 3702 autem
1765 3635 2193 3726 Congregatio
2244 3624 2512 3703 concilii
2557 3632 2702 3701 solet

416 3729 715 3838 usquead
735 3738 979 3803 exitum
1010 3758 1217 3803 causae
1252 3743 1672 3807 manutenere
1700 3764 1850 3812 eum
1869 3746 1972 3833 cuj
1984 3766 2058 3810 us
2087 3741 2312 3810 electio
2343 3746 2703 3809 controver-

415 3841 593 3923 titur,
635 3842 1008 3932 ‘supplendo
1057 3844 1181 3932 ipsi
1234 3846 1680 3913 auctoritatem
1725 3850 1795 3915 in
1850 3853 2171 3938 quantum
2204 3848 2570 3937 indigeret3
2609 3843 2708 3912 vel

416 3945 614 4013 etiam
662 3948 950 4037 aliquem
997 3949 1137 4038 ipsa
1186 3949 1449 4039 deputat
1495 3973 1613 4043 pro
1663 3959 1793 4023 toto
1844 3957 2010 4024 sedis
2061 3956 2348 4025 vacantis
2396 3960 2702 4046 tempore.

421 4048 607 4137 (vide
637 4052 1065 4140 Leurenium,
1105 4055 1318 4123 Tract.
1367 4061 1463 4126 De
1492 4059 1809 4151 capitum,
1852 4062 1999 4130 sede
2031 4084 2205 4143 vae„
2250 4084 2308 4129 c.
2363 4062 2433 4141 4,
2479 4066 2704 4151 quaest.

381 4249 384 4250 ⁷
420 4156 606 4247 554.)
638 4156 704 4226 Si
749 4166 964 4229 autem
995 4164 1349 4232 declararet
1389 4170 1841 4238 tantummodo
1897 4170 2286 4251 nullitatem,
2326 4168 2503 4236 nihil
2536 4166 2713 4235 aliud

417 4263 777 4347 statuendo,
817 4266 1076 4336 deberet
1116 4276 1189 4337 ut
1225 4272 1509 4341 diximus
1538 4277 1904 4365 capitulum
1937 4277 2016 4345 ad
2060 4299 2297 4344 novam
2327 4276 2711 4346 electionem

422 4371 953 4453 procedere‘intra
976 4379 1118 4441 octo
1148 4376 1282 4445 dies
1306 4400 1343 4445 a
1376 4381 1634 4469 cognita
1662 4384 1974 4452 sententia
2002 4384 2339 4453 nullitatis.
