2930 4982
1178 384 1259 429 DE
1297 383 1604 431 cunnus
1614 416 1629 431 .
2475 386 2510 434 (5
2522 382 2554 434 7

262 525 412 572 cum
442 524 761 571 consensu
791 501 1088 593 capituli,
1118 503 1434 592 quosdam
1464 505 1882 572 canonicatus
1910 524 2065 570 cum
2095 503 2230 573 suis
2263 506 2562 596 praeben-

262 611 395 696 dis,
433 631 569 679 non
614 612 981 679 extenditur
1021 612 1102 680 ad
1142 611 1567 683 canonicatus
1615 610 1991 681 auctoritate
2035 610 2221 702 Papae
2270 614 2557 683 firmatos

261 739 409 783 cum
439 717 699 787 decreto
728 717 807 784 de
833 739 967 787 non
1008 719 1321 787 mutando
1367 739 1673 787 numero.
1707 717 2034 808 (Barbosa,
2063 720 2160 785 De
2196 721 2554 804 canonici&

258 845 310 891 o.
342 825 409 906 4,
445 845 515 891 n.
554 824 689 914 19.)
723 823 1044 910 Secund0‚
1079 826 1345 895 facultas
1374 826 1514 894 haec
1558 825 1919 893 nondatur
1946 824 2072 892 nisi
2102 826 2315 914 quoad
2346 826 2558 896 cathe-

255 928 464 997 drales
485 935 549 995 et
579 930 944 1018 collegiatae
972 932 1287 1022 insiqnes,
1329 933 1507 1000 unde
1542 953 1674 999 non
1697 930 2066 1001 extenditur
2092 932 2170 999 ad
2198 931 2558 1020 collegiatae

252 1057 399 1124 quae
432 1035 723 1125 insiqnes
764 1059 901 1106 non
926 1044 1104 1107 sunt.
1156 1039 1400 1124 Tertio,
1426 1038 1695 1108 facultas
1735 1037 1849 1105 illa
1873 1037 2180 1107 tribuitur
2216 1036 2556 1130 Episcopo,

254 1164 383 1210 non
421 1147 642 1209 autem
672 1143 937 1232 praelato
973 1144 1359 1234 collegiatae,
1399 1143 1594 1211 etiam
1628 1141 2154 1232 jurisdictionem
2197 1145 2384 1231 quasi
2424 1148 2561 1235 epi·

251 1252 575 1337 scopalem
596 1248 883 1335 habenti,
908 1254 973 1317 et
986 1257 1280 1340 exempto
1307 1272 1344 1319 a
1366 1250 1818 1339 jurisdictione
1839 1248 2197 1319 Ordinarii.
2217 1247 2551 1341 (Barbosa,

246 1359 351 1425 De
398 1357 746 1444 canonicis,
795 1380 853 1426 c.
917 1361 985 1445 4,
1033 1381 1103 1427 n.
1150 1357 1294 1446 22.)
1332 1359 1614 1441 Quarta,
1676 1355 2020 1446 praedictas
2075 1358 2556 1447 suppressiones

247 1471 312 1530 et
341 1465 619 1535 uniones
655 1468 908 1535 efficere
932 1488 1065 1533 non
1092 1470 1296 1555 potest
1332 1463 1692 1554 Episcopus
1734 1465 1876 1529 sine
1905 1483 2221 1530 consensu
2246 1465 2551 1554 capituli;

250 1570 314 1638 id
337 1571 521 1638 enim
549 1573 618 1639 in
639 1573 891 1640 decreto
917 1571 1300 1641 Tridentino
1341 1592 1635 1661 expresse
1677 1570 2069 1655 continetur,
2100 1576 2164 1638 et
2190 1570 2426 1640 docent
2456 1595 2556 1641 ca·

250 1679 528 1745 nonistae
577 1681 1035 1747 communiter.
1087 1680 1354 1762 Quinte,
1413 1678 1553 1745 haec
1597 1677 1864 1744 facultas
1911 1675 2226 1767 Episcopo
2255 1699 2556 1746 concessa

248 1806 389 1851 non
418 1786 649 1851 transit
667 1784 747 1851 ad
772 1785 1136 1875 capitulum
1158 1784 1305 1851 sede
1330 1789 1623 1867 vacante,
1649 1803 1766 1848 nec
1795 1780 1875 1849 ad
1915 1779 2229 1848 vicarium
2257 1782 2547 1874 capituli.

254 1889 590 1978 (Barbosa,
616 1894 712 1958 De
741 1890 1095 1975 canoniciS,
1127 1913 1183 1959 c.
1229 1890 1297 1976 4,
1331 1912 1398 1956 n.
1434 1889 1574 1976 24.)

338 1996 407 2063 8.
454 1995 629 2076 Quid
652 1997 821 2083 juris
846 1998 914 2064 in
946 1997 1322 2085 regionibus
1352 1997 1425 2063 in
1452 1996 1697 2085 quibus
1726 1994 2089 2085 praebendae
2122 2001 2382 2062 mutatae
2405 2004 2558 2065 sunt

245 2101 311 2167 in
335 2105 687 2192 pensiones
711 2103 1039 2192 gubernii‚
1078 2103 1254 2169 verbi
1284 2103 1492 2190 gratia
1509 2101 1578 2166 in
1609 2099 1867 2168 Gallia?
1898 2138 1988 2151 —
2014 2098 2308 2191 Capitula
2337 2102 2403 2168 in
2433 2104 2555 2170 hu-

239 2208 544 2295 jusmodi
573 2210 952 2297 regionibus
982 2232 1115 2276 non
1144 2208 1445 2274 habenda
1473 2213 1627 2273 sunt
1652 2212 1730 2272 ut
1748 2218 2137 2282 numerata,
2166 2206 2234 2271 id
2256 2211 2375 2289 est,
2415 2207 2562 2273 nul-

239 2313 402 2380 lum
458 2316 663 2377 exstat
700 2319 1008 2377 statutum
1063 2311 1569 2376 ecclesiasticum
1621 2309 1701 2374 de
1738 2328 1873 2373 non
1924 2308 2218 2397 augendo
2257 2331 2559 2393 numero,

235 2418 411 2484 licet
449 2413 848 2504 gubernium
873 2416 1160 2506 aliquem
1198 2436 1548 2482 numerum
1589 2414 1983 2506 pensionum
2008 2414 2551 2490 determinaverit.

240 2522 593 2593 Statutum
612 2524 788 2589 enim
822 2522 900 2589 de
928 2544 1061 2590 non
1091 2521 1388 2611 augendo
1430 2544 1711 2598 numero
1739 2521 1888 2590 ideo
1911 2523 2007 2606 fit,
2044 2546 2125 2592 ne
2152 2524 2559 2598 distributio-

247 2651 360 2695 nes
381 2633 449 2694 et
478 2626 726 2695 reditus
750 2629 1246 2719 praebendarum
1270 2650 1405 2698 non
1435 2627 1914 2714 distinctarum,
1959 2629 2130 2699 inter
2155 2633 2356 2701 nimis
2381 2634 2558 2702 mul·

250 2742 343 2805 tos
373 2735 728 2804 canonicos
756 2734 1112 2813 distributi,
1142 2735 1467 2804 tenuiores
1496 2739 1557 2800 et
1580 2734 2044 2802 insufficientes
2068 2737 2367 2806 evadant.
2399 2739 2563 2805 Pen-

255 2843 466 2910 siones
531 2831 747 2909 autem
796 2840 1100 2930 gubernii
1169 2840 1666 2930 praebendarum
1725 2840 2185 2908 distinctarum
2242 2843 2561 2910 rationem

257 2947 522 3015 habent.
567 2946 740 3022 Hinc
769 2947 1065 3014 canonici
1106 2948 1219 3034 qui
1250 2945 1535 3034 capitulo
1574 2946 1992 3025 adderentur,
2037 2947 2269 3031 praeter
2309 2966 2417 3013 eos
2450 2939 2566 3037 qui

260 3054 500 3121 habent
527 3053 908 3145 pensionem
927 3052 1260 3141 gubernii,
1285 3071 1416 3115 non
1445 3053 1656 3116 essent
1677 3070 1797 3117 nec
1817 3048 2075 3116 dicendi
2098 3056 2309 3118 essent
2327 3074 2566 3142 supra·

262 3161 647 3241 numerarii,
678 3160 787 3226 sed
816 3155 1210 3247 simpliciter
1226 3155 1550 3238 canonici.
1586 3154 1761 3223 Bene
1808 3162 2021 3222 autem
2048 3164 2319 3246 possunt
2355 3159 2427 3225 in
2454 3183 2563 3229 ca-

266 3267 483 3354 pitulis
527 3265 748 3334 Galliae
794 3264 944 3333 addi
999 3262 1380 3353 hujusmodi
1424 3262 1724 3343 canonici
1778 3263 2037 3352 proprie
2079 3262 2263 3352 dicti,
2293 3266 2382 3338 ‚id
2439 3275 2556 3355 est,

266 3372 572 3442 habentes
597 3372 977 3441 communia
1000 3370 1465 3438 canonicorum
1486 3369 1638 3457 jura
1657 3374 1719 3435 et
1742 3390 1957 3436 onera.
1996 3368 2208 3438 Potest
2235 3373 2413 3439 enim
2441 3373 2564 3441 ali-

267 3481 458 3571 liquis
525 3480 796 3548 fundare
856 3479 926 3545 in
984 3482 1377 3567 perpetuum
1455 3475 1917 3544 canonicatum
1973 3497 2130 3543 cum
2186 3476 2560 3565 praebenda,

269 3586 563 3675 quamvis
591 3586 693 3653 lex
731 3585 939 3652 civilis
978 3582 1386 3650 fundationes
1417 3579 1801 3669 hujusmodi
1844 3602 2000 3662 non,
2025 3585 2331 3667 agnoscat
2358 3580 2486 3646 nisi
2530 3602 2569 3646 a

271 3694 585 3779 gubernio
626 3689 1087 3782 approbentur.
1137 3685 1485 3774 Dispositio
1508 3687 1686 3756 enim
1733 3686 1843 3750 illa
1871 3685 2034 3769 legis
2079 3682 2318 3761 civiliS,
2351 3685 2567 3772 utpote

270 3798 542 3869 libertati
569 3805 631 3867 et
654 3793 1057 3872 immunitati
1104 3789 1435 3870 Ecclesiae,
1469 3788 1602 3853 imo
1642 3793 1702 3853 et
1728 3787 1865 3873 juri
1895 3784 2175 3866 naturali
2221 3789 2560 3876 contraria,

272 3903 549 3976 invalida
572 3912 687 3989 est,
729 3926 849 3972 nec
876 3901 1119 3989 obligat
1145 3898 1216 3966 in
1238 3893 1652 3964 conscientia.
1688 3893 1884 3961 Eludi
1909 3899 2132 3972 autem,
2151 3901 2353 3985 potest
2395 3900 2563 3970 mul-

276 4012 470 4103 tiplici
508 4014 719 4081 modo.
747 4010 885 4077 lmo
912 4007 1204 4075 sufficere
1227 4008 1437 4094 posset
1468 4000 1809 4092 promissio
1847 3999 2125 4089 alicujus
2157 4003 2416 4073 familiae
2439 4008 2563 4098 pize

277 4125 333 4184 et
357 4121 570 4187 divitis
596 4116 883 4186 solvendi
911 4111 1256 4204 quotannis
1297 4116 1538 4177 certam
1567 4109 1941 4197 pensionem
1972 4131 2043 4174 ex
2075 4109 2278 4177 fundo
2301 4113 2377 4179 ad
2409 4114 2475 4181 id
2494 4116 2563 4184 in

280 4231 655 4316 perpetuum
698 4224 1023 4313 deputat0,
1075 4214 1475 4308 praemonitis
1532 4214 1898 4283 haeredibus
1944 4215 2020 4282 de
2071 4216 2182 4284 tali
2234 4226 2567 4307 assumpto

280 4352 485 4401 onere.
508 4332 685 4400 Licet
709 4329 887 4397 enim
907 4325 1250 4416 aliquando
1270 4323 1538 4390 deficere
1556 4328 1762 4410 posset
1783 4323 1923 4402 talis
1952 4322 2322 4412 praebenda,
2351 4325 2569 4406 utpote

282 4459 416 4527 quae
444 4421 580 4508 non
604 4440 815 4529 posset
834 4454 1054 4503 coram
1081 4428 1521 4498 tribunalibus
1547 4427 1741 4516 exigi,
1773 4436 1836 4496 et
1875 4452 1912 4496 a
1943 4423 2334 4496 conscientia
2356 4423 2570 4496 haere.-
