2930 4982
1158 344 1240 389 nn
1283 342 1611 389 cmwus.
2415 339 2539 393 457

256 483 289 525 «
333 458 638 527 nieorum
699 461 1049 550 propriam.
1114 461 1299 528 Extat
1352 462 1684 528 decretum
1737 460 1947 530 Sacrae
2004 462 2543 553 Congregationis

256 589 289 629 «
334 566 610 648 rituum,
643 564 724 634 ab
747 565 1011 636 Urbano
1039 567 1185 637 an
1211 568 1674 636 confirmatum
1708 574 1771 635 et
1804 569 1990 636 initio
2021 571 2299 638 missalis
2333 574 2544 640 inser·-

254 697 289 735 «
331 677 499 753 tum,
534 671 626 741 sic
654 678 934 741 statuens
965 698 980 741 :
1015 674 1416 742 Prohibetur
1442 697 1601 741 usus
1651 673 1954 752 rochetti,
1987 678 2267 767 exceptis
2315 690 2542 747 tamen

257 799 291 838 «
336 774 573 864 quibus
593 773 827 863 dejure
850 778 1164 867 competit
1188 800 1209 844 .·
1233 789 1296 845 et
1305 790 1561 868 praeter
1581 776 1704 844 lzoc
1721 778 2048 845 statuitur
2067 793 2128 846 et
2155 780 2544 851 declaratur

253 906 289 946 «
327 881 579 949 nemini
621 882 812 950 licere
861 883 1180 952 inservire
1222 896 1343 951 aut
1374 884 1681 951 assistere
1719 883 1790 950 in
1818 882 2253 954 celebratione
2299 888 2542 956 missa-

253 1012 291 1050 «
330 1010 481 1055 rum
499 999 620 1055 aut
639 987 1021 1057 divinorum
1040 990 1424 1081 officiorum
1439 1013 1593 1057 cum
1603 989 1920 1071 rochetto,
1942 1013 2150 1081 neque
2167 1015 2317 1059 cum
2344 996 2542 1062 Cotta

252 1118 288 1159 «
337 1092 692 1162 habentem
742 1096 1042 1164 manicas
1092 1107 1415 1186 anqustas
1465 1096 1559 1163 ad
1599 1096 1817 1164 instar
1871 1097 2201 1181 rochetti;
2256 1111 2322 1165 et
2374 1097 2544 1169 idem

251 1227 290 1266 «
336 1200 741 1269 servandum
785 1214 880 1271 est
927 1203 997 1270 in
1042 1203 1479 1270 concionibus.
1518 1229 1554 1267 »

337 1305 483 1374 Non
530 1308 796 1375 omnino
839 1311 1181 1377 concordat
1216 1308 1701 1379 Scarl'antonius
1747 1332 1901 1377 cum
1948 1310 2209 1378 notione
2250 1333 2287 1378 a
2329 1310 2546 1382 Nardo

243 1411 477 1480 tradita
507 1413 677 1481 circa
703 1415 1067 1483 rochettum
1106 1439 1123 1482 ε
1185 1440 1219 1479 «
1246 1414 1499 1482 Nomen
1527 1415 1836 1494 rochem,
1873 1415 2045 1505 quod
2077 1416 2204 1482 alio
2233 1418 2548 1486 vocabulo

251 1542 290 1582 «
339 1518 515 1586 linea
543 1540 656 1588 seu
699 1520 974 1588 camisia
1003 1543 1289 1590 romana
1327 1526 1773 1611 nuncupatur,
1812 1521 2119 1590 nonnulli
2149 1521 2550 1591 arbitrantur

254 1652 290 1690 «
338 1625 654 1695 derivasse
704 1650 743 1696 a
782 1626 986 1696 Gallis
1032 1650 1069 1695 a
1117 1650 1272 1696 voce
1317 1628 1536 1711 ricka,
1601 1629 1772 1718 apud
1821 1628 2309 1696 Avenionenses
2369 1628 2546 1708 trita,

260 1758 297 1796 «
340 1734 673 1802 occasione
725 1735 899 1824 quod
956 1734 1294 1802 Avenione
1355 1735 1678 1823 degebant
1748 1734 2010 1803 Summi
2068 1734 2435 1802 Pontifices,
2504 1757 2541 1799 »

248 1839 782 1930 (ScarfantoniuS,
833 1846 878 1908 t.
915 1840 963 1918 l,
1009 1863 1069 1930 p.
1102 1840 1213 1928 37,
1258 1863 1326 1908 n.
1375 1841 1443 1927 6,
1480 1879 1571 1893 -
1613 1841 1816 1909 citans
1842 1840 2236 1927 Gavantnm,
2271 1846 2319 1909 t.
2381 1840 2435 1925 1,
2466 1840 2548 1908 de

244 1944 379 2015 Bit.
422 1968 587 2015 serv,
633 1947 701 2015 in
749 1946 953 2014 celeb.
995 1947 1228 2030 Missae,
1275 1949 1371 2014 tit.
1417 1970 1459 2028 ι,
1517 1970 1585 2013 n.
1641 1948 1711 2032 2,
1750 1985 1843 1998 —
1883 1952 1947 2013 et
1993 1948 2152 2013 alios
2202 1946 2548 2038 auctores.)

254 2077 290 2118 «
341 2053 700 2120 Cardinalis
747 2052 1068 2120 Batonius
1123 2052 1225 2141 (ad
1280 2074 1389 2121 an.
1441 2052 1597 2135 261,
1650 2074 1737 2118 n.·
1774 2052 1886 2135 40)
1929 2052 2202 2141 loquens
2240 2051 2318 2117 de
2369 2052 2549 2120 linea

254 2185 295 2221 «
342 2157 680 2246 Cypriani,
734 2163 950 2225 censet
993 2157 1385 2226 vocabulum
1434 2179 1569 2225 esse
1630 2158 1888 2240 italum,
1943 2164 2005 2225 et
2057 2158 2211 2225 alias
2252 2160 2548 2247 ejusdem

259 2287 299 2327 «
337 2263 614 2329 rochetti
658 2263 1077 2351 etymologias
1120 2265 1297 2330 docte
1345 2269 1652 2330 recenset.
1715 2263 1883 2329 Illud
1935 2268 2185 2330 certum
2234 2271 2326 2331 est
2375 2263 2551 2352 quod

255 2395 292 2434 «
342 2369 525 2435 illius
553 2369 946 2437 vocabulum
971 2374 1354 2460 usurpatum
1376 2390 1635 2459 semper
1661 2370 1786 2436 fuit
1813 2392 1930 2459 pro
1957 2368 2350 2457 designanda
2381 2375 2550 2438 veste

256 2499 290 2537 α
335 2473 508 2542 linea
522 2473 950 2544 Praelatorum
968 2483 1031 2546 et
1048 2478 1515 2546 canonicorum
1539 2476 2029 2565 regularium...
2053 2475 2445 2567 Hujusmodi
2467 2478 2551 2546 li-

259 2606 294 2644 «
339 2602 476 2649 neae
507 2604 617 2650 seu
639 2583 801 2650 albae
831 2585 1121 2673 gestati0,
1154 2584 1514 2672 antiquitus
1529 2584 1652 2650 suit
1671 2583 2017 2651 commissa
2031 2585 2342 2653 omnibus
2361 2585 2554 2653 cleri-

258 2714 293 2753 «
340 2688 453 2767 ciS‚
489 2688 606 2777 qui
626 2689 851 2757 eadem
883 2690 1092 2757 induti
1113 2690 1456 2779 prodibant
1496 2691 1565 2757 in
1592 2690 1958 2779 publicum,
2003 2696 2078 2756 ut
2100 2692 2438 2779 colligitur
2475 2712 2551 2758 ex

265 2819 300 2857 «
342 2795 604 2884 epistola
636 2797 769 2864 divi
787 2796 1170 2886 Hieronymi
1193 2798 1270 2864 ad
1302 2796 1740 2886 Nepotianum
1771 2796 1886 2886 (1).
1926 2795 2078 2861 Haec
2118 2802 2333 2862 autem
2363 2795 2552 2864 vestis

268 2921 300 2959 α
343 2897 513 2965 linea
551 2922 679 2967 non
724 2905 861 2967 erat
904 2901 1015 2969 illa
1056 2902 1248 2989 cujus
1285 2922 1442 2967 usus
1477 2905 1613 2967 erat
1650 2901 1820 2965 inter
1861 2898 2392 2980 sacrificandum,
2442 2898 2552 2967 sed

258 3029 296 3067 «
348 3010 650 3095 tanquam
691 3006 961 3098 profana
997 3006 1378 3074 censebatur
1407 3034 1424 3092 3
1456 3009 1654 3094 prout
1688 3009 1783 3071 est
1825 3005 2019 3069 etiam
2050 3025 2230 3069 nunc
2268 3026 2422 3072 usus
2449 3027 2551 3073 ro-

258 3137 292 3175 «
344 3112 566 3193 chetti,
589 3113 761 3204 quod
788 3114 856 3179 in
883 3110 1319 3178 functionibus
1339 3110 1615 3177 omnino
1641 3109 1928 3198 profanis
1951 3115 2012 3176 et
2036 3109 2335 3178 civilibus
2356 3112 2551 3178 etiam

261 3242 296 3279 «
344 3218 717 3286 adhibetur.
750 3241 785 3281 >³
816 3215 1350 3307 (Scarlantonius,
1385 3216 1527 3283 loco
1549 3216 1794 3300 citato.)

340 3321 422 3390 ll.
486 3325 718 3413 Cappa
782 3325 875 3390 sic
914 3328 1135 3389 vocata
1182 3326 1277 3389 est
1326 3343 1364 3389 a
1415 3322 1622 3411 capite
1659 3322 1767 3389 cui
1809 3320 2196 3410 imponitur,
2249 3319 2346 3387 vel
2394 3320 2553 3409 quia

251 3449 489 3519 corpus
520 3430 728 3519 capiat
749 3434 811 3496 et
828 3428 1094 3517 ambiat,
1116 3434 1189 3495 ut
1213 3427 1402 3496 tradit
1421 3425 1636 3496 Denos
1667 3429 2059 3518 (Tractatus
2084 3424 2164 3494 de
2182 3425 2547 3510 canonicis,

249 3534 368 3601 lib.
419 3535 536 3623 lv,
585 3558 641 3603 c.
682 3535 814 3624 12).
878 3535 1034 3623 Ejus
1080 3535 1423 3622 mysticam
1472 3533 2011 3623 significationem
2059 3533 2151 3600 sic
2195 3531 2554 3621 exponebat

251 3638 623 3732 Stephanus
666 3640 1091 3708 Tornacensis
1141 3639 1553 3728 Episcopus:
1596 3641 1740 3707 Hac
1784 3637 2048 3726 duplici
2098 3648 2271 3703 veste
2328 3636 2554 3724 (cappa

252 3769 489 3837 nempe
513 3755 575 3815 et
603 3746 907 3836 rochetto)
937 3745 1336 3835 requlariter
1362 3742 1589 3811 induti
1617 3742 1961 3809 videamur
1988 3762 2018 3825 ;
2041 3763 2123 3806 ne
2156 3739 2554 3830 superpelli-
2620 3746 2639 3754 “

250 3876 439 3920 ceum
471 3867 775 3922 nostrum
798 3851 1102 3921 sordibus
1120 3850 1480 3942 polluatur
1489 3870 1519 3933 ,·
1547 3860 1609 3917 et
1638 3871 1719 3915 ne
1749 3869 1965 3937 cappa
1994 3857 2223 3913 nostra
2255 3844 2553 3913 scissuris

250 3972 663 4050 rumpatur;
690 3972 769 4027 ut
774 3983 902 4051 per
928 3958 1337 4026 munditiam
1361 3957 1548 4025 omni
1576 3967 1871 4046 tempore
1899 3952 2290 4021 vestimenta
2320 3965 2552 4021 nostra

249 4066 392 4134 sint
425 4065 745 4151 candida,
780 4079 842 4134 et
865 4090 988 4158 per
1014 4067 1397 4134 continuam
1432 4062 1912 4155 poenitentiam
1959 4074 2281 4153 tanquam
2331 4062 2554 4162 tunica

254 4173 491 4241 talaris
516 4175 610 4241 sit
630 4196 845 4266 cappa
867 4183 1051 4241 nostr
1065 4173 1306 4261 a(apud
1321 4172 1558 4252 DenOS,
1592 4172 1734 4239 loco
1763 4172 1978 4258 citatO,
2012 4192 2071 4238 c.
2111 4168 2241 4261 11).
2278 4170 2554 4238 Etsanc-

317 4331 382 4394 (ι)
415 4332 489 4382 Ex
512 4333 698 4393 Nauio,
723 4345 840 4382 non»
860 4330 1096 4381 omnihus
1131 4330 1326 4381 clericis
1357 4341 1653 4380 concessum
1689 4332 1768 4380 est
1802 4331 2087 4393 antiquitus
2118 4328 2424 4382 rochettum,
2465 4318 2557 4372 sed

253 4409 497 4477 Episcopo
521 4416 573 4464 et
600 4412 820 4477 capitulo
847 4414 1062 4459 tantum.
