<?xml version="1.0" encoding="UTF-8"?>
<!DOCTYPE html PUBLIC "-//W3C//DTD XHTML 1.0 Transitional//EN"
    "http://www.w3.org/TR/xhtml1/DTD/xhtml1-transitional.dtd">
<html xmlns="http://www.w3.org/1999/xhtml" xml:lang="en" lang="en">
 <head>
  <title>
</title>
<meta http-equiv="Content-Type" content="text/html;charset=utf-8" />
  <meta name='ocr-system' content='tesseract 3.04.00' />
  <meta name='ocr-capabilities' content='ocr_page ocr_carea ocr_par ocr_line ocrx_word'/>
</head>
<body>
  <div class='ocr_page' id='page_1' title='image "./tractatusdecapi00bouigoog_0291.png"; bbox 0 0 2930 4982; ppageno 0'>
   <div class='ocr_carea' id='block_1_1' title="bbox 1218 339 2588 398">
    <p class='ocr_par' dir='ltr' id='par_1_1' title="bbox 1218 339 2588 398">
     <span class='ocr_line' id='line_1_1' title="bbox 1218 339 2588 398; baseline 0.004 -5"><span class='ocrx_word' id='word_1_1' title='bbox 1218 349 1293 393; x_wconf 75' lang='lat' dir='ltr'><strong>ns</strong></span> <span class='ocrx_word' id='word_1_2' title='bbox 1337 348 1665 394; x_wconf 58' lang='lat' dir='ltr'><strong>carrruus.</strong></span> <span class='ocrx_word' id='word_1_3' title='bbox 2459 339 2588 398; x_wconf 77' lang='lat'><strong>269</strong></span> 
     </span>
    </p>
   </div>
   <div class='ocr_carea' id='block_1_2' title="bbox 295 467 2602 4475">
    <p class='ocr_par' dir='ltr' id='par_1_2' title="bbox 295 467 2597 1833">
     <span class='ocr_line' id='line_1_2' title="bbox 306 467 2591 562; baseline 0.004 -29"><span class='ocrx_word' id='word_1_4' title='bbox 306 488 660 537; x_wconf 83' lang='lat' dir='ltr'><strong>«exercere</strong></span> <span class='ocrx_word' id='word_1_5' title='bbox 699 489 771 535; x_wconf 90' lang='lat' dir='ltr'><strong>ea</strong></span> <span class='ocrx_word' id='word_1_6' title='bbox 812 467 1027 535; x_wconf 83' lang='lat' dir='ltr'><strong>officia</strong></span> <span class='ocrx_word' id='word_1_7' title='bbox 1067 467 1290 536; x_wconf 86' lang='lat' dir='ltr'><strong>divina</strong></span> <span class='ocrx_word' id='word_1_8' title='bbox 1334 468 1517 536; x_wconf 90' lang='lat' dir='ltr'><strong>solita</strong></span> <span class='ocrx_word' id='word_1_9' title='bbox 1542 471 1816 538; x_wconf 80' lang='lat' dir='ltr'><strong>exerceri</strong></span> <span class='ocrx_word' id='word_1_10' title='bbox 1844 491 1882 537; x_wconf 91' lang='lat' dir='ltr'><strong>a</strong></span> <span class='ocrx_word' id='word_1_11' title='bbox 1909 469 2379 539; x_wconf 78' lang='lat' dir='ltr'><strong>communitate</strong></span> <span class='ocrx_word' id='word_1_12' title='bbox 2409 475 2591 562; x_wconf 87' lang='lat' dir='ltr'><strong>capi-</strong></span> 
     </span>
     <span class='ocr_line' id='line_1_3' title="bbox 310 574 2592 666; baseline 0.004 -28"><span class='ocrx_word' id='word_1_13' title='bbox 310 600 344 640; x_wconf 90' lang='lat'>«</span> <span class='ocrx_word' id='word_1_14' title='bbox 371 575 564 643; x_wconf 88' lang='lat' dir='ltr'><strong>tulari</strong></span> <span class='ocrx_word' id='word_1_15' title='bbox 587 594 718 663; x_wconf 88' lang='lat' dir='ltr'><strong>qua</strong></span> <span class='ocrx_word' id='word_1_16' title='bbox 743 574 853 641; x_wconf 89' lang='lat' dir='ltr'><strong>tali</strong></span> <span class='ocrx_word' id='word_1_17' title='bbox 876 600 894 659; x_wconf 89' lang='lat'>;</span> <span class='ocrx_word' id='word_1_18' title='bbox 922 596 996 642; x_wconf 83' lang='lat' dir='ltr'><strong>ex</strong></span> <span class='ocrx_word' id='word_1_19' title='bbox 1019 596 1152 664; x_wconf 88' lang='lat' dir='ltr'><strong>quo</strong></span> <span class='ocrx_word' id='word_1_20' title='bbox 1182 574 1477 663; x_wconf 89' lang='lat' dir='ltr'><strong>sequitur</strong></span> <span class='ocrx_word' id='word_1_21' title='bbox 1493 575 1667 665; x_wconf 90' lang='lat' dir='ltr'><strong>quod</strong></span> <span class='ocrx_word' id='word_1_22' title='bbox 1698 576 2110 665; x_wconf 79' lang='lat' dir='ltr'><strong>particulares</strong></span> <span class='ocrx_word' id='word_1_23' title='bbox 2132 598 2206 645; x_wconf 87' lang='lat' dir='ltr'><strong>ac</strong></span> <span class='ocrx_word' id='word_1_24' title='bbox 2223 577 2592 666; x_wconf 74' lang='lat' dir='ltr'><strong>singulares</strong></span> 
     </span>
     <span class='ocr_line' id='line_1_4' title="bbox 311 680 2585 775; baseline 0.004 -29"><span class='ocrx_word' id='word_1_25' title='bbox 311 707 345 747; x_wconf 88' lang='lat'>«</span> <span class='ocrx_word' id='word_1_26' title='bbox 378 681 691 764; x_wconf 88' lang='lat' dir='ltr'><strong>canonici,</strong></span> <span class='ocrx_word' id='word_1_27' title='bbox 714 680 864 749; x_wconf 87' lang='lat' dir='ltr'><strong>licet</strong></span> <span class='ocrx_word' id='word_1_28' title='bbox 895 687 966 748; x_wconf 91' lang='lat' dir='ltr'><strong>ut</strong></span> <span class='ocrx_word' id='word_1_29' title='bbox 989 680 1146 748; x_wconf 87' lang='lat' dir='ltr'><strong>tales</strong></span> <span class='ocrx_word' id='word_1_30' title='bbox 1171 702 1303 748; x_wconf 91' lang='lat' dir='ltr'><strong>non</strong></span> <span class='ocrx_word' id='word_1_31' title='bbox 1328 681 1462 748; x_wconf 89' lang='lat' dir='ltr'><strong>sint</strong></span> <span class='ocrx_word' id='word_1_32' title='bbox 1488 680 1673 771; x_wconf 87' lang='lat' dir='ltr'><strong>ligati</strong></span> <span class='ocrx_word' id='word_1_33' title='bbox 1699 703 1735 748; x_wconf 91' lang='lat' dir='ltr'><strong>a</strong></span> <span class='ocrx_word' id='word_1_34' title='bbox 1762 682 1876 749; x_wconf 87' lang='lat' dir='ltr'><strong>tali</strong></span> <span class='ocrx_word' id='word_1_35' title='bbox 1903 682 2344 775; x_wconf 86' lang='lat' dir='ltr'><strong>suspensione,</strong></span> <span class='ocrx_word' id='word_1_36' title='bbox 2369 690 2585 755; x_wconf 90' lang='lat' dir='ltr'><strong>tamen</strong></span> 
     </span>
     <span class='ocr_line' id='line_1_5' title="bbox 309 785 2590 879; baseline 0.005 -31"><span class='ocrx_word' id='word_1_37' title='bbox 309 812 340 848; x_wconf 89' lang='lat'>«</span> <span class='ocrx_word' id='word_1_38' title='bbox 370 806 503 852; x_wconf 92' lang='lat' dir='ltr'><strong>non</strong></span> <span class='ocrx_word' id='word_1_39' title='bbox 524 786 772 874; x_wconf 85' lang='lat' dir='ltr'><strong>possint</strong></span> <span class='ocrx_word' id='word_1_40' title='bbox 796 807 915 852; x_wconf 90' lang='lat' dir='ltr'><strong>nec</strong></span> <span class='ocrx_word' id='word_1_41' title='bbox 941 785 1190 853; x_wconf 83' lang='lat' dir='ltr'><strong>fructus</strong></span> <span class='ocrx_word' id='word_1_42' title='bbox 1215 785 1514 853; x_wconf 88' lang='lat' dir='ltr'><strong>beneficii</strong></span> <span class='ocrx_word' id='word_1_43' title='bbox 1545 786 1919 876; x_wconf 87' lang='lat' dir='ltr'><strong>capitularis</strong></span> <span class='ocrx_word' id='word_1_44' title='bbox 1948 789 2301 879; x_wconf 81' lang='lat' dir='ltr'><strong>percipere,</strong></span> <span class='ocrx_word' id='word_1_45' title='bbox 2330 810 2449 857; x_wconf 85' lang='lat' dir='ltr'><strong>nec</strong></span> <span class='ocrx_word' id='word_1_46' title='bbox 2476 812 2590 859; x_wconf 91' lang='lat' dir='ltr'><strong>ac-</strong></span> 
     </span>
     <span class='ocr_line' id='line_1_6' title="bbox 302 890 2588 986; baseline 0.004 -30"><span class='ocrx_word' id='word_1_47' title='bbox 302 917 334 956; x_wconf 91' lang='lat'>«</span> <span class='ocrx_word' id='word_1_48' title='bbox 368 897 479 957; x_wconf 84' lang='lat' dir='ltr'><strong>tus</strong></span> <span class='ocrx_word' id='word_1_49' title='bbox 500 890 975 979; x_wconf 87' lang='lat' dir='ltr'><strong>jurisdictionis</strong></span> <span class='ocrx_word' id='word_1_50' title='bbox 1015 891 1388 981; x_wconf 86' lang='lat' dir='ltr'><strong>capitularis</strong></span> <span class='ocrx_word' id='word_1_51' title='bbox 1418 913 1739 976; x_wconf 86' lang='lat' dir='ltr'><strong>exercere,</strong></span> <span class='ocrx_word' id='word_1_52' title='bbox 1773 914 1894 960; x_wconf 89' lang='lat' dir='ltr'><strong>nec</strong></span> <span class='ocrx_word' id='word_1_53' title='bbox 1934 892 2296 962; x_wconf 86' lang='lat' dir='ltr'><strong>functiones</strong></span> <span class='ocrx_word' id='word_1_54' title='bbox 2333 895 2588 986; x_wconf 88' lang='lat' dir='ltr'><strong>capitu-</strong></span> 
     </span>
     <span class='ocr_line' id='line_1_7' title="bbox 302 996 2586 1088; baseline 0.004 -27"><span class='ocrx_word' id='word_1_55' title='bbox 302 1022 335 1062; x_wconf 85' lang='lat'>«</span> <span class='ocrx_word' id='word_1_56' title='bbox 364 996 540 1063; x_wconf 90' lang='lat' dir='ltr'><strong>lares</strong></span> <span class='ocrx_word' id='word_1_57' title='bbox 560 996 1018 1064; x_wconf 86' lang='lat' dir='ltr'><strong>administrare</strong></span> <span class='ocrx_word' id='word_1_58' title='bbox 1046 998 1424 1087; x_wconf 82' lang='lat' dir='ltr'><strong>respective.</strong></span> <span class='ocrx_word' id='word_1_59' title='bbox 1458 997 1628 1065; x_wconf 92' lang='lat' dir='ltr'><strong>Nam</strong></span> <span class='ocrx_word' id='word_1_60' title='bbox 1656 1019 1811 1066; x_wconf 90' lang='lat' dir='ltr'><strong>cum</strong></span> <span class='ocrx_word' id='word_1_61' title='bbox 1832 1019 2221 1088; x_wconf 86' lang='lat' dir='ltr'><strong>suspensum</strong></span> <span class='ocrx_word' id='word_1_62' title='bbox 2251 1000 2333 1067; x_wconf 89' lang='lat' dir='ltr'><strong>sit</strong></span> <span class='ocrx_word' id='word_1_63' title='bbox 2354 1006 2586 1085; x_wconf 87' lang='lat' dir='ltr'><strong>totum,</strong></span> 
     </span>
     <span class='ocr_line' id='line_1_8' title="bbox 296 1106 2593 1200; baseline 0.004 -30"><span class='ocrx_word' id='word_1_64' title='bbox 296 1132 330 1172; x_wconf 88' lang='lat'>«</span> <span class='ocrx_word' id='word_1_65' title='bbox 362 1110 838 1193; x_wconf 86' lang='lat' dir='ltr'><strong>consequenter</strong></span> <span class='ocrx_word' id='word_1_66' title='bbox 879 1107 951 1172; x_wconf 86' lang='lat' dir='ltr'><strong>fit</strong></span> <span class='ocrx_word' id='word_1_67' title='bbox 988 1112 1063 1172; x_wconf 91' lang='lat' dir='ltr'><strong>ut</strong></span> <span class='ocrx_word' id='word_1_68' title='bbox 1088 1111 1298 1195; x_wconf 89' lang='lat' dir='ltr'><strong>partes</strong></span> <span class='ocrx_word' id='word_1_69' title='bbox 1341 1127 1475 1173; x_wconf 93' lang='lat' dir='ltr'><strong>non</strong></span> <span class='ocrx_word' id='word_1_70' title='bbox 1517 1107 1764 1196; x_wconf 85' lang='lat' dir='ltr'><strong>possint</strong></span> <span class='ocrx_word' id='word_1_71' title='bbox 1809 1106 2210 1195; x_wconf 81' lang='lat' dir='ltr'><strong>operationes</strong></span> <span class='ocrx_word' id='word_1_72' title='bbox 2248 1109 2444 1176; x_wconf 85' lang='lat' dir='ltr'><strong>totius</strong></span> <span class='ocrx_word' id='word_1_73' title='bbox 2476 1129 2593 1200; x_wconf 91' lang='lat' dir='ltr'><strong>pro</strong></span> 
     </span>
     <span class='ocr_line' id='line_1_9' title="bbox 295 1210 2593 1301; baseline 0.003 -26"><span class='ocrx_word' id='word_1_74' title='bbox 295 1236 330 1277; x_wconf 86' lang='lat'>«</span> <span class='ocrx_word' id='word_1_75' title='bbox 359 1217 528 1278; x_wconf 87' lang='lat' dir='ltr'><strong>tunc</strong></span> <span class='ocrx_word' id='word_1_76' title='bbox 560 1212 836 1279; x_wconf 82' lang='lat' dir='ltr'><strong>efficere.</strong></span> <span class='ocrx_word' id='word_1_77' title='bbox 868 1210 1000 1279; x_wconf 90' lang='lat' dir='ltr'><strong>Nec</strong></span> <span class='ocrx_word' id='word_1_78' title='bbox 1028 1211 1237 1279; x_wconf 85' lang='lat' dir='ltr'><strong>obstat</strong></span> <span class='ocrx_word' id='word_1_79' title='bbox 1263 1212 1436 1301; x_wconf 91' lang='lat' dir='ltr'><strong>quod</strong></span> <span class='ocrx_word' id='word_1_80' title='bbox 1471 1212 1672 1300; x_wconf 89' lang='lat' dir='ltr'><strong>aliqui</strong></span> <span class='ocrx_word' id='word_1_81' title='bbox 1704 1213 2000 1279; x_wconf 90' lang='lat' dir='ltr'><strong>canonici</strong></span> <span class='ocrx_word' id='word_1_82' title='bbox 2035 1212 2167 1279; x_wconf 88' lang='lat' dir='ltr'><strong>sint</strong></span> <span class='ocrx_word' id='word_1_83' title='bbox 2197 1213 2528 1282; x_wconf 89' lang='lat' dir='ltr'><strong>immunes</strong></span> <span class='ocrx_word' id='word_1_84' title='bbox 2556 1236 2593 1283; x_wconf 90' lang='lat' dir='ltr'><strong>a</strong></span> 
     </span>
     <span class='ocr_line' id='line_1_10' title="bbox 296 1318 2594 1410; baseline 0.003 -26"><span class='ocrx_word' id='word_1_85' title='bbox 296 1344 330 1385; x_wconf 86' lang='lat'>«</span> <span class='ocrx_word' id='word_1_86' title='bbox 364 1318 601 1385; x_wconf 89' lang='lat' dir='ltr'><strong>delicto</strong></span> <span class='ocrx_word' id='word_1_87' title='bbox 628 1319 822 1386; x_wconf 89' lang='lat' dir='ltr'><strong>totius</strong></span> <span class='ocrx_word' id='word_1_88' title='bbox 864 1318 1130 1408; x_wconf 88' lang='lat' dir='ltr'><strong>capituli</strong></span> <span class='ocrx_word' id='word_1_89' title='bbox 1178 1342 1194 1385; x_wconf 92' lang='lat'>:</span> <span class='ocrx_word' id='word_1_90' title='bbox 1240 1340 1396 1386; x_wconf 89' lang='lat' dir='ltr'><strong>nam</strong></span> <span class='ocrx_word' id='word_1_91' title='bbox 1429 1319 1671 1399; x_wconf 89' lang='lat' dir='ltr'><strong>adhuc,</strong></span> <span class='ocrx_word' id='word_1_92' title='bbox 1729 1325 1800 1386; x_wconf 93' lang='lat' dir='ltr'><strong>ut</strong></span> <span class='ocrx_word' id='word_1_93' title='bbox 1831 1341 1977 1410; x_wconf 90' lang='lat' dir='ltr'><strong>pars</strong></span> <span class='ocrx_word' id='word_1_94' title='bbox 2020 1319 2225 1406; x_wconf 87' lang='lat' dir='ltr'><strong>illius,</strong></span> <span class='ocrx_word' id='word_1_95' title='bbox 2258 1328 2594 1410; x_wconf 85' lang='lat' dir='ltr'><strong>nequeunt</strong></span> 
     </span>
     <span class='ocr_line' id='line_1_11' title="bbox 296 1424 2591 1517; baseline 0.002 -26"><span class='ocrx_word' id='word_1_96' title='bbox 296 1450 330 1490; x_wconf 74' lang='grc' dir='ltr'><strong>ε(</strong></span> <span class='ocrx_word' id='word_1_97' title='bbox 362 1427 427 1514; x_wconf 89' lang='lat' dir='ltr'><strong>ej</strong></span> <span class='ocrx_word' id='word_1_98' title='bbox 436 1446 511 1492; x_wconf 92' lang='lat' dir='ltr'><strong>us</strong></span> <span class='ocrx_word' id='word_1_99' title='bbox 532 1424 930 1515; x_wconf 82' lang='lat' dir='ltr'><strong>operationes</strong></span> <span class='ocrx_word' id='word_1_100' title='bbox 953 1446 1248 1492; x_wconf 86' lang='lat' dir='ltr'><strong>exercere</strong></span> <span class='ocrx_word' id='word_1_101' title='bbox 1276 1448 1293 1491; x_wconf 75' lang='lat' dir='ltr'><strong>t</strong></span> <span class='ocrx_word' id='word_1_102' title='bbox 1329 1446 1543 1514; x_wconf 90' lang='lat' dir='ltr'><strong>neque</strong></span> <span class='ocrx_word' id='word_1_103' title='bbox 1564 1425 1691 1492; x_wconf 90' lang='lat' dir='ltr'><strong>hoc</strong></span> <span class='ocrx_word' id='word_1_104' title='bbox 1715 1430 1880 1492; x_wconf 91' lang='lat' dir='ltr'><strong>esset</strong></span> <span class='ocrx_word' id='word_1_105' title='bbox 1907 1425 2128 1513; x_wconf 87' lang='lat' dir='ltr'><strong>puniri</strong></span> <span class='ocrx_word' id='word_1_106' title='bbox 2157 1431 2419 1516; x_wconf 90' lang='lat' dir='ltr'><strong>propter</strong></span> <span class='ocrx_word' id='word_1_107' title='bbox 2446 1449 2591 1517; x_wconf 89' lang='lat' dir='ltr'><strong>pec·</strong></span> 
     </span>
     <span class='ocr_line' id='line_1_12' title="bbox 295 1530 2593 1621; baseline 0.003 -27"><span class='ocrx_word' id='word_1_108' title='bbox 295 1555 329 1596; x_wconf 90' lang='lat'>«</span> <span class='ocrx_word' id='word_1_109' title='bbox 361 1534 582 1599; x_wconf 88' lang='lat' dir='ltr'><strong>catum</strong></span> <span class='ocrx_word' id='word_1_110' title='bbox 597 1531 906 1610; x_wconf 89' lang='lat' dir='ltr'><strong>alienum,</strong></span> <span class='ocrx_word' id='word_1_111' title='bbox 933 1530 1042 1598; x_wconf 89' lang='lat' dir='ltr'><strong>sed</strong></span> <span class='ocrx_word' id='word_1_112' title='bbox 1062 1536 1224 1616; x_wconf 84' lang='lat' dir='ltr'><strong>esset</strong></span> <span class='ocrx_word' id='word_1_113' title='bbox 1238 1531 1460 1619; x_wconf 89' lang='lat' dir='ltr'><strong>aliquo</strong></span> <span class='ocrx_word' id='word_1_114' title='bbox 1479 1532 1672 1599; x_wconf 91' lang='lat' dir='ltr'><strong>modo</strong></span> <span class='ocrx_word' id='word_1_115' title='bbox 1692 1531 2084 1621; x_wconf 85' lang='lat' dir='ltr'><strong>participare</strong></span> <span class='ocrx_word' id='word_1_116' title='bbox 2109 1552 2374 1620; x_wconf 87' lang='lat' dir='ltr'><strong>poenam</strong></span> <span class='ocrx_word' id='word_1_117' title='bbox 2395 1533 2593 1602; x_wconf 90' lang='lat' dir='ltr'><strong>totius</strong></span> 
     </span>
     <span class='ocr_line' id='line_1_13' title="bbox 298 1633 2597 1727; baseline 0.001 -24"><span class='ocrx_word' id='word_1_118' title='bbox 298 1662 333 1703; x_wconf 74' lang='grc' dir='ltr'><strong>α</strong></span> <span class='ocrx_word' id='word_1_119' title='bbox 369 1637 546 1726; x_wconf 91' lang='lat' dir='ltr'><strong>quod</strong></span> <span class='ocrx_word' id='word_1_120' title='bbox 574 1636 879 1727; x_wconf 85' lang='lat' dir='ltr'><strong>peccavit,</strong></span> <span class='ocrx_word' id='word_1_121' title='bbox 906 1638 973 1703; x_wconf 92' lang='lat' dir='ltr'><strong>in</strong></span> <span class='ocrx_word' id='word_1_122' title='bbox 999 1659 1130 1725; x_wconf 88' lang='lat' dir='ltr'><strong>quo</strong></span> <span class='ocrx_word' id='word_1_123' title='bbox 1154 1636 1420 1704; x_wconf 90' lang='lat' dir='ltr'><strong>nullum</strong></span> <span class='ocrx_word' id='word_1_124' title='bbox 1450 1641 1546 1704; x_wconf 88' lang='lat' dir='ltr'><strong>est</strong></span> <span class='ocrx_word' id='word_1_125' title='bbox 1572 1636 2059 1704; x_wconf 84' lang='lat' dir='ltr'><strong>inconveniens.</strong></span> <span class='ocrx_word' id='word_1_126' title='bbox 2096 1634 2186 1703; x_wconf 87' lang='lat' dir='ltr'><strong>Ita</strong></span> <span class='ocrx_word' id='word_1_127' title='bbox 2210 1633 2469 1720; x_wconf 87' lang='lat' dir='ltr'><strong>Suarez,</strong></span> <span class='ocrx_word' id='word_1_128' title='bbox 2501 1640 2597 1706; x_wconf 84' lang='lat' dir='ltr'><strong>De</strong></span> 
     </span>
     <span class='ocr_line' id='line_1_14' title="bbox 301 1735 1601 1833; baseline 0.003 -26"><span class='ocrx_word' id='word_1_129' title='bbox 301 1767 339 1810; x_wconf 65' lang='grc' dir='ltr'><strong>ι(</strong></span> <span class='ocrx_word' id='word_1_130' title='bbox 367 1743 673 1820; x_wconf 63' lang='lat' dir='ltr'><strong>censum,</strong></span> <span class='ocrx_word' id='word_1_131' title='bbox 703 1743 944 1833; x_wconf 83' lang='lat' dir='ltr'><strong>disput.</strong></span> <span class='ocrx_word' id='word_1_132' title='bbox 974 1742 1085 1822; x_wconf 76' lang='lat'><strong>28,</strong></span> <span class='ocrx_word' id='word_1_133' title='bbox 1120 1748 1270 1810; x_wconf 85' lang='lat' dir='ltr'><strong>sect.</strong></span> <span class='ocrx_word' id='word_1_134' title='bbox 1306 1743 1372 1811; x_wconf 79' lang='lat'><strong>4.</strong></span> <span class='ocrx_word' id='word_1_135' title='bbox 1594 1735 1601 1748; x_wconf 65' lang='lat'>⁸</span> 
     </span>
    </p>

    <p class='ocr_par' dir='ltr' id='par_1_3' title="bbox 401 1847 2594 1937">
     <span class='ocr_line' id='line_1_15' title="bbox 401 1847 2594 1937; baseline 0.002 -23"><span class='ocrx_word' id='word_1_136' title='bbox 401 1875 433 1914; x_wconf 89' lang='lat'>«</span> <span class='ocrx_word' id='word_1_137' title='bbox 457 1847 732 1929; x_wconf 83' lang='lat' dir='ltr'><strong>Quando</strong></span> <span class='ocrx_word' id='word_1_138' title='bbox 764 1849 1129 1937; x_wconf 89' lang='lat' dir='ltr'><strong>capitulum</strong></span> <span class='ocrx_word' id='word_1_139' title='bbox 1157 1870 1286 1937; x_wconf 88' lang='lat' dir='ltr'><strong>qua</strong></span> <span class='ocrx_word' id='word_1_140' title='bbox 1312 1849 1438 1915; x_wconf 88' lang='lat' dir='ltr'><strong>tale</strong></span> <span class='ocrx_word' id='word_1_141' title='bbox 1470 1848 1905 1931; x_wconf 80' lang='lat' dir='ltr'><strong>interdicitur,</strong></span> <span class='ocrx_word' id='word_1_142' title='bbox 1939 1855 2098 1917; x_wconf 86' lang='lat' dir='ltr'><strong>tunc</strong></span> <span class='ocrx_word' id='word_1_143' title='bbox 2130 1848 2256 1917; x_wconf 90' lang='lat' dir='ltr'><strong>tale</strong></span> <span class='ocrx_word' id='word_1_144' title='bbox 2284 1849 2594 1918; x_wconf 89' lang='lat' dir='ltr'><strong>interdic-</strong></span> 
     </span>
    </p>

    <p class='ocr_par' dir='ltr' id='par_1_4' title="bbox 300 1954 2602 3311">
     <span class='ocr_line' id='line_1_16' title="bbox 304 1954 2593 2044; baseline 0.001 -24"><span class='ocrx_word' id='word_1_145' title='bbox 304 1982 340 2023; x_wconf 85' lang='lat'>«</span> <span class='ocrx_word' id='word_1_146' title='bbox 367 1960 515 2022; x_wconf 91' lang='lat' dir='ltr'><strong>tum</strong></span> <span class='ocrx_word' id='word_1_147' title='bbox 537 1976 673 2023; x_wconf 89' lang='lat' dir='ltr'><strong>non</strong></span> <span class='ocrx_word' id='word_1_148' title='bbox 701 1960 799 2022; x_wconf 90' lang='lat' dir='ltr'><strong>est</strong></span> <span class='ocrx_word' id='word_1_149' title='bbox 824 1954 1241 2044; x_wconf 85' lang='lat' dir='ltr'><strong>particulare,</strong></span> <span class='ocrx_word' id='word_1_150' title='bbox 1270 1955 1378 2021; x_wconf 91' lang='lat' dir='ltr'><strong>sed</strong></span> <span class='ocrx_word' id='word_1_151' title='bbox 1411 1955 1731 2041; x_wconf 88' lang='lat' dir='ltr'><strong>generale.</strong></span> <span class='ocrx_word' id='word_1_152' title='bbox 1758 1954 1850 2021; x_wconf 84' lang='lat' dir='ltr'><strong>Ex</strong></span> <span class='ocrx_word' id='word_1_153' title='bbox 1875 1956 1940 2021; x_wconf 83' lang='lat' dir='ltr'><strong>vi</strong></span> <span class='ocrx_word' id='word_1_154' title='bbox 1970 1960 2189 2023; x_wconf 90' lang='lat' dir='ltr'><strong>autem</strong></span> <span class='ocrx_word' id='word_1_155' title='bbox 2214 1955 2360 2022; x_wconf 88' lang='lat' dir='ltr'><strong>talis</strong></span> <span class='ocrx_word' id='word_1_156' title='bbox 2383 1957 2593 2023; x_wconf 89' lang='lat' dir='ltr'><strong>inter-</strong></span> 
     </span>
     <span class='ocr_line' id='line_1_17' title="bbox 300 2060 2597 2151; baseline 0 -23"><span class='ocrx_word' id='word_1_157' title='bbox 300 2089 338 2128; x_wconf 85' lang='lat'>«</span> <span class='ocrx_word' id='word_1_158' title='bbox 364 2062 547 2145; x_wconf 88' lang='lat' dir='ltr'><strong>dicti,</strong></span> <span class='ocrx_word' id='word_1_159' title='bbox 585 2068 856 2129; x_wconf 88' lang='lat' dir='ltr'><strong>manent</strong></span> <span class='ocrx_word' id='word_1_160' title='bbox 891 2060 1222 2129; x_wconf 89' lang='lat' dir='ltr'><strong>interdicti</strong></span> <span class='ocrx_word' id='word_1_161' title='bbox 1249 2060 1496 2149; x_wconf 86' lang='lat' dir='ltr'><strong>singuli</strong></span> <span class='ocrx_word' id='word_1_162' title='bbox 1527 2060 1937 2149; x_wconf 87' lang='lat' dir='ltr'><strong>capitulares,</strong></span> <span class='ocrx_word' id='word_1_163' title='bbox 1981 2067 2054 2128; x_wconf 91' lang='lat' dir='ltr'><strong>ut</strong></span> <span class='ocrx_word' id='word_1_164' title='bbox 2080 2066 2294 2151; x_wconf 90' lang='lat' dir='ltr'><strong>partes</strong></span> <span class='ocrx_word' id='word_1_165' title='bbox 2324 2061 2597 2151; x_wconf 87' lang='lat' dir='ltr'><strong>capituli</strong></span> 
     </span>
     <span class='ocr_line' id='line_1_18' title="bbox 303 2165 2597 2257; baseline -0.001 -24"><span class='ocrx_word' id='word_1_166' title='bbox 303 2194 340 2235; x_wconf 85' lang='lat'>«</span> <span class='ocrx_word' id='word_1_167' title='bbox 371 2174 551 2235; x_wconf 91' lang='lat' dir='ltr'><strong>sunt.</strong></span> <span class='ocrx_word' id='word_1_168' title='bbox 585 2167 660 2234; x_wconf 92' lang='lat' dir='ltr'><strong>ln</strong></span> <span class='ocrx_word' id='word_1_169' title='bbox 696 2168 907 2257; x_wconf 82' lang='lat' dir='ltr'><strong>praxi,</strong></span> <span class='ocrx_word' id='word_1_170' title='bbox 941 2173 1123 2235; x_wconf 84' lang='lat' dir='ltr'><strong>notat</strong></span> <span class='ocrx_word' id='word_1_171' title='bbox 1139 2165 1504 2234; x_wconf 89' lang='lat' dir='ltr'><strong>Cardinalis</strong></span> <span class='ocrx_word' id='word_1_172' title='bbox 1529 2166 1609 2231; x_wconf 90' lang='lat' dir='ltr'><strong>de</strong></span> <span class='ocrx_word' id='word_1_173' title='bbox 1641 2165 1823 2233; x_wconf 87' lang='lat' dir='ltr'><strong>Luca</strong></span> <span class='ocrx_word' id='word_1_174' title='bbox 1846 2165 1941 2254; x_wconf 84' lang='lat' dir='ltr'><strong>(in</strong></span> <span class='ocrx_word' id='word_1_175' title='bbox 1972 2178 2204 2232; x_wconf 86' lang='lat' dir='ltr'><strong>annot.</strong></span> <span class='ocrx_word' id='word_1_176' title='bbox 2239 2165 2330 2233; x_wconf 88' lang='lat' dir='ltr'><strong>ad</strong></span> <span class='ocrx_word' id='word_1_177' title='bbox 2358 2165 2597 2256; x_wconf 66' lang='lat' dir='ltr'><strong>cona),</strong></span> 
     </span>
     <span class='ocr_line' id='line_1_19' title="bbox 306 2270 2602 2360; baseline 0 -23"><span class='ocrx_word' id='word_1_178' title='bbox 306 2299 346 2338; x_wconf 64' lang='grc' dir='ltr'><strong>ι(</strong></span> <span class='ocrx_word' id='word_1_179' title='bbox 369 2273 552 2360; x_wconf 89' lang='lat' dir='ltr'><strong>quod</strong></span> <span class='ocrx_word' id='word_1_180' title='bbox 588 2274 643 2339; x_wconf 89' lang='lat' dir='ltr'><strong>si</strong></span> <span class='ocrx_word' id='word_1_181' title='bbox 688 2272 908 2338; x_wconf 86' lang='lat' dir='ltr'><strong>delicti</strong></span> <span class='ocrx_word' id='word_1_182' title='bbox 932 2271 1214 2359; x_wconf 78' lang='lat' dir='ltr'><strong>gravitas</strong></span> <span class='ocrx_word' id='word_1_183' title='bbox 1242 2271 1345 2336; x_wconf 84' lang='lat' dir='ltr'><strong>vel</strong></span> <span class='ocrx_word' id='word_1_184' title='bbox 1382 2273 1450 2336; x_wconf 89' lang='lat' dir='ltr'><strong>in</strong></span> <span class='ocrx_word' id='word_1_185' title='bbox 1479 2275 1612 2336; x_wconf 89' lang='lat' dir='ltr'><strong>toto</strong></span> <span class='ocrx_word' id='word_1_186' title='bbox 1636 2270 1944 2358; x_wconf 88' lang='lat' dir='ltr'><strong>capitulo,</strong></span> <span class='ocrx_word' id='word_1_187' title='bbox 1986 2275 2059 2337; x_wconf 92' lang='lat' dir='ltr'><strong>ut</strong></span> <span class='ocrx_word' id='word_1_188' title='bbox 2088 2291 2323 2358; x_wconf 86' lang='lat' dir='ltr'><strong>corpus</strong></span> <span class='ocrx_word' id='word_1_189' title='bbox 2358 2270 2602 2338; x_wconf 84' lang='lat' dir='ltr'><strong>morale</strong></span> 
     </span>
     <span class='ocr_line' id='line_1_20' title="bbox 311 2374 2599 2465; baseline 0.002 -27"><span class='ocrx_word' id='word_1_190' title='bbox 311 2400 350 2440; x_wconf 63' lang='lat' dir='ltr'><strong>a&lt;</strong></span> <span class='ocrx_word' id='word_1_191' title='bbox 382 2381 501 2456; x_wconf 89' lang='lat' dir='ltr'><strong>est,</strong></span> <span class='ocrx_word' id='word_1_192' title='bbox 532 2375 634 2443; x_wconf 83' lang='lat' dir='ltr'><strong>vel</strong></span> <span class='ocrx_word' id='word_1_193' title='bbox 664 2376 735 2443; x_wconf 90' lang='lat' dir='ltr'><strong>in</strong></span> <span class='ocrx_word' id='word_1_194' title='bbox 766 2395 1006 2464; x_wconf 86' lang='lat' dir='ltr'><strong>magna</strong></span> <span class='ocrx_word' id='word_1_195' title='bbox 1031 2380 1212 2465; x_wconf 89' lang='lat' dir='ltr'><strong>parte</strong></span> <span class='ocrx_word' id='word_1_196' title='bbox 1241 2394 1667 2465; x_wconf 88' lang='lat' dir='ltr'><strong>personarum</strong></span> <span class='ocrx_word' id='word_1_197' title='bbox 1694 2374 1860 2462; x_wconf 84' lang='lat' dir='ltr'><strong>ejus,</strong></span> <span class='ocrx_word' id='word_1_198' title='bbox 1902 2374 2001 2441; x_wconf 86' lang='lat' dir='ltr'><strong>vel</strong></span> <span class='ocrx_word' id='word_1_199' title='bbox 2040 2374 2111 2441; x_wconf 90' lang='lat' dir='ltr'><strong>in</strong></span> <span class='ocrx_word' id='word_1_200' title='bbox 2137 2376 2276 2464; x_wconf 88' lang='lat' dir='ltr'><strong>ejus</strong></span> <span class='ocrx_word' id='word_1_201' title='bbox 2306 2374 2599 2464; x_wconf 85' lang='lat' dir='ltr'><strong>proximo</strong></span> 
     </span>
     <span class='ocr_line' id='line_1_21' title="bbox 309 2480 2599 2573; baseline 0.001 -25"><span class='ocrx_word' id='word_1_202' title='bbox 309 2508 345 2549; x_wconf 91' lang='lat'>«</span> <span class='ocrx_word' id='word_1_203' title='bbox 373 2488 437 2551; x_wconf 86' lang='lat' dir='ltr'><strong>et</strong></span> <span class='ocrx_word' id='word_1_204' title='bbox 459 2481 836 2551; x_wconf 88' lang='lat' dir='ltr'><strong>immediato</strong></span> <span class='ocrx_word' id='word_1_205' title='bbox 860 2483 1065 2572; x_wconf 88' lang='lat' dir='ltr'><strong>capite</strong></span> <span class='ocrx_word' id='word_1_206' title='bbox 1091 2481 1158 2550; x_wconf 90' lang='lat' dir='ltr'><strong>id</strong></span> <span class='ocrx_word' id='word_1_207' title='bbox 1202 2486 1519 2572; x_wconf 85' lang='lat' dir='ltr'><strong>exposcat,</strong></span> <span class='ocrx_word' id='word_1_208' title='bbox 1551 2480 1756 2550; x_wconf 85' lang='lat' dir='ltr'><strong>fertur</strong></span> <span class='ocrx_word' id='word_1_209' title='bbox 1798 2481 2130 2573; x_wconf 90' lang='lat' dir='ltr'><strong>suspensio</strong></span> <span class='ocrx_word' id='word_1_210' title='bbox 2153 2481 2258 2550; x_wconf 84' lang='lat' dir='ltr'><strong>vel</strong></span> <span class='ocrx_word' id='word_1_211' title='bbox 2291 2481 2599 2551; x_wconf 90' lang='lat' dir='ltr'><strong>interdic·</strong></span> 
     </span>
     <span class='ocr_line' id='line_1_22' title="bbox 308 2589 2597 2680; baseline 0.003 -28"><span class='ocrx_word' id='word_1_212' title='bbox 308 2595 504 2657; x_wconf 91' lang='lat' dir='ltr'><strong>«tum</strong></span> <span class='ocrx_word' id='word_1_213' title='bbox 531 2590 597 2656; x_wconf 95' lang='lat' dir='ltr'><strong>in</strong></span> <span class='ocrx_word' id='word_1_214' title='bbox 621 2595 831 2657; x_wconf 86' lang='lat' dir='ltr'><strong>totum</strong></span> <span class='ocrx_word' id='word_1_215' title='bbox 860 2589 1247 2679; x_wconf 85' lang='lat' dir='ltr'><strong>capitulum,</strong></span> <span class='ocrx_word' id='word_1_216' title='bbox 1271 2589 1857 2657; x_wconf 87' lang='lat' dir='ltr'><strong>excommunicatio</strong></span> <span class='ocrx_word' id='word_1_217' title='bbox 1880 2611 2029 2657; x_wconf 87' lang='lat' dir='ltr'><strong>vero</strong></span> <span class='ocrx_word' id='word_1_218' title='bbox 2054 2595 2277 2657; x_wconf 89' lang='lat' dir='ltr'><strong>contra</strong></span> <span class='ocrx_word' id='word_1_219' title='bbox 2302 2593 2597 2680; x_wconf 88' lang='lat' dir='ltr'><strong>particu-</strong></span> 
     </span>
     <span class='ocr_line' id='line_1_23' title="bbox 309 2696 2590 2786; baseline 0.002 -25"><span class='ocrx_word' id='word_1_220' title='bbox 309 2696 532 2763; x_wconf 87' lang='lat' dir='ltr'><strong>«lares</strong></span> <span class='ocrx_word' id='word_1_221' title='bbox 559 2696 810 2785; x_wconf 89' lang='lat' dir='ltr'><strong>aliquos</strong></span> <span class='ocrx_word' id='word_1_222' title='bbox 834 2696 1226 2785; x_wconf 85' lang='lat' dir='ltr'><strong>capitulares</strong></span> <span class='ocrx_word' id='word_1_223' title='bbox 1249 2696 1731 2785; x_wconf 78' lang='lat' dir='ltr'><strong>delinquenteS,</strong></span> <span class='ocrx_word' id='word_1_224' title='bbox 1759 2696 2139 2786; x_wconf 82' lang='lat' dir='ltr'><strong>excipiendo</strong></span> <span class='ocrx_word' id='word_1_225' title='bbox 2184 2698 2590 2765; x_wconf 88' lang='lat' dir='ltr'><strong>innocentes.</strong></span> 
     </span>
     <span class='ocr_line' id='line_1_24' title="bbox 303 2798 2597 2891; baseline 0.001 -26"><span class='ocrx_word' id='word_1_226' title='bbox 303 2826 340 2867; x_wconf 70' lang='grc' dir='ltr'>α</span> <span class='ocrx_word' id='word_1_227' title='bbox 367 2800 539 2881; x_wconf 84' lang='lat' dir='ltr'><strong>Quia</strong></span> <span class='ocrx_word' id='word_1_228' title='bbox 557 2822 709 2867; x_wconf 85' lang='lat' dir='ltr'><strong>vero</strong></span> <span class='ocrx_word' id='word_1_229' title='bbox 754 2804 1045 2869; x_wconf 90' lang='lat' dir='ltr'><strong>censuris</strong></span> <span class='ocrx_word' id='word_1_230' title='bbox 1085 2824 1276 2891; x_wconf 90' lang='lat' dir='ltr'><strong>parce</strong></span> <span class='ocrx_word' id='word_1_231' title='bbox 1304 2803 1404 2868; x_wconf 90' lang='lat' dir='ltr'><strong>uti</strong></span> <span class='ocrx_word' id='word_1_232' title='bbox 1453 2802 1691 2869; x_wconf 87' lang='lat' dir='ltr'><strong>debent</strong></span> <span class='ocrx_word' id='word_1_233' title='bbox 1716 2800 2074 2880; x_wconf 84' lang='lat' dir='ltr'><strong>Ordinarii,</strong></span> <span class='ocrx_word' id='word_1_234' title='bbox 2109 2820 2188 2864; x_wconf 83' lang='lat' dir='ltr'><strong>ex</strong></span> <span class='ocrx_word' id='word_1_235' title='bbox 2209 2798 2597 2868; x_wconf 89' lang='lat' dir='ltr'><strong>Tridentino</strong></span> 
     </span>
     <span class='ocr_line' id='line_1_25' title="bbox 311 2900 2599 2995; baseline 0.001 -25"><span class='ocrx_word' id='word_1_236' title='bbox 311 2932 350 2971; x_wconf 86' lang='lat'>«</span> <span class='ocrx_word' id='word_1_237' title='bbox 382 2906 559 2994; x_wconf 78' lang='lat' dir='ltr'><strong>(sesS.</strong></span> <span class='ocrx_word' id='word_1_238' title='bbox 587 2904 704 2989; x_wconf 80' lang='lat'><strong>25,</strong></span> <span class='ocrx_word' id='word_1_239' title='bbox 731 2927 790 2971; x_wconf 92' lang='lat' dir='ltr'><strong>c.</strong></span> <span class='ocrx_word' id='word_1_240' title='bbox 823 2903 892 2989; x_wconf 86' lang='lat'><strong>3,</strong></span> <span class='ocrx_word' id='word_1_241' title='bbox 924 2909 1016 2971; x_wconf 86' lang='lat' dir='ltr'><strong>De</strong></span> <span class='ocrx_word' id='word_1_242' title='bbox 1037 2906 1223 2995; x_wconf 68' lang='lat' dir='ltr'><strong>rofi),</strong></span> <span class='ocrx_word' id='word_1_243' title='bbox 1258 2907 1417 2972; x_wconf 89' lang='lat' dir='ltr'><strong>hinc</strong></span> <span class='ocrx_word' id='word_1_244' title='bbox 1444 2907 1692 2994; x_wconf 86' lang='lat' dir='ltr'><strong>optime</strong></span> <span class='ocrx_word' id='word_1_245' title='bbox 1719 2909 1899 2969; x_wconf 88' lang='lat' dir='ltr'><strong>notat</strong></span> <span class='ocrx_word' id='word_1_246' title='bbox 1928 2902 2103 2968; x_wconf 91' lang='lat' dir='ltr'><strong>idem</strong></span> <span class='ocrx_word' id='word_1_247' title='bbox 2132 2900 2492 2969; x_wconf 90' lang='lat' dir='ltr'><strong>Cardinalis</strong></span> <span class='ocrx_word' id='word_1_248' title='bbox 2519 2903 2599 2972; x_wconf 84' lang='lat' dir='ltr'><strong>de</strong></span> 
     </span>
     <span class='ocr_line' id='line_1_26' title="bbox 313 3006 2599 3097; baseline 0.003 -24"><span class='ocrx_word' id='word_1_249' title='bbox 313 3033 347 3073; x_wconf 74' lang='grc' dir='ltr'><strong>α</strong></span> <span class='ocrx_word' id='word_1_250' title='bbox 387 3007 572 3075; x_wconf 88' lang='lat' dir='ltr'><strong>Luca</strong></span> <span class='ocrx_word' id='word_1_251' title='bbox 600 3007 924 3097; x_wconf 89' lang='lat' dir='ltr'><strong>(discursu</strong></span> <span class='ocrx_word' id='word_1_252' title='bbox 952 3008 1036 3074; x_wconf 80' lang='lat'><strong>43</strong></span> <span class='ocrx_word' id='word_1_253' title='bbox 1070 3009 1593 3075; x_wconf 77' lang='lat' dir='ltr'><strong>annotationum</strong></span> <span class='ocrx_word' id='word_1_254' title='bbox 1621 3006 1713 3073; x_wconf 85' lang='lat' dir='ltr'><strong>ad</strong></span> <span class='ocrx_word' id='word_1_255' title='bbox 1737 3007 1944 3097; x_wconf 83' lang='lat' dir='ltr'><strong>conc.)</strong></span> <span class='ocrx_word' id='word_1_256' title='bbox 1968 3028 2104 3073; x_wconf 90' lang='lat' dir='ltr'><strong>non</strong></span> <span class='ocrx_word' id='word_1_257' title='bbox 2125 3027 2261 3074; x_wconf 89' lang='lat' dir='ltr'><strong>esse</strong></span> <span class='ocrx_word' id='word_1_258' title='bbox 2293 3029 2599 3079; x_wconf 86' lang='lat' dir='ltr'><strong>censuras</strong></span> 
     </span>
     <span class='ocr_line' id='line_1_27' title="bbox 316 3112 2597 3205; baseline 0.002 -25"><span class='ocrx_word' id='word_1_259' title='bbox 316 3139 348 3180; x_wconf 83' lang='lat'>«</span> <span class='ocrx_word' id='word_1_260' title='bbox 374 3114 697 3193; x_wconf 84' lang='lat' dir='ltr'><strong>ferendas,</strong></span> <span class='ocrx_word' id='word_1_261' title='bbox 722 3113 1068 3202; x_wconf 87' lang='lat' dir='ltr'><strong>quandoet</strong></span> <span class='ocrx_word' id='word_1_262' title='bbox 1087 3113 1205 3181; x_wconf 92' lang='lat' dir='ltr'><strong>ubi</strong></span> <span class='ocrx_word' id='word_1_263' title='bbox 1227 3134 1342 3203; x_wconf 87' lang='lat' dir='ltr'><strong>per</strong></span> <span class='ocrx_word' id='word_1_264' title='bbox 1364 3113 1641 3180; x_wconf 85' lang='lat' dir='ltr'><strong>mulctas</strong></span> <span class='ocrx_word' id='word_1_265' title='bbox 1663 3112 1948 3202; x_wconf 87' lang='lat' dir='ltr'><strong>aliasque</strong></span> <span class='ocrx_word' id='word_1_266' title='bbox 1971 3134 2195 3204; x_wconf 89' lang='lat' dir='ltr'><strong>poenas</strong></span> <span class='ocrx_word' id='word_1_267' title='bbox 2214 3116 2597 3205; x_wconf 88' lang='lat' dir='ltr'><strong>temporales</strong></span> 
     </span>
     <span class='ocr_line' id='line_1_28' title="bbox 320 3219 1024 3311; baseline 0.003 -28"><span class='ocrx_word' id='word_1_268' title='bbox 320 3219 699 3311; x_wconf 71' lang='lat' dir='ltr'><strong>«provideri</strong></span> <span class='ocrx_word' id='word_1_269' title='bbox 733 3223 1024 3308; x_wconf 85' lang='lat' dir='ltr'><strong>potest...</strong></span> 
     </span>
    </p>

    <p class='ocr_par' dir='ltr' id='par_1_5' title="bbox 325 3323 2597 3840">
     <span class='ocr_line' id='line_1_29' title="bbox 402 3323 2593 3417; baseline 0.004 -28"><span class='ocrx_word' id='word_1_270' title='bbox 402 3351 437 3390; x_wconf 88' lang='lat'>«</span> <span class='ocrx_word' id='word_1_271' title='bbox 461 3324 732 3392; x_wconf 90' lang='lat' dir='ltr'><strong>Notetur</strong></span> <span class='ocrx_word' id='word_1_272' title='bbox 772 3329 989 3391; x_wconf 86' lang='lat' dir='ltr'><strong>tamen</strong></span> <span class='ocrx_word' id='word_1_273' title='bbox 1030 3323 1390 3414; x_wconf 87' lang='lat' dir='ltr'><strong>capitulum</strong></span> <span class='ocrx_word' id='word_1_274' title='bbox 1426 3347 1557 3393; x_wconf 90' lang='lat' dir='ltr'><strong>non</strong></span> <span class='ocrx_word' id='word_1_275' title='bbox 1602 3346 1787 3417; x_wconf 88' lang='lat' dir='ltr'><strong>posse</strong></span> <span class='ocrx_word' id='word_1_276' title='bbox 1824 3325 2157 3394; x_wconf 87' lang='lat' dir='ltr'><strong>censurari</strong></span> <span class='ocrx_word' id='word_1_277' title='bbox 2185 3326 2268 3394; x_wconf 93' lang='lat' dir='ltr'><strong>ob</strong></span> <span class='ocrx_word' id='word_1_278' title='bbox 2295 3327 2593 3397; x_wconf 89' lang='lat' dir='ltr'><strong>debitum</strong></span> 
     </span>
     <span class='ocr_line' id='line_1_30' title="bbox 325 3431 2595 3523; baseline 0.004 -28"><span class='ocrx_word' id='word_1_279' title='bbox 325 3456 356 3495; x_wconf 76' lang='grc' dir='ltr'>α</span> <span class='ocrx_word' id='word_1_280' title='bbox 378 3431 851 3521; x_wconf 90' lang='lat' dir='ltr'><strong>pecuniarium,</strong></span> <span class='ocrx_word' id='word_1_281' title='bbox 874 3431 1028 3520; x_wconf 90' lang='lat' dir='ltr'><strong>quia</strong></span> <span class='ocrx_word' id='word_1_282' title='bbox 1056 3431 1123 3497; x_wconf 93' lang='lat' dir='ltr'><strong>in</strong></span> <span class='ocrx_word' id='word_1_283' title='bbox 1153 3436 1604 3521; x_wconf 85' lang='lat' dir='ltr'><strong>extravagante</strong></span> <span class='ocrx_word' id='word_1_284' title='bbox 1629 3431 1910 3500; x_wconf 83' lang='lat' dir='ltr'><strong>Provide</strong></span> <span class='ocrx_word' id='word_1_285' title='bbox 1931 3433 2317 3523; x_wconf 85' lang='lat' dir='ltr'><strong>prohibetur</strong></span> <span class='ocrx_word' id='word_1_286' title='bbox 2341 3456 2421 3501; x_wconf 92' lang='lat' dir='ltr'><strong>ne</strong></span> <span class='ocrx_word' id='word_1_287' title='bbox 2442 3457 2595 3503; x_wconf 86' lang='lat' dir='ltr'><strong>cen-</strong></span> 
     </span>
     <span class='ocr_line' id='line_1_31' title="bbox 327 3537 2595 3629; baseline 0.002 -29"><span class='ocrx_word' id='word_1_288' title='bbox 327 3562 358 3600; x_wconf 79' lang='lat'>«</span> <span class='ocrx_word' id='word_1_289' title='bbox 380 3559 543 3604; x_wconf 82' lang='lat' dir='ltr'><strong>surae</strong></span> <span class='ocrx_word' id='word_1_290' title='bbox 572 3537 900 3626; x_wconf 84' lang='lat' dir='ltr'><strong>generales</strong></span> <span class='ocrx_word' id='word_1_291' title='bbox 917 3537 1209 3604; x_wconf 85' lang='lat' dir='ltr'><strong>ferantur</strong></span> <span class='ocrx_word' id='word_1_292' title='bbox 1239 3560 1356 3627; x_wconf 92' lang='lat' dir='ltr'><strong>pro</strong></span> <span class='ocrx_word' id='word_1_293' title='bbox 1379 3538 1596 3607; x_wconf 88' lang='lat' dir='ltr'><strong>debito</strong></span> <span class='ocrx_word' id='word_1_294' title='bbox 1626 3541 2027 3629; x_wconf 89' lang='lat' dir='ltr'><strong>pecuniario,</strong></span> <span class='ocrx_word' id='word_1_295' title='bbox 2063 3539 2188 3605; x_wconf 90' lang='lat' dir='ltr'><strong>nisi</strong></span> <span class='ocrx_word' id='word_1_296' title='bbox 2212 3537 2294 3603; x_wconf 84' lang='lat' dir='ltr'><strong>de</strong></span> <span class='ocrx_word' id='word_1_297' title='bbox 2312 3540 2595 3627; x_wconf 84' lang='lat' dir='ltr'><strong>Aposto-</strong></span> 
     </span>
     <span class='ocr_line' id='line_1_32' title="bbox 327 3642 2597 3735; baseline 0.002 -27"><span class='ocrx_word' id='word_1_298' title='bbox 327 3668 359 3708; x_wconf 82' lang='lat'>«</span> <span class='ocrx_word' id='word_1_299' title='bbox 385 3645 528 3712; x_wconf 80' lang='lat' dir='ltr'><em>licae</em></span> <span class='ocrx_word' id='word_1_300' title='bbox 557 3642 750 3711; x_wconf 83' lang='lat' dir='ltr'><strong>Sedis</strong></span> <span class='ocrx_word' id='word_1_301' title='bbox 772 3642 1055 3733; x_wconf 81' lang='lat' dir='ltr'><strong>speciali</strong></span> <span class='ocrx_word' id='word_1_302' title='bbox 1088 3643 1358 3711; x_wconf 83' lang='lat' dir='ltr'><strong>licentia</strong></span> <span class='ocrx_word' id='word_1_303' title='bbox 1385 3658 1450 3712; x_wconf 84' lang='lat' dir='ltr'><strong>et</strong></span> <span class='ocrx_word' id='word_1_304' title='bbox 1473 3669 1804 3735; x_wconf 70' lang='lat' dir='ltr'><strong>empressa,</strong></span> <span class='ocrx_word' id='word_1_305' title='bbox 1847 3666 1968 3734; x_wconf 83' lang='lat' dir='ltr'><strong>per</strong></span> <span class='ocrx_word' id='word_1_306' title='bbox 1992 3645 2203 3732; x_wconf 80' lang='lat' dir='ltr'><strong>ipsius</strong></span> <span class='ocrx_word' id='word_1_307' title='bbox 2243 3642 2427 3709; x_wconf 82' lang='lat' dir='ltr'><strong>Sedis</strong></span> <span class='ocrx_word' id='word_1_308' title='bbox 2456 3667 2597 3733; x_wconf 81' lang='lat' dir='ltr'><strong>pa-</strong></span> 
     </span>
     <span class='ocr_line' id='line_1_33' title="bbox 327 3752 1294 3840; baseline -0.002 -24"><span class='ocrx_word' id='word_1_309' title='bbox 327 3776 358 3815; x_wconf 80' lang='lat'>«</span> <span class='ocrx_word' id='word_1_310' title='bbox 386 3763 587 3819; x_wconf 79' lang='lat' dir='ltr'><strong>tentes</strong></span> <span class='ocrx_word' id='word_1_311' title='bbox 613 3752 880 3819; x_wconf 65' lang='lat' dir='ltr'><strong>litteras</strong></span> <span class='ocrx_word' id='word_1_312' title='bbox 903 3759 1294 3840; x_wconf 78' lang='lat' dir='ltr'><strong>apparente.</strong></span> 
     </span>
    </p>

    <p class='ocr_par' dir='ltr' id='par_1_6' title="bbox 320 3850 2594 4475">
     <span class='ocr_line' id='line_1_34' title="bbox 404 3850 2588 3947; baseline 0.002 -26"><span class='ocrx_word' id='word_1_313' title='bbox 404 3882 440 3923; x_wconf 87' lang='lat'>«</span> <span class='ocrx_word' id='word_1_314' title='bbox 467 3855 839 3925; x_wconf 90' lang='lat' dir='ltr'><strong>Notandum</strong></span> <span class='ocrx_word' id='word_1_315' title='bbox 863 3856 1062 3923; x_wconf 90' lang='lat' dir='ltr'><strong>etiam</strong></span> <span class='ocrx_word' id='word_1_316' title='bbox 1088 3852 1262 3943; x_wconf 90' lang='lat' dir='ltr'><strong>quod</strong></span> <span class='ocrx_word' id='word_1_317' title='bbox 1284 3852 1339 3920; x_wconf 90' lang='lat' dir='ltr'><strong>si</strong></span> <span class='ocrx_word' id='word_1_318' title='bbox 1368 3850 1716 3941; x_wconf 84' lang='lat' dir='ltr'><strong>aliquando</strong></span> <span class='ocrx_word' id='word_1_319' title='bbox 1742 3852 1926 3920; x_wconf 87' lang='lat' dir='ltr'><strong>citari</strong></span> <span class='ocrx_word' id='word_1_320' title='bbox 1955 3854 2179 3922; x_wconf 87' lang='lat' dir='ltr'><strong>debeat</strong></span> <span class='ocrx_word' id='word_1_321' title='bbox 2203 3853 2588 3947; x_wconf 83' lang='lat' dir='ltr'><strong>capitulum,</strong></span> 
     </span>
     <span class='ocr_line' id='line_1_35' title="bbox 320 3958 2593 4050; baseline 0.004 -27"><span class='ocrx_word' id='word_1_322' title='bbox 320 3960 446 4029; x_wconf 85' lang='lat' dir='ltr'><strong>«id</strong></span> <span class='ocrx_word' id='word_1_323' title='bbox 485 3960 858 4029; x_wconf 85' lang='lat' dir='ltr'><strong>faciendum</strong></span> <span class='ocrx_word' id='word_1_324' title='bbox 896 3967 988 4027; x_wconf 87' lang='lat' dir='ltr'><strong>est</strong></span> <span class='ocrx_word' id='word_1_325' title='bbox 1028 3958 1502 4050; x_wconf 82' lang='lat' dir='ltr'><strong>capitulariter3</strong></span> <span class='ocrx_word' id='word_1_326' title='bbox 1540 3980 1671 4026; x_wconf 92' lang='lat' dir='ltr'><strong>non</strong></span> <span class='ocrx_word' id='word_1_327' title='bbox 1711 3959 1889 4026; x_wconf 90' lang='lat' dir='ltr'><strong>enim</strong></span> <span class='ocrx_word' id='word_1_328' title='bbox 1922 3959 2164 4028; x_wconf 83' lang='lat' dir='ltr'><strong>sufficit</strong></span> <span class='ocrx_word' id='word_1_329' title='bbox 2191 3960 2405 4031; x_wconf 88' lang='lat' dir='ltr'><strong>citatio</strong></span> <span class='ocrx_word' id='word_1_330' title='bbox 2429 3963 2593 4032; x_wconf 86' lang='lat' dir='ltr'><strong>facta</strong></span> 
     </span>
     <span class='ocr_line' id='line_1_36' title="bbox 322 4063 2591 4158; baseline 0.001 -28"><span class='ocrx_word' id='word_1_331' title='bbox 322 4091 353 4131; x_wconf 89' lang='lat'>«</span> <span class='ocrx_word' id='word_1_332' title='bbox 380 4067 655 4157; x_wconf 88' lang='lat' dir='ltr'><strong>singulis</strong></span> <span class='ocrx_word' id='word_1_333' title='bbox 700 4064 1187 4155; x_wconf 61' lang='lat' dir='ltr'><strong>capitularibus</strong></span> <span class='ocrx_word' id='word_1_334' title='bbox 1235 4063 1423 4145; x_wconf 84' lang='lat' dir='ltr'><strong>Quod</strong></span> <span class='ocrx_word' id='word_1_335' title='bbox 1481 4065 1534 4132; x_wconf 89' lang='lat' dir='ltr'><strong>si</strong></span> <span class='ocrx_word' id='word_1_336' title='bbox 1588 4064 1950 4154; x_wconf 87' lang='lat' dir='ltr'><strong>capitulum</strong></span> <span class='ocrx_word' id='word_1_337' title='bbox 2001 4071 2273 4154; x_wconf 87' lang='lat' dir='ltr'><strong>nequeat</strong></span> <span class='ocrx_word' id='word_1_338' title='bbox 2323 4069 2591 4158; x_wconf 89' lang='lat' dir='ltr'><strong>reperiri</strong></span> 
     </span>
     <span class='ocr_line' id='line_1_37' title="bbox 326 4170 2594 4262; baseline -0.002 -26"><span class='ocrx_word' id='word_1_339' title='bbox 326 4196 359 4236; x_wconf 89' lang='lat'>«</span> <span class='ocrx_word' id='word_1_340' title='bbox 384 4178 879 4262; x_wconf 86' lang='lat' dir='ltr'><strong>congregatum,</strong></span> <span class='ocrx_word' id='word_1_341' title='bbox 905 4178 1064 4238; x_wconf 90' lang='lat' dir='ltr'><strong>tunc</strong></span> <span class='ocrx_word' id='word_1_342' title='bbox 1088 4170 1400 4237; x_wconf 89' lang='lat' dir='ltr'><strong>monendi</strong></span> <span class='ocrx_word' id='word_1_343' title='bbox 1426 4176 1581 4235; x_wconf 88' lang='lat' dir='ltr'><strong>sunt</strong></span> <span class='ocrx_word' id='word_1_344' title='bbox 1603 4170 1651 4236; x_wconf 91' lang='lat' dir='ltr'><strong>ii</strong></span> <span class='ocrx_word' id='word_1_345' title='bbox 1684 4170 1762 4235; x_wconf 90' lang='lat' dir='ltr'><strong>ad</strong></span> <span class='ocrx_word' id='word_1_346' title='bbox 1789 4189 1950 4258; x_wconf 89' lang='lat' dir='ltr'><strong>quos</strong></span> <span class='ocrx_word' id='word_1_347' title='bbox 1974 4176 2234 4261; x_wconf 85' lang='lat' dir='ltr'><strong>spectat,</strong></span> <span class='ocrx_word' id='word_1_348' title='bbox 2268 4177 2340 4238; x_wconf 91' lang='lat' dir='ltr'><strong>ut</strong></span> <span class='ocrx_word' id='word_1_349' title='bbox 2361 4175 2594 4239; x_wconf 86' lang='lat' dir='ltr'><strong>statuta</strong></span> 
     </span>
     <span class='ocr_line' id='line_1_38' title="bbox 327 4269 2590 4367; baseline -0.006 -27"><span class='ocrx_word' id='word_1_350' title='bbox 327 4278 483 4345; x_wconf 91' lang='lat' dir='ltr'><strong>«die</strong></span> <span class='ocrx_word' id='word_1_351' title='bbox 507 4284 569 4345; x_wconf 91' lang='lat' dir='ltr'><strong>et</strong></span> <span class='ocrx_word' id='word_1_352' title='bbox 593 4279 751 4345; x_wconf 86' lang='lat' dir='ltr'><strong>hora</strong></span> <span class='ocrx_word' id='word_1_353' title='bbox 781 4277 1143 4367; x_wconf 88' lang='lat' dir='ltr'><strong>capitulum</strong></span> <span class='ocrx_word' id='word_1_354' title='bbox 1171 4283 1590 4364; x_wconf 84' lang='lat' dir='ltr'><strong>congregent.</strong></span> <span class='ocrx_word' id='word_1_355' title='bbox 1625 4274 1716 4341; x_wconf 84' lang='lat' dir='ltr'><strong>Ex</strong></span> <span class='ocrx_word' id='word_1_356' title='bbox 1742 4275 1823 4342; x_wconf 89' lang='lat' dir='ltr'><strong>de</strong></span> <span class='ocrx_word' id='word_1_357' title='bbox 1854 4274 2054 4345; x_wconf 86' lang='lat' dir='ltr'><strong>Luca.</strong></span> <span class='ocrx_word' id='word_1_358' title='bbox 2092 4301 2127 4339; x_wconf 82' lang='lat'>»</span> <span class='ocrx_word' id='word_1_359' title='bbox 2167 4269 2590 4363; x_wconf 83' lang='lat' dir='ltr'><strong>(Andreucci‚</strong></span> 
     </span>
     <span class='ocr_line' id='line_1_39' title="bbox 323 4381 1541 4475; baseline -0.001 -27"><span class='ocrx_word' id='word_1_360' title='bbox 323 4384 411 4451; x_wconf 83' lang='lat' dir='ltr'><strong>De</strong></span> <span class='ocrx_word' id='word_1_361' title='bbox 431 4384 677 4454; x_wconf 82' lang='lat' dir='ltr'><strong>tuenda</strong></span> <span class='ocrx_word' id='word_1_362' title='bbox 684 4406 879 4475; x_wconf 84' lang='lat' dir='ltr'><strong>pace,</strong></span> <span class='ocrx_word' id='word_1_363' title='bbox 902 4389 1065 4473; x_wconf 85' lang='lat' dir='ltr'><strong>part.</strong></span> <span class='ocrx_word' id='word_1_364' title='bbox 1099 4384 1162 4463; x_wconf 84' lang='lat'><strong>1,</strong></span> <span class='ocrx_word' id='word_1_365' title='bbox 1190 4404 1248 4449; x_wconf 93' lang='lat' dir='ltr'><strong>c.</strong></span> <span class='ocrx_word' id='word_1_366' title='bbox 1284 4382 1351 4464; x_wconf 76' lang='lat'><strong>2,</strong></span> <span class='ocrx_word' id='word_1_367' title='bbox 1379 4381 1420 4471; x_wconf 63' lang='grc' dir='ltr'><strong>ξ</strong></span> <span class='ocrx_word' id='word_1_368' title='bbox 1444 4382 1541 4468; x_wconf 77' lang='grc'><strong>2.)</strong></span> 
     </span>
    </p>
   </div>
  </div>
 </body>
</html>
