2930 4982
376 310 413 365 5
427 311 452 364 Ἰ
465 308 503 364 2
1361 313 1706 361 ‘suenrus

378 463 414 501 α
443 442 605 520 tam,
631 434 715 503 sit
730 433 939 516 ordo„
954 484 968 500 .
984 484 1002 502 .
1026 433 1190 503 bene
1212 434 1638 502 verificantur
1660 432 1855 501 verba
1879 431 1988 502 illa
2013 433 2275 501 concilii
2304 433 2670 504 ordin-andi

383 569 419 607 α
448 540 806 610 licentiam.
852 537 1025 608 Tum
1075 540 1343 610 demum
1389 541 1545 629 quia
1593 540 1735 608 haec
1778 540 2193 608 communior
2236 531 2574 608 sententia.
2625 567 2663 605 »

375 647 500 719 Pro
534 650 647 717 illa
686 653 903 715 autem
938 649 1251 716 sententia
1283 648 1724 717 communiori
1751 653 1871 715 stat
1906 648 2084 714 inter
2105 647 2264 715 alios
2304 646 2670 717 Cardinalis

374 755 453 823 de
482 755 662 823 Luca
690 753 795 842 (ad
825 774 1012 820 conc.
1041 750 1255 839 Trid.,
1284 753 1444 821 disc.
1480 752 1595 840 31,
1623 775 1692 820 n.
1735 751 1872 842 32).
1913 752 2051 841 Ego
2074 759 2294 820 tamen
2323 754 2525 822 fateor
2557 753 2669 821 illa

372 862 567 928 verba
611 858 822 929 Sacrae
849 858 1380 949 Congregationis
1414 858 1703 944 concilii,
1730 858 1888 948 quia
1918 880 2054 926 non
2071 857 2477 949 prohibetur
2509 856 2669 949 dare

372 964 791 1033 dimissorias
816 964 911 1031 ad
932 965 1230 1054 primam
1261 977 1632 1048 tonsuram,
1663 964 1828 1032 mihi
1855 963 2060 1031 videri
2090 964 2242 1030 satis
2265 963 2471 1044 clara3
2504 969 2665 1030 etex

374 1074 501 1142 illis
547 1074 619 1140 in
666 1073 1076 1153 sententiam,
1107 1094 1253 1163 quae
1292 1073 1514 1141 minus
1562 1071 1932 1141 communis
1968 1077 2061 1138 est
2106 1093 2213 1138 me
2256 1092 2389 1137 non
2433 1092 2661 1160 parum

375 1178 702 1249 inclinari.

472 1289 751 1366 Quarto.
789 1284 1196 1374 Applicanda
1228 1291 1322 1352 est
1358 1285 1550 1351 etiam
1585 1285 1894 1375 praedicta
1937 1284 2037 1351 lex
2077 1283 2463 1353 Tridentina
2502 1285 2667 1351 vica·

373 1392 472 1457 rio
500 1390 844 1481 capitulari
881 1412 1081 1479 quem
1107 1391 1472 1481 deputasset
1492 1391 2051 1481 MetropolitanuS‚
2080 1391 2334 1458 etiamsi
2363 1392 2671 1481 deputas-

372 1502 467 1563 set
506 1496 697 1563 illum
747 1497 969 1586 ipsum
1013 1496 1131 1584 qui
1157 1517 1195 1561 a
1222 1494 1525 1563 defuncto
1570 1495 1887 1586 Episcopo
1932 1503 2265 1585 acceperat
2298 1495 2666 1564 facultatem

371 1602 752 1692 hujusmodi
785 1603 1182 1670 dimissorias
1212 1602 1606 1671 concedendi
1633 1627 1647 1679 ;
1686 1604 1840 1690 quia
1876 1603 1945 1669 in
1982 1603 2106 1669 hac
2133 1625 2203 1669 re
2228 1602 2669 1692 Metropolita-

373 1731 500 1776 nus
545 1730 678 1776 non
718 1709 910 1777 habet
947 1709 1070 1775 nisi
1114 1710 1469 1799 ipsummet
1501 1710 1613 1797 jus
1657 1709 1928 1798 capituli
1976 1732 1993 1776 ε
2032 1711 2143 1798 jus
2185 1710 2366 1776 enim
2399 1708 2563 1775 illud
2600 1715 2663 1776 et

374 1837 503 1883 non
530 1815 706 1882 aliud
740 1816 820 1881 ad
844 1814 1416 1903 Metropolitanum
1449 1814 1839 1892 devolvitur,
1869 1816 2131 1904 quando
2160 1815 2551 1905 capitulares
2569 1814 2670 1881 vel

374 1941 505 1987 non
534 1920 790 2007 eligunt
820 1920 921 1988 vel
969 1919 1235 1987 nulliter
1271 1921 1526 2009 eligunt
1562 1943 1761 1988 suum
1785 1920 2131 1988 vicarium.
2159 1920 2349 1988 Unde
2388 1920 2671 1988 vicarius

372 2050 410 2096 a
439 2026 933 2117 Metropolitano
973 2028 1316 2117 deputatus
1359 2048 1493 2095 non
1536 2027 1684 2117 plus
1733 2032 1938 2117 potest
1978 2049 2177 2115 quam
2225 2027 2281 2094 si
2319 2049 2359 2095 a
2386 2026 2671 2118 capitulo

373 2135 719 2225 deputatus
748 2136 997 2205 fuisset.
1793 2194 1798 2198 .
2063 2127 2064 2130 ’
2433 2221 2436 2225 Α

469 2241 744 2323 Quinto.
775 2241 1212 2331 Excipiendus
1241 2246 1578 2310 esttamen
1611 2242 1890 2310 vicarius
1920 2241 2100 2311 Sedis
2136 2243 2527 2332 Apostolicae
2565 2265 2670 2310 va-

375 2350 612 2431 cantis;
666 2349 822 2436 quia
858 2348 1230 2438 jurisdictio
1276 2349 1454 2416 illius
1502 2349 1693 2428 sediS,
1745 2352 1938 2416 etiam
1978 2351 2301 2433 vacantis,
2351 2372 2470 2439 per
2510 2349 2669 2417 illud

374 2451 708 2521 decretum
731 2476 861 2521 non
889 2453 1322 2544 restringitur.
1354 2454 1545 2546 (Vide
1570 2453 1994 2534 Leurenium‚
2021 2455 2162 2524 loco
2187 2453 2433 2546 citato.)

461 2563 687 2626 Sexto.
722 2560 956 2649 Elapso
989 2564 1204 2650 primo
1239 2561 1591 2629 vacationis
1620 2582 1817 2646 anno,
1860 2563 2094 2651 poterit
2120 2562 2395 2630 vicarius
2425 2562 2667 2650 capitu·

374 2664 528 2732 laris
573 2665 974 2732 dimissorias
1032 2666 1232 2733 libere
1290 2668 1643 2735 concedere
1690 2669 1885 2736 etiam
1935 2691 2065 2736 non
2106 2669 2374 2736 arctatis,
2423 2667 2657 2732 Annus

375 2779 590 2839 autem
624 2776 1038 2861 computatur
1070 2794 1107 2840 a
1139 2778 1342 2839 morte
1389 2771 1726 2863 Episcopi,
1772 2781 1846 2841 ut
1880 2776 2227 2842 observant
2261 2774 2469 2864 plures
2504 2792 2663 2838 auc-

376 2881 564 2945 tores.
614 2876 684 2946 Si
708 2887 928 2945 autem
971 2879 1148 2967 sedes
1181 2879 1505 2945 vacaverit
1533 2880 1971 2959 translatione,
2003 2881 2259 2949 videtur
2286 2882 2668 2968 computan-

376 2981 499 3049 dus
543 3005 579 3049 a
622 2985 727 3050 die
773 2984 1210 3052 translationis
1263 2984 1332 3050 in
1384 2985 1760 3054 consistorio
1810 2985 2015 3073 sactae,
2066 3008 2200 3055 non
2244 2992 2461 3052 autem
2500 3004 2537 3049 a
2568 2982 2667 3049 die

377 3087 705 3176 acquisitae
738 3090 979 3157 notitiae
1011 3091 1185 3157 circa
1214 3091 1512 3165 eamdem
1545 3091 2060 3160 translationem.

469 3196 788 3284 Septimo.
837 3195 985 3264 Non
1026 3217 1208 3285 posse
1244 3201 1492 3279 tamen,
1526 3198 1722 3264 etiam
1764 3198 1981 3288 elapso
2021 3197 2234 3287 primo
2277 3218 2479 3275 anno,
2518 3215 2667 3261 con-

381 3299 521 3364 cedi
575 3321 615 3364 a
659 3300 899 3369 vicario
970 3300 1313 3390 capitulari
1374 3302 1771 3371 dimissorias
1834 3303 2213 3371 ordinandis
2273 3303 2356 3370 ad
2408 3301 2671 3367 titulum

380 3403 759 3491 patrimonii
789 3405 891 3472 vel
920 3408 1282 3494 pensioniS‚
1308 3430 1384 3475 eo
1413 3410 1584 3498 quod
1617 3409 1785 3477 illud
1827 3415 2219 3477 reservatum
2248 3408 2331 3476 sit
2357 3407 2672 3497 Episcopo

384 3506 585 3599 (Trid.
638 3530 790 3576 sess.
838 3510 950 3589 21,
993 3533 1050 3577 c.
1092 3511 1186 3599 2),
1230 3511 1514 3581 affirmat
1548 3516 1838 3583 decisum
1864 3514 2124 3584 aSacra
2160 3513 2673 3602 Congregatione

387 3617 646 3706 concilii
671 3616 933 3691 Garoias
952 3619 1233 3688 citatusa
1256 3619 1832 3712 Leurenio(Tract.
1864 3625 1955 3689 De
1978 3620 2303 3713 capitulo,
2333 3617 2483 3688 sede
2504 3639 2668 3697 vac„

385 3731 609 3813 quaest.
639 3725 819 3816 412).
1198 3786 1204 3790 ,
1430 3788 1436 3793 .

483 3826 750 3919 Octavo.
795 3832 969 3900 Olim
1010 3834 1323 3903 docebant
1344 3836 1581 3924 plures
1623 3841 1914 3904 auctores
1951 3857 2082 3903 non
2127 3855 2309 3924 posse
2353 3830 2669 3900 vicarium

387 3940 732 4006 concedere
779 3940 1172 4009 dimissorias
1198 3940 1288 4006 -in
1329 3942 1586 4011 casibus
1627 3965 1665 4010 a
1706 3944 1846 4030 lege
1891 3940 2272 4010 Tridentina
2315 3937 2670 4029 permissis,

388 4040 512 4106 nisi
543 4064 616 4108 ex
653 4045 956 4112 mandato
997 4045 1260 4136 speciali
1291 4046 1577 4135 capituli.
1627 4046 1696 4115 ld
1729 4070 1879 4115 vero
1927 4048 2436 4114 fundamentum
2476 4043 2674 4110 habe-

385 4146 492 4214 bat
532 4147 601 4213 in
634 4150 956 4240 principio
989 4154 1311 4221 multoties
1340 4160 1727 4241 memorum,
1773 4176 1955 4244 posse
1994 4153 2356 4242 capitulum
2403 4151 2675 4217 retinere

385 4253 630 4344 aliquid
671 4255 1138 4342 jurisdictionis
1199 4266 1345 4349 post
1400 4260 1778 4350 deputatum
1840 4261 2202 4347 vicarium„
2236 4258 2407 4326 Cum
2461 4263 2679 4324 autem

385 4360 777 4452 principium
810 4367 1212 4434 contrarium
1240 4389 1419 4437 nunc
1444 4368 1696 4436 certum
1724 4369 1828 4452 sit,
1852 4368 2207 4437 dicendum
2229 4373 2333 4434 -est
2354 4362 2677 4432 vicarium
