2930 4982
332 330 456 388 268
1296 338 1642 387 TnAcrA‘rus

328 461 434 551 agi
454 463 578 530 nisi
609 463 686 530 de
713 462 1012 553 capitulis
1030 462 1339 551 exemptis
1360 466 1423 526 et
1437 457 1688 527 Sanctae
1702 455 1851 525 Sedi
1872 457 2243 525 immediate
2266 455 2574 545 subjectis
2594 507 2612 536 ‚

326 571 503 638 unde
525 571 738 659 quoad
761 571 900 638 haec
926 576 1175 637 tantum
1204 567 1371 635 valet
1393 565 1775 633 Tridentina
1801 565 1912 633 illa
1935 566 2289 656 dispositio,
2323 592 2358 630 «
2380 564 2618 633 Verius

336 701 371 741 «
400 678 577 745 enim
607 683 725 763 est,
760 677 849 743 ait
875 675 1241 744 Cardinalis
1275 673 1355 741 de
1384 671 1591 759 Luca,
1618 695 1692 741 ac
1718 673 1913 740 hodie
1942 679 2116 741 extra
2154 694 2417 740 omnem
2448 693 2622 739 con-

334 807 370 847 «
397 782 766 850 troversiam
795 787 1151 871 receptum,
1184 786 1258 848 ut
1280 780 1400 847 ista
1427 779 1795 847 conciliatis
1820 779 2156 870 dispositio
2184 778 2485 869 procedat
2509 799 2621 845 so-
2693 839 2700 847 .

337 913 371 953 ι(
403 888 546 956 lum
591 888 661 955 in
711 888 842 954 illis
884 887 1206 976 capituliS,
1257 905 1403 975 quae
1447 907 1524 953 ex
1577 884 1962 975 Apostolicis
2016 884 2289 952 indultis
2323 890 2621 972 exempta

337 1019 373 1059 «
407 998 587 1061 erant
609 1014 646 1060 a
676 991 1128 1081 jurisdictione
1156 991 1487 1082 Episcopi,
1533 998 1723 1079 atque
1750 989 2124 1058 immediate
2154 989 2437 1078 subjecta
2465 987 2620 1056 Sedi

334 1125 369 1164 «
398 1098 805 1189 Apostolicae.
865 1124 899 1162 »
970 1097 1478 1189 (Annotationes
1548 1095 1641 1164 ad
1693 1095 2054 1164 concilium
2122 1095 2614 1181 Tridentinum,

327 1204 657 1273 discursus
676 1203 789 1287 44,
824 1226 892 1271 n.
921 1202 1063 1294 33.)
1514 1257 1517 1260 Α

1418 1337 1455 1414 §
1486 1341 1521 1394 7

641 1490 896 1537 QUASNAM
927 1490 1109 1529 POENAS
1145 1457 1425 1528 EPIScOPUS
1462 1488 1746 1528 CANONICIS
1781 1488 2069 1528 INFLIGERE
2108 1488 2303 1526 POSSIT.

424 1634 709 1714 «Quoad
759 1657 983 1725 poenas
1031 1636 1101 1701 in
1145 1635 1397 1723 judicio
1450 1641 1675 1703 contra
1737 1635 2100 1725 capitulum
2154 1632 2613 1720 decernendas,

334 1763 369 1803 κ
403 1739 741 1808 sciendum
773 1748 867 1808 est
896 1742 1260 1831 capitulum
1310 1763 1443 1810 non
1474 1763 1658 1831 posse
1701 1740 1782 1808 ab
1814 1739 2134 1830 Episcopo
2171 1736 2620 1805 excommuni-

336 1870 371 1911 «
399 1846 557 1933 cari,
579 1848 734 1936 quia
758 1849 1194 1916 communitas
1218 1870 1332 1917 seu
1356 1849 1766 1927 universitas,
1802 1869 1933 1936 qua
1960 1846 2134 1933 talis,
2167 1843 2623 1913 excommuni-

334 1978 370 2018 ι(
400 1954 530 2021 cari
567 1975 700 2021 non
730 1959 956 2044 potest,
989 1959 1063 2022 ut
1088 1976 1381 2045 expresse
1427 1954 1800 2028 decernitur
1821 1955 1893 2020 in
1922 1953 2128 2043 capite
2172 1955 2503 2030 Romana,
2535 1947 2619 2016 de

337 2083 373 2122 ι(
399 2060 727 2127 sententia
755 2061 1485 2144 excommunicationi3‚
1511 2062 1583 2128 in
1610 2061 1674 2128 6.
1705 2059 1849 2127 Dixi
1880 2059 1966 2126 ab
1996 2058 2326 2149 Episcopo
2341 2076 2373 2139 ;
2402 2077 2560 2123 nam
2582 2077 2621 2123 a

335 2188 368 2227 «
396 2162 703 2232 Pontifice
752 2164 1057 2245 Maximo,
1109 2189 1262 2235 cum
1314 2167 1425 2234 hic
1477 2188 1609 2233 non
1654 2165 1980 2255 subjaceat
2024 2165 2145 2231 ulli
2195 2162 2622 2253 prohibitioni

337 2271 565 2358 «juris
602 2271 886 2360 positivi,
930 2278 1157 2362 potest,
1203 2273 1431 2340 saltem
1467 2272 1547 2340 de
1576 2271 1982 2363 plenitudine
2016 2270 2362 2361 potestatiS,
2405 2276 2619 2337 totum

334 2401 370 2442 «
398 2376 763 2466 capitulum
821 2380 1417 2466 excommunicari3
1476 2401 1607 2468 qua
1666 2383 1870 2446 stante
1923 2376 2617 2458 excommunicatione,

334 2505 370 2544 «
399 2502 626 2550 omnes
668 2484 1075 2574 capitulares,
1122 2484 1317 2552 etiam
1349 2485 1624 2569 innoxii,
1668 2491 1881 2552 essent
1929 2482 2624 2553 excommunicationis

336 2613 371 2652 «
397 2588 659 2657 vinculo
678 2588 968 2657 obstricti
984 2592 1196 2680 quoad
1219 2590 1601 2677 Ecclesiam,
1637 2614 1747 2658 seu
1779 2596 2097 2680 quatenus
2109 2592 2183 2658 in
2214 2590 2370 2657 facie
2389 2587 2619 2656 Eccle-

332 2720 366 2758 «
395 2694 504 2762 siae
556 2695 862 2763 deberent
922 2718 987 2764 se
1051 2718 1274 2785 gerere
1328 2699 1516 2785 quasi
1567 2699 2183 2779 excommunicatOS‚
2231 2718 2413 2764 secus
2461 2715 2624 2763 vero

334 2826 367 2865 «
397 2802 609 2891 quoad
637 2800 875 2868 Deum.

423 2931 458 2971 ι(
485 2906 697 2975 Potest
726 2914 945 2975 tamen
978 2907 1409 2999 abssEpiscopo
1449 2911 1818 3000 capitulum
1851 2898 1985 3000 qua
2018 2911 2140 2978 tale
2171 2907 2482 2999 suspendi
2520 2906 2624 2974 vel

275 3074 280 3079 ,
340 3039 374 3076 «
401 3013 699 3081 interdici
731 3039 748 3081 :
782 3020 843 3081 et
871 3013 1034 3081 ratio
1062 3014 1440 3084 differentiae
1473 3022 1588 3098 est,
1633 3016 1788 3106 quia
1819 3018 1889 3083 in
1931 3018 2161 3086 talium
2190 3034 2625 3084 censurarum

333 3145 369 3184 ι(
399 3140 592 3209 poena
626 3140 760 3186 non
797 3124 890 3187 est
915 3120 1082 3187 illud
1113 3122 1495 3190 animarum
1535 3123 1931 3212 periculum,
1967 3128 2231 3214 propter
2260 3121 2436 3210 quod
2466 3140 2623 3209 pro-

336 3225 690 3292 «bibitum
725 3230 821 3292 est
874 3248 955 3293 ne
990 3228 1578 3296 excommunicatio
1628 3230 1700 3296 in
1749 3232 2287 3297 communitatem
2342 3226 2618 3292 feratur.

337 3356 373 3394 «
399 3329 673 3409 Quando
726 3337 943 3399 autem
985 3334 1347 3422 capitulum
1399 3357 1528 3423 qua
1581 3335 1705 3402 tale
1748 3337 2190 3426 suspenditur,
2241 3340 2425 3414 tunc,
2484 3331 2621 3397 nisi

338 3461 371 3499 «
400 3434 578 3502 aliud
619 3435 691 3501 in
732 3438 884 3524 jure
932 3444 1043 3504 aut
1092 3440 1408 3506 sententia
1451 3461 1744 3529 expresse
1786 3441 2167 3525 declaretur,
2228 3436 2628 3526 intelligitur

335 3565 371 3605 «
406 3543 742 3635 suspensio
768 3543 897 3609 lata
927 3544 998 3611 in
1030 3544 1393 3634 capitulum
1426 3546 1721 3636 praecise,
1754 3553 1827 3614 ut
1856 3549 2293 3616 communitas
2326 3567 2442 3613 seu
2477 3544 2629 3612 col-

341 3673 373 3711 «
402 3649 653 3737 legium
690 3655 782 3717 est
806 3674 823 3734 ;
851 3651 942 3717 ita
971 3657 1034 3716 et
1061 3651 1270 3718 taliter
1293 3657 1365 3718 ut
1396 3674 1631 3742 corpus
1659 3655 1878 3742 ipsum
1907 3655 2203 3744 capituli,
2240 3673 2376 3720 non
2401 3657 2629 3719 autem

337 3780 373 3819 «
401 3756 647 3844 singuli
676 3757 1081 3847 capitulareS‚
1130 3779 1167 3825 a
1195 3759 1328 3826 suis
1364 3759 1644 3850 propriis
1686 3765 1749 3827 et
1784 3760 2236 3850 personalibus
2273 3756 2514 3825 officiis
2550 3776 2629 3824 ac

341 3883 374 3921 «
395 3860 740 3930 beneficiis
763 3862 1267 3953 suspendantur.

430 3988 465 4027 «
491 3964 691 4033 Porro
719 3989 793 4035 ex
818 3969 883 4037 vi
925 3969 1067 4037 talis
1099 3971 1568 4061 suspensionis,
1593 3973 1648 4040 si
1680 3972 1761 4040 sit
1793 3994 1837 4038 a
1875 3971 2214 4060 beneficio,
2250 3967 2629 4058 capitulum

339 4094 374 4133 ι(
404 4069 696 4157 privatur
729 4074 1048 4144 fructibus
1080 4078 1135 4166 ej
1146 4098 1218 4144 us
1245 4077 1343 4143 vel
1378 4099 1604 4145 eorum
1627 4077 2099 4146 beneficiorum
2130 4097 2276 4166 quae
2306 4074 2472 4142 forte
2501 4073 2634 4140 ha-

342 4199 375 4237 «
405 4174 570 4259 beat,
599 4181 674 4242 ut
694 4181 1052 4268 capitulum
1077 4190 1192 4266 est,
1216 4183 1341 4251 sibi
1365 4185 1569 4252 unita.
1591 4182 1661 4252 Si
1684 4185 1769 4251 sit
1787 4183 1871 4250 ab
1897 4181 2148 4271 officiO,
2176 4181 2469 4272 privatur
2489 4196 2629 4244 usu

341 4308 375 4346 «
399 4280 893 4370 jurisdictionis,
919 4292 981 4351 et
1008 4297 1473 4376 consequenter
1500 4290 1858 4381 impeditur
1874 4309 1955 4355 ne
1992 4293 2174 4355 actus
2212 4288 2352 4376 ejus
2388 4284 2518 4350 rati
2549 4302 2632 4349 ac

345 4411 380 4453 α
406 4387 605 4455 validi
649 4388 801 4455 sint.
854 4388 921 4457 Si
968 4392 1051 4458 sit
1092 4415 1136 4459 a
1174 4389 1420 4462 divinis
1456 4397 1870 4486 simpliciter,
1909 4392 2291 4482 prohibetur
2332 4387 2630 4478 capitulo
