2930 4982
360 330 485 386 586
1326 331 1670 382 ‘rucuma

356 457 443 524 tis
470 456 735 548 reliquis
763 453 1097 547 fructibus
1138 453 1220 520 iis
1244 452 1484 542 quibus
1505 453 1659 542 jure
1682 449 2090 520 debebantur
2117 451 2231 543 (1).
2263 451 2389 519 Hic
2414 463 2645 519 autem

359 563 636 630 vicarius
691 562 781 629 sic
822 561 1086 652 positus
1173 558 1464 650 ejusdem
1510 558 1936 649 parochialis
1993 580 2194 626 onera
2258 557 2644 644 sustinebit,

352 667 551 737 donec
572 666 650 735 de
676 680 921 736 rectore
944 666 1410 759 provideatur.

444 777 722 857 Quarto.
774 779 1019 843 Postea
1061 796 1186 864 per
1230 771 1519 842 edictum
1559 771 1910 863 publicum
1961 771 2225 838 vocabit
2269 793 2373 838 eos
2423 793 2652 839 omnes

347 880 465 971 qui
500 881 831 950 voluerint
859 880 1241 950 examinari
1262 903 1394 972 pro
1432 877 1793 948 obtinenda
1820 901 1898 947 ea
1913 878 2307 969 parochiali
2340 890 2642 946 vacante.

442 989 713 1070 Quinto.
767 987 1017 1055 Deinde
1054 986 1463 1055 examinabit
1509 1008 1615 1053 eos
1648 985 1768 1075 qui
1809 984 2288 1065 concurrerint,
2329 983 2651 1052 adhibitis

346 1094 547 1162 etiam
571 1094 728 1162 aliis
755 1084 1594 1180 examinatoribussaltem
1617 1092 1829 1159 tribus
1844 1111 1874 1175 ;
1896 1113 2174 1181 quorum
2194 1101 2349 1157 vota
2369 1090 2647 1179 siparia

348 1212 469 1267 aut
517 1201 899 1290 sinqularia
956 1201 1246 1292 fuerint,
1295 1199 1594 1268 accedere
1630 1199 1849 1289 possit
1897 1198 2035 1289 ipse
2073 1196 2360 1265 vicarius
2408 1197 2648 1286 quibus

350 1305 562 1394 maqis
580 1306 646 1372 ei
668 1304 1024 1374 videbitur.

440 1414 670 1479 Sexto.
725 1412 1008 1480 Curabit
1055 1410 1232 1479 idem
1270 1411 1558 1479 vicarius
1594 1423 1669 1478 ut
1711 1410 2002 1499 sinqulis
2041 1408 2235 1476 annis
2300 1408 2373 1474 in
2405 1406 2645 1474 dioece—

345 1541 517 1585 sana
540 1518 791 1608 synodo
807 1519 1178 1610 probentur
1193 1517 1687 1585 examinatores
1717 1516 1956 1583 saltem
1982 1538 2121 1597 sex,
2153 1536 2233 1581 ex
2256 1513 2497 1603 quibus
2519 1524 2644 1581 tres

348 1623 484 1713 ipse
519 1624 740 1713 eliqet‚
783 1645 1017 1713 eosque
1054 1622 1509 1713 conqreqabit,
1555 1621 1673 1711 qui
1708 1643 1925 1687 secum
1963 1641 2243 1686 examen
2282 1618 2640 1708 perficiant

345 1724 439 1793 ad
465 1728 766 1817 sinqulas
808 1740 1116 1796 vacantes
1139 1726 1600 1818 parochiales.
1637 1727 1736 1792 Et
1767 1725 1829 1793 si
1868 1724 2001 1792 duo
2031 1726 2141 1792 vel
2180 1746 2352 1791 unus
2377 1736 2636 1791 tantum

346 1855 427 1898 ex
459 1832 651 1900 dictis
676 1830 1253 1900 examinatoribus
1277 1854 1424 1899 cum
1457 1831 1730 1914 vicario,
1759 1831 1867 1898 vel
1891 1854 2118 1898 omnes
2143 1843 2273 1898 tres
2294 1842 2420 1898 aut
2442 1830 2646 1897 etiam

344 1961 456 2006 sex
495 1939 733 2030 absque
772 1939 1024 2007 vicario
1057 1939 1299 2029 seipsos
1336 1938 1907 2029 conqreqaverint,
1945 1960 2023 2004 ac
2055 1960 2333 2005 examen
2349 1938 2650 2026 perfece-

349 2045 515 2129 rint,
546 2046 815 2114 nullum
841 2046 989 2113 erit.

434 2152 531 2217 Et
582 2150 645 2217 si
693 2174 775 2218 ex
826 2149 1026 2218 dictis
1078 2148 1657 2218 examinatoribus
1711 2150 1933 2239 aliqui
1977 2149 2162 2215 intra
2210 2171 2469 2216 annum
2514 2171 2647 2216 suoe

348 2255 679 2324 electionis
706 2258 961 2325 mortui
1000 2257 1288 2347 fuerint,
1325 2268 1470 2323 tota
1506 2256 1798 2346 facultas
1835 2254 2277 2323 examinandi
2319 2279 2462 2323 una
2497 2277 2647 2322 cum

346 2363 594 2430 vicario
625 2361 720 2430 ad
743 2364 1161 2453 superstites,
1193 2362 1459 2431 etiamsi
1483 2384 1660 2430 unus
1690 2373 1959 2429 tantum
1985 2373 2367 2451 superesset,
2396 2373 2651 2453 specta-

352 2466 451 2534 bit
476 2490 547 2535 eo
579 2491 756 2536 anno
789 2467 1095 2538 durante.

436 2575 754 2662 Septimo.
792 2576 876 2641 Si
900 2577 1248 2664 continqat
1281 2576 1698 2666 sequentibus
1731 2576 1933 2644 annis
1967 2575 2196 2643 nullos
2220 2575 2638 2643 examinato-

348 2699 447 2745 res
490 2678 656 2768 eliqi
689 2679 760 2746 in
801 2680 1055 2769 synodo
1105 2681 1499 2767 dioecesana,
1544 2683 1652 2748 illi
1689 2705 1805 2749 sex
1846 2683 1965 2773 qui
1995 2683 2199 2750 semel
2230 2678 2630 2773 proecedmite

350 2799 557 2851 anno*
582 2807 662 2852 ex
702 2783 954 2853 decreto
985 2785 1246 2853 concilii
1281 2786 1541 2875 fuerint
1571 2786 1790 2872 electi,
1817 2810 1951 2877 pro
1991 2787 2301 2877 leqitimis
2349 2785 2634 2852 habean-

354 2902 489 2969 tur,
522 2891 723 2959 etiam
737 2905 900 2982 post
937 2892 1205 2984 lapsum
1243 2915 1503 2959 annum
1533 2915 1668 2967 suae
1709 2893 2071 2971 electionis,
2106 2906 2170 2961 et
2192 2894 2284 2961 sic
2321 2892 2393 2958 in
2424 2891 2638 2982 officio

349 3015 465 3060 suo
492 3018 907 3084 perseverare
930 2999 1220 3088 possint,
1251 2996 1451 3065 donec
1480 2997 1606 3066 alii
1628 3010 1895 3066 servata
1915 3000 2148 3089 forma
2168 2998 2437 3066 concilii
2456 2995 2645 3064 electi

348 3102 630 3190 fuerint.
663 3105 760 3169 Et
804 3104 866 3170 si
902 3126 984 3170 ex
1013 3102 1208 3172 dictis
1236 3104 1810 3172 examinatoribus
1838 3105 2054 3195 aliqui
2072 3105 2332 3172 mortui
2353 3102 2626 3195 fuerint,

349 3206 612 3273 curabit
658 3208 956 3275 vicarius
1006 3222 1118 3289 ut,
1163 3209 1355 3299 lapso
1404 3233 1609 3293 anno,
1653 3210 1782 3277 alii
1837 3211 1909 3277 in
1964 3209 2184 3277 locum
2225 3221 2637 3277 mortuorum

345 3313 766 3401 sufficiantur
806 3337 919 3381 seu
959 3316 1300 3405 eliqantur
1337 3317 1407 3383 in
1443 3316 1700 3406 synodo
1736 3317 2101 3385 dioecesana
2131 3339 2154 3382 .·
2186 3315 2500 3406 alioquin
2529 3314 2642 3405 qui

346 3430 742 3507 supererunt
761 3442 892 3507 pro
924 3420 1253 3508 leqitimis
1281 3445 1413 3488 non
1441 3423 1843 3490 habeantur.

441 3522 710 3588 Octavo.
744 3523 1057 3589 Examen
1083 3534 1147 3589 et
1172 3524 1573 3613 approbatio
1597 3548 1726 3616 pro
1752 3528 2076 3618 leqitimis
2105 3551 2240 3596 non
2263 3528 2639 3596 habeantur

347 3626 443 3694 ad
474 3627 892 3718 parochiales
938 3642 1274 3729 vacantes,
1321 3631 1382 3699 si
1431 3644 1632 3701 antea
1673 3633 1769 3702 ad
1815 3635 1991 3702 alias
2030 3635 2453 3726 parochiales
2495 3658 2639 3726 quae

334 3735 536 3823 prius
562 3735 939 3803 vacaverint
955 3737 1217 3826 fuerint
1243 3739 1435 3827 facta
1457 3762 1483 3820 ,·
1515 3740 1617 3806 ita
1641 3752 1718 3807 ut
1748 3764 1882 3808 non
1906 3741 2197 3831 sufficiat
2225 3763 2421 3830 quem
2442 3739 2635 3830 judi·
2691 3760 2696 3767 ·

347 3853 571 3909 catum
592 3843 795 3930 fuisse
828 3840 1516 3934 idoneumproeteritis
1542 3847 1872 3914 mensibus
1895 3859 2016 3913 aut
2045 3847 2244 3914 annis
2264 3845 2357 3913 ad
2373 3848 2636 3936 aliquas

338 3946 782 4034 parochiales,
815 3947 931 4016 sed
957 3971 1212 4039 semper
1239 3972 1405 4039 opus
1432 3950 1525 4017 sit
1547 3973 1715 4017 novo
1744 3953 2051 4019 examine
2091 3963 2155 4018 et
2182 3974 2361 4020 nova
2392 3975 2638 4042 appro-

349 4048 615 4117 batione
638 4053 732 4119 ad
757 4055 972 4143 ipsam
986 4055 1446 4146 parochialem
1480 4055 1559 4123 de
1589 4058 1777 4147 cujus
1815 4059 2169 4133 collatione
2195 4058 2491 4148 sinqulis
2539 4059 2636 4125 vi-

348 4155 526 4224 cibus
551 4168 808 4244 aqetur.

345 4393 383 4442 d
411 4317 440 4442 (b
438 4315 692 4443 1)b'l'e;ktus
721 4284 962 4378 Fagntmi‚
997 4319 1068 4367 Iis
1099 4320 1276 4384 quibus
1295 4322 1422 4387 jure
1452 4321 1726 4375 videbitur.
1761 4323 1950 4374 Textus
1981 4323 2191 4382 Garciae,
2223 4324 2292 4372 Iis
2318 4324 2501 4389 quibus
2523 4338 2637 4374 vere

383 4408 407 4443 θ
441 4408 468 4444 θ
501 4409 564 4445 un
592 4410 668 4446 ul*-
