2930 4982
1156 305 1235 349 m:
1281 304 1611 352 culmus.
2421 302 2497 357 58
2510 303 2537 357 1

352 419 683 510 Quidquid
709 428 925 490 autem
943 422 1027 491 sit
1050 424 1129 491 de
1154 426 1352 492 variis
1376 425 1554 492 hisce
1578 426 1659 494 ad
1680 447 1821 494 rem
1847 428 2291 518 explicandam
2306 432 2550 522 discep-

262 527 635 610 tationibus,
660 551 761 596 res
776 529 914 620 ipsa
928 534 1100 596 certa
1113 537 1208 598 est
1227 537 1288 598 et
1306 536 1484 597 extra
1498 552 1762 598 omnem
1778 532 2303 624 disceptationem
2326 538 2549 625 posita.

242 645 249 650 “
358 631 433 700 11.
469 632 614 700 Jam
642 656 788 702 vero
817 636 871 703 si
899 642 1227 724 quaeratur
1249 637 1517 703 cuinam
1550 643 1913 705 reservetur
1936 639 2190 707 collatio
2215 640 2557 707 beneficio-

265 761 417 805 rum
461 740 722 807 illorum
773 763 950 830 quae,
984 742 1132 809 sede
1170 748 1458 829 vacante,
1502 748 1757 824 vacant,
1803 745 2028 832 regula
2068 745 2383 833 generalis
2424 767 2557 812 non

264 845 487 912 minus
521 854 692 914 certa
717 855 833 934 est,
873 847 1054 915 illam
1084 849 1397 915 reservari
1425 841 1646 915 futuro
1676 848 2021 939 Episcopo,
2064 849 2191 917 Ubi
2218 856 2433 918 tamen
2463 853 2558 918 vi·

262 959 420 1040 gent
445 954 689 1042 regulae
718 954 1140 1037 cancellariae,
1169 962 1532 1023 reservatur
1560 955 1838 1024 Summo
1862 955 2196 1024 Pontifici:
2229 957 2384 1025 «Tu
2407 980 2558 1025 vero

272 1083 308 1122 «
338 1058 536 1145 dicaS,
569 1059 658 1129 ait
686 1060 735 1127 F
738 1082 1032 1149 agnanus
1063 1063 1157 1152 (in
1185 1083 1242 1128 c.
1286 1061 1450 1142 Illa,
1476 1085 1583 1140 ne,
1618 1059 1765 1129 sede
1793 1062 2120 1153 vacante),
2155 1062 2345 1132 hodie
2380 1063 2562 1131 nullo

271 1192 308 1227 ιι
340 1186 491 1232 casu
523 1166 932 1234 collationem
964 1169 1240 1235 transire
1271 1168 1344 1235 in
1386 1167 1784 1258 Episcopum
1830 1190 2289 1256 successorem,
2324 1169 2433 1237 sed
2467 1171 2562 1236 in·

270 1292 307 1330 «
339 1268 635 1337 distincte
655 1273 974 1361 pertinere
997 1273 1078 1341 ad
1105 1271 1350 1363 Papam
1375 1297 1390 1356 ;
1413 1272 1573 1361 quia
1601 1293 1680 1339 ex
1701 1273 1930 1361 regula
1950 1275 2230 1341 secunda
2250 1274 2564 1342 cancella·

263 1400 311 1442 a<
335 1376 447 1443 riae
485 1385 895 1446 reservantur
940 1380 1285 1469 dignitates
1333 1386 1396 1447 et
1440 1380 1758 1447 beneficia
1798 1379 2045 1458 omnia,
2082 1402 2230 1469 quae
2277 1388 2565 1470 tempore

269 1507 309 1547 ι(
333 1484 684 1552 vacationis
729 1487 1219 1577 episcopatuum
1280 1486 1892 1575 quomodocumque
1950 1487 2317 1553 vacaverint
2365 1508 2568 1574 usque

273 1615 310 1655 «
340 1594 420 1656 ad
453 1592 890 1680 provisionem
925 1615 1373 1663 successorum
1408 1599 1470 1660 et
1500 1593 1795 1683 adeptam
1826 1592 1909 1659 ab
1945 1579 2036 1658 eis
2064 1592 2399 1681 pacificam
2424 1601 2570 1681 pos-

274 1722 308 1759 «
337 1718 711 1766 sessionem.
742 1723 778 1763 »

270 2059 337 2098 AD
370 2059 673 2097 CAPITULUM
708 2058 983 2109 PERTINET,
1008 2058 1136 2096 SEDE
1155 2058 1420 2108 VACANTE,
1452 2058 1707 2095 COLLATIO
1730 2055 2149 2107 BENEFICIORUM,
2182 2054 2399 2100 QUANDO
2423 2054 2564 2093 ANTE

344 2152 684 2192 vAcA‘rloNEM
716 2154 879 2192 ILLAM
907 2154 1150 2193 HABEBAT
1178 2154 1280 2191 VEL
1306 2152 1620 2203 EXCLUSIVE,
1652 2153 1752 2191 VEL
1781 2151 2122 2191 SIMULTANEE
2154 2151 2262 2189 CUM
2292 2150 2560 2199 EPISCOPO.

341 2262 412 2272 ·—
452 2249 541 2287 mc
579 2249 716 2287 VERO
761 2250 906 2296 QUOD
955 2251 1173 2290 merum
1209 2251 1278 2288 DE
1315 2249 1572 2289 CAPITULO
1610 2249 1723 2288 NON
1762 2247 2203 2287 INTELLIGENDUM
2241 2247 2334 2284 EST
2380 2247 2447 2286 DE
2482 2246 2567 2283 VI·-

342 2344 501 2383 camo
537 2344 850 2385 CAPITULARJ

357 2522 409 2591 l.
451 2523 714 2592 Certum
750 2531 844 2593 est
879 2532 943 2593 et
987 2525 1069 2592 ab
1098 2524 1409 2594 omnibus
1450 2524 1811 2592 admissum
1848 2521 2260 2591 collationem
2288 2518 2563 2607 alicujus

266 2629 572 2699 beneficii
593 2651 775 2718 posse
803 2632 1123 2720 pertinere
1141 2633 1219 2699 ad
1249 2631 1637 2721 capitulum,
1661 2636 1804 2698 tum
1828 2652 1904 2698 ex
1926 2628 2113 2696 titulo
2137 2625 2555 2697 fundationis,

268 2743 409 2803 tum
441 2759 518 2804 ex
544 2737 1056 2805 immemorabili
1081 2740 1506 2828 possessione.
1536 2736 1604 2806 Si
1635 2743 1853 2805 autem
1880 2734 2242 2825 capitulum
2270 2735 2474 2820 potest
2496 2732 2565 2796 in

268 2843 601 2922 hoccasu,
637 2843 833 2909 etiam
863 2843 1013 2909 sede
1036 2843 1254 2932 plena,
1292 2843 1692 2910 beneficium
1721 2841 1886 2908 illud
1913 2838 2229 2918 conferre,
2274 2835 2506 2925 poterit
2531 2855 2569 2901 a

269 2948 546 3034 fortiori,
576 2943 845 3016 vacante
869 2948 1039 3015 sede.

359 3055 438 3123 11.
482 3054 641 3122 Item
670 3055 928 3122 evenire
960 3059 1166 3145 potest
1200 3060 1275 3122 ut
1315 3055 1681 3146 capitulum
1713 3054 1887 3122 circa
1926 3049 2226 3142 quaedam
2258 3048 2568 3121 beneficia

260 3169 373 3254 jus
424 3161 783 3230 collationis
851 3161 1083 3230 habeat
1127 3161 1516 3231 simultanee
1563 3183 1717 3230 cum
1774 3161 2118 3251 Episcopo.
2177 3156 2316 3225 lmo
2372 3175 2568 3243 supra

269 3270 693 3362 probavimus
715 3268 794 3335 de
817 3270 967 3356 jure
991 3268 1332 3337 communi
1363 3269 1443 3336 ad
1468 3267 1828 3359 capitulum
1850 3266 2229 3354 regulariter
2249 3261 2564 3353 pertinere

267 3374 485 3465 quoad
505 3375 918 3442 canonicatus
946 3375 1128 3442 illam
1158 3374 1624 3442 simultaneam
1646 3372 2079 3441 collationem.
2100 3368 2175 3436 ln
2199 3370 2322 3435 hoc
2348 3372 2568 3433 autem

268 3502 428 3549 casu
470 3480 905 3548 certissimum
962 3485 1078 3563 est,
1126 3480 1274 3548 sede
1332 3486 1625 3559 vacante,
1684 3484 1891 3546 totum
1939 3479 2050 3566 jus
2092 3474 2464 3544 conferendi
2501 3473 2568 3547 in

268 3589 553 3679 capitulo
600 3585 1009 3669 consolidari,
1059 3593 1133 3654 ut
1176 3610 1406 3655 omnes
1454 3589 1803 3655 canonistae
1848 3586 2104 3683 docent,
2152 3588 2214 3650 et
2257 3586 2330 3649 ut
2377 3602 2571 3668 supra

267 3695 468 3764 etiam
496 3693 935 3783 exposuimus.
977 3693 1187 3780 (Parte
1215 3693 1284 3776 2,
1331 3715 1476 3783 cap.
1506 3693 1603 3782 4.)

364 3799 472 3867 Ill.
503 3798 673 3867 Cum
707 3804 920 3865 autem
947 3800 1060 3888 jus
1092 3798 1257 3867 illud
1292 3799 1658 3889 capitulum
1687 3796 1922 3864 habeat
1947 3816 2022 3861 ex
2049 3815 2151 3879 se,
2189 3813 2321 3860 non
2358 3798 2575 3860 autem

271 3929 351 3975 ex
392 3905 883 3974 transmissione
919 3905 1400 3994 jurisdictionis
1437 3903 1843 3996 episcopalis,
1889 3905 2149 3969 vacante
2193 3899 2365 3977 sede,
2410 3898 2576 3971 illud

270 4019 485 4081 servat
522 4013 868 4080 constituto
903 4013 1142 4080 vicario
1181 4012 1518 4103 capitulari
1550 4035 1568 4094 3
1611 4011 1689 4079 ad
1732 4031 1932 4099 quem
1975 4007 2333 4098 capitulum
2371 4010 2576 4073 trans-

274 4118 478 4185 mittit
502 4119 765 4206 quidem
789 4118 1321 4208 jurisdictionem
1357 4118 1754 4186 ordinariam
1790 4115 2094 4206 Episcopi
2136 4113 2305 4181 nihil
2343 4112 2466 4180 sibi
2506 4133 2580 4176 ex

278 4225 394 4291 illa
420 4226 833 4304 reservando,
876 4248 1011 4295 non
1035 4249 1188 4295 vero
1204 4229 1361 4317 jura
1382 4225 1506 4293 sibi
1543 4223 1827 4316 propria.
1863 4222 2043 4293 Nihil
2067 4242 2221 4311 ergo
2246 4222 2450 4310 potest
2477 4218 2586 4281 vi-

291 4331 506 4399 carius
535 4331 911 4421 capitularis
953 4336 1126 4401 circa
1159 4334 1302 4403 illas
1331 4332 1698 4402 collationes
1731 4353 1878 4421 quae
1903 4322 2091 4399 titulo
2119 4322 2586 4398 simultaneita-
