2930 4982
1169 403 1248 448 »Β
1295 401 1622 448 (ιΑΡιτυιιε.
2417 390 2538 445 589

255 559 291 598 «
341 532 566 599 debeat
593 549 814 598 coram
838 524 1081 594 vicario
1115 525 1193 591 ad
1233 522 1687 614 praescriptum
1733 519 1992 588 concilii
2032 518 2396 587 Tridentini
2438 521 2546 588 de-

259 666 294 703 «
340 643 561 729 putato
611 636 691 704 ad
736 632 1117 703 exercitium
1168 629 1489 697 universae
1525 626 1998 718 jurisdictionis
2043 624 2443 714 Episcopalis
2475 627 2546 693 in

256 769 292 809 ι(
341 744 626 825 diaecesi,
670 762 801 809 non
840 744 1058 808 autem
1087 758 1303 805 coram
1338 734 1648 825 capitulo,
1692 735 1874 823 juxta
1902 731 2400 799 declarationem
2436 730 2550 799 Sa-

259 878 298 918 «
344 873 469 918 crae
518 845 1049 937 Congregationis
1097 842 1426 934 (loquitur
1472 839 1551 907 de
1610 837 2059 906 declaratione
2106 836 2302 903 modo
2362 849 2548 904 tran-

257 983 292 1023 «
338 954 609 1046 scripta)
650 954 1050 1042 registi-atam
1108 949 1284 1038 apud
1334 946 1660 1014 Garciam.
1707 943 1908 1034 ldque
1963 965 2219 1010 summa
2265 945 2544 1026 ratione3

253 1089 290 1129 ι(
337 1064 650 1152 quoniam
677 1058 1034 1127 concilium
1064 1054 1353 1144 loquitur
1388 1053 1470 1120 de
1493 1052 1807 1143 Episcopo
1839 1050 1940 1118 vel
1963 1049 2226 1133 vicario,
2259 1056 2323 1117 et
2353 1050 2447 1119 sic
2469 1052 2550 1119 de

252 1194 292 1234 ι(
336 1167 533 1235 unico
559 1164 865 1245 officiali3
912 1162 1085 1229 unde
1123 1161 1249 1228 sub
1290 1159 1560 1226 nomine
1600 1157 1828 1224 vicarii
1866 1155 2151 1224 contenti
2194 1156 2262 1222 in
2294 1155 2549 1224 decreto

255 1298 293 1337 «
343 1271 675 1340 conciliari
708 1269 916 1337 veniat
951 1270 1294 1359 deputatus
1323 1289 1359 1333 a
1397 1265 1704 1356 capitulo.
1739 1263 1838 1331 Ac
1874 1262 2069 1330 etiam
2105 1263 2256 1351 quia
2286 1284 2550 1351 prorsus

254 1406 293 1444 «
344 1378 837 1446 incommodum
885 1376 1139 1442 videtur
1193 1371 1571 1462 huJusmodi
1613 1378 1834 1438 actum
1876 1369 2182 1460 explicari
2228 1368 2298 1435 in
2357 1369 2549 1459 pleno

253 1510 290 1550 «
335 1485 644 1573 capitulo,
686 1483 803 1550 ubi
843 1482 926 1549 ob
976 1479 1396 1569 ingeniorum
1438 1482 1501 1543 et
1542 1475 1957 1544 affectionum
2003 1475 2280 1541 nimiam
2308 1475 2550 1544 discre—

256 1617 293 1657 «
342 1591 653 1681 pantiam‚
705 1590 998 1657 scissurae
1043 1594 1105 1655 et
1141 1587 1448 1677 pleraque
1485 1583 2007 1651 inconvenientia
2056 1582 2366 1650 resultare
2405 1605 2550 1672 pos-

259 1724 296 1763 «
341 1690 502 1764 sent.
551 1722 583 1760 »
644 1697 763 1785 (De
796 1694 1138 1786 parochis,
1180 1694 1480 1761 discursu
1518 1689 1586 1775 5,
1619 1711 1658 1756 a
1702 1709 1770 1756 n.
1822 1689 1916 1778 4.)
1953 1687 2130 1756 Idem
2177 1689 2413 1755 evolvit
2454 1690 2549 1756 ci-

251 1809 420 1871 tatus
474 1807 697 1870 auctor
747 1804 818 1870 in
879 1799 1450 1870 Annotationibus
1493 1797 1588 1866 ad
1639 1797 2002 1866 concilium
2075 1796 2545 1865 Tridentinum

254 1907 438 1996 (disc.
479 1905 592 1990 23,
625 1929 693 1974 n.
724 1905 864 1997 30).

1194 2059 1479 2123 CAPUT
1525 2063 1626 2120 VI

376 2218 641 2270 QUOMODO
688 2217 940 2261 EXPIRET
982 2216 1274 2262 POTESTAS
1318 2217 1590 2262 CAPITULI
1633 2217 1709 2260 ΕΤ
1754 2216 1976 2261 VICARII
2040 2217 2424 2263 CA-PITULARIS

1346 2434 1462 2516 §1

353 2604 423 2643 AN
462 2602 685 2642 EXPIRET
720 2600 1012 2647 ANTEQUAM
1052 2599 1224 2639 Novus
1254 2600 1532 2638 EPISCOPUS
1561 2599 1890 2638 OSTENDERIT
1917 2601 2174 2641 CAPITULO
2204 2602 2456 2640 LITTERAS

1042 2697 1370 2735 PROVlSIONIS
1407 2683 1774 2735 APOSTOLICAE?

345 2851 610 2917 Certum
656 2856 923 2916 estante
964 2856 1373 2937 praesentatas
1418 2848 1708 2935 capitulo
1750 2847 1996 2913 litteras
2030 2849 2542 2916 confirmationis

254 2964 320 3026 et
353 2955 732 3046 provisionis
760 2952 1172 3042 Apostolicae,
1206 2973 1339 3018 non
1377 2951 1655 3018 deficere
1676 2944 2199 3039 jurisdictionem
2245 2953 2314 3020 in
2360 2955 2539 3044 capi-

254 3063 417 3144 tulo,
451 3062 583 3128 sive
612 3060 680 3126 in
705 3059 946 3125 vicario
977 3056 1341 3144 capitulari.
1374 3079 1411 3119 κ
1439 3054 1623 3122 Sedis
1650 3057 1920 3141 vacatio,
1953 3059 2067 3123 etsi
2097 3065 2417 3144 quantum
2449 3074 2544 3127 est

265 3195 301 3235 «
331 3169 411 3236 de
443 3169 594 3256 jure
637 3163 1002 3245 communi,
1064 3161 1253 3228 duret
1297 3160 1513 3227 solum
1571 3158 1775 3248 u'sque
1814 3161 1896 3227 ad
1943 3163 2536 3251 confirmationem,

266 3298 302 3338 α
329 3271 803 3339 institutionem
850 3290 965 3335 seu
1006 3267 1442 3358 provisionem
1476 3287 1514 3333 a
1542 3264 1703 3333 Sede
1746 3266 2113 3356 Apostolica
2156 3269 2418 3348 factam,
2456 3272 2544 3340 ita

254 3404 304 3444 ·«
329 3385 403 3447 ut
422 3400 538 3468 per
569 3377 803 3444 dictam
833 3373 1418 3452 confirmationem,
1457 3371 1932 3440 institutio-nem
1961 3394 2074 3440 seu
2105 3374 2543 3464 provisionem

262 3509 298 3550 ε(
324 3485 703 3572 acquiratur
731 3504 896 3548 novo
926 3481 1197 3550 Praelato
1224 3481 1612 3548 exercitium
1636 3479 2111 3569 jurisdictionis
2140 3486 2286 3548 ante
2316 3503 2543 3573 appre-

268 3619 303 3658 «
330 3590 712 3658 hensionem
748 3589 1183 3678 possessionis,
1219 3587 1506 3675 adeoque
1530 3589 1672 3675 jam
1701 3594 1900 3654 cesset
1918 3586 2392 3676 jurisdictionis
2432 3591 2547 3656 ha-

269 3721 303 3760 «
327 3694 588 3763 bitualis
617 3695 950 3761 existentia
981 3716 1175 3784 penes
1210 3693 1602 3782 capitulum,
1652 3694 1923 3781 ejusque
1961 3693 2041 3760 ad
2055 3694 2438 3764 ministratio
2473 3698 2545 3764 in

268 3828 303 3867 α
331 3801 574 3869 vicario
602 3799 976 3890 capitulari;
1016 3800 1206 3866 hodie
1241 3805 1455 3867 tamen
1489 3803 1631 3889 post
1663 3805 2182 3888 extravagantem
2214 3801 2545 3890 Injunetoe

270 3933 305 3972 «
333 3908 453 3998 (De
479 3905 806 3986 electione,
834 3904 1006 3971 inter
1044 3909 1281 3972 extrav.
1333 3903 1608 3994 comm.)
1618 3954 1637 3990 ,
1675 3925 1809 3972 non
1839 3912 1986 3973 ante
2014 3912 2216 3973 cessat
2238 3907 2406 3976 sedis
2436 3931 2546 3978 va-

271 4038 305 4079 «
331 4013 520 4097 catio,
552 4035 751 4102 quam
781 4012 1314 4094 confirmationiS‚
1347 4011 1774 4080 institutionis
1798 4019 1862 4078 et
1887 4013 2272 4102 provisionis
2300 4015 2543 4105 hujus-

273 4146 307 4185 «
331 4120 509 4188 modi
533 4119 893 4209 apostolicae
916 4119 1143 4186 litterae
1172 4119 1301 4185 sint
1328 4119 1662 4208 expeditae,
1696 4123 1760 4184 et
1786 4119 2119 4186 actualiter
2149 4127 2544 4210 praesentatae

274 4252 307 4291 «
337 4227 459 4317 ipsi
502 4225 808 4315 capitulo,
858 4227 1051 4314 cujus
1102 4223 1358 4292 Praelati
1410 4224 1589 4291 sedes
1649 4223 1914 4291 vacabat
1942 4249 1960 4309 ;
2012 4231 2205 4314 prout
2255 4249 2545 4316 expresse

272 4356 308 4393 ιι
331 4331 693 4419 disponitur
715 4352 827 4420 per
850 4332 1090 4398 dictam
1121 4335 1660 4416 extravagantem.
1694 4353 1730 4394 »
1764 4329 2174 4419 (Leurenius,
2211 4335 2427 4400 Tracc.
2468 4331 2546 4401 de

275 4433 614 4524 Capitale,
645 4436 790 4505 sede
821 4442 994 4517 vae.,'
1023 4441 1248 4524 quaest.
1287 4434 1473 4527 615.)
