2930 4982
1233 344 1311 388 nn
1355 343 1684 391 carnum&
2480 343 2608 400 285

323 488 355 529 ε(
388 460 650 544 debent,
684 461 774 528 ait
801 459 1190 530 Benedictus
1207 459 1363 531 XIV
1385 460 1805 553 (institutione
1837 465 1992 555 107,
2024 466 2180 558 gli),
2215 492 2362 558 quoe
2388 469 2456 540 S.
2490 471 2613 542 Ca-

326 593 357 632 «
382 568 559 636 rolus
588 565 995 636 Borromaeus
1022 568 1365 637 admonuit
1400 592 1416 636 ε
1454 570 1879 638 Matutinum
1909 572 1983 640 in
2008 573 2204 640 choro
2226 575 2607 648 celebretur.

327 674 478 773 “34²⁴
500 674 563 739 si
611 685 835 741 tamen
867 673 1285 742 vehementia
1326 675 1596 765 friqora
1636 676 1807 759 sint,
1851 679 1954 746 vel
1993 679 2373 770 alioejustoe
2395 704 2613 754 causoe

325 806 357 846 «
384 778 826 860 intercedant,
857 779 936 846 de
959 780 1575 872 licentiaEpiscopi
1596 782 1671 848 in
1689 784 2029 865 sacristia,
2048 785 2152 853 vel
2176 786 2448 856 honesto
2472 791 2611 859 alio

318 914 352 954 t(
380 887 524 977 ejus
544 886 824 953 ecclesiae
845 887 982 954 loco
1011 883 1152 954 dici
1169 888 1415 978 possit.
1441 887 1620 955 Idem
1650 889 1949 977 probavit
1974 889 2167 960 Sacra
2187 892 2611 986 Congregatio

315 1020 351 1058 «
380 991 646 1060 concilii
665 991 768 1058 die
794 990 875 1058 18
906 991 1305 1076 novembriS‚
1336 1013 1511 1061 anno
1540 991 1737 1061 1645.
1777 1019 1810 1058 »
1854 993 1965 1065 1116
1990 1002 2212 1065 autem
2241 999 2402 1068 alter
2430 1001 2610 1071 locus

305 1104 468 1166 tunc
496 1103 795 1165 censetur
820 1102 883 1165 et
911 1103 1005 1164 est
1032 1098 1296 1165 choruS.

396 1203 594 1272 Unde
607 1225 684 1271 ex
709 1192 1087 1272 rationabili
1118 1225 1313 1274 causa
1342 1204 1424 1272 ab
1456 1204 1773 1296 Episcopo
1795 1207 2147 1299 approbata
2172 1216 2378 1300 potest
2426 1214 2611 1285 locus

300 1311 492 1379 chori
515 1310 756 1378 mutari
786 1311 856 1377 in
883 1310 1090 1378 alium
1119 1312 1412 1402 ejusdem
1440 1312 1750 1380 ecclesiae.
1785 1311 1973 1392 Quod
2005 1315 2201 1383 etiam
2231 1339 2303 1386 ex
2325 1321 2611 1389 rationa-

298 1414 427 1481 bili
463 1411 928 1482 consuetudine
967 1412 1299 1480 introduci
1332 1420 1393 1481 et
1435 1413 1649 1481 valere
1692 1421 1919 1503 potest.
1964 1415 2231 1486 Certum
2265 1427 2483 1490 autem
2511 1429 2608 1491 est

295 1541 572 1613 peccare
593 1520 987 1587 canonicum
1017 1518 1158 1609 qui,
1216 1520 1712 1610 praescindendo
1767 1542 1805 1588 a
1847 1524 2060 1592 causis
2122 1529 2606 1619 excusantibus,

298 1628 507 1697 choro
528 1648 661 1694 non
695 1625 951 1694 assistit.
1049 1671 1054 1675 -

390 1734 465 1801 ll.
498 1733 608 1802 An
640 1738 860 1801 autem
877 1732 1186 1822 obligatio
1216 1732 1766 1803 assistendi·choro
1787 1735 2030 1826 obliget
2057 1758 2609 1829 unumquemque

299 1841 698 1911 canonicum
726 1839 849 1908 sub
878 1840 1059 1928 gravi
1076 1844 1110 1907 ⁶?
1137 1878 1228 1892 —
1256 1839 1327 1910 Si
1359 1842 1717 1909 canonicus
1748 1841 1916 1910 absit
1939 1849 2191 1912 tantum
2215 1867 2332 1936 per
2351 1852 2481 1914 tres
2504 1846 2611 1915 vel

290 1955 581 2040 quatuor
598 1947 762 2034 dies,
790 1953 883 2015 est
902 1948 1221 2015 sententia
1251 1949 1626 2015 communis
1652 1970 1804 2015 eum
1840 1971 1974 2017 non
2005 1973 2274 2040 peccare
2299 1954 2602 2040 graviter.

295 2053 786 2147 (Liguori,loco
817 2052 1033 2140 citato,
1072 2074 1143 2121 n.
1177 2052 1365 2143 675.)
1391 2051 1462 2122 Si
1492 2075 1642 2120 vero
1669 2055 1834 2121 absit
1858 2077 1974 2144 per
2002 2061 2256 2146 tempus
2285 2055 2608 2139 notabile,

290 2160 516 2229 verior
536 2158 851 2226 sententia
869 2163 989 2241 est,
1031 2158 1249 2247 ipsum
1271 2179 1540 2246 peccare
1575 2159 1885 2246 graviter,
1915 2158 2065 2226 licet
2084 2162 2486 2228 contrarium
2515 2167 2612 2229 te·

293 2269 509 2334 neant
527 2284 662 2329 non
682 2264 873 2350 pauci
893 2261 1207 2349 theologi.
1241 2263 1569 2351 (Lignori,
1604 2262 1796 2350 ibid.)

319 2403 324 2406 -
402 2364 512 2434 111.
539 2363 647 2433 An
668 2363 784 2453 qui
811 2385 847 2430 a
876 2363 1075 2430 choro
1102 2386 1178 2432 ex
1208 2364 1402 2455 culpa
1432 2387 1548 2433 sua
1571 2365 1747 2433 abest
1800 2364 1989 2433 saciat
2017 2365 2268 2436 fructus
2297 2389 2445 2436 suos
2470 2372 2502 2435 ⁶?
2521 2408 2613 2423 —

306 2472 375 2538 1⁰
397 2468 667 2538 Certum
694 2475 789 2539 est
817 2469 1033 2561 ipsum
1065 2493 1195 2540 non
1225 2494 1413 2562 posse
1441 2470 1684 2541 lucrari
1716 2471 2236 2543 distributiones:
2270 2474 2610 2545 Distribu-

297 2578 515 2646 tiones
538 2600 687 2645 vero
718 2578 843 2668 qui
868 2578 1067 2669 statis
1088 2578 1272 2646 horis
1297 2579 1744 2669 interfuerint
1762 2580 2103 2670 recipiant
2114 2602 2147 2664 ,·
2167 2582 2417 2673 reliqui
2442 2605 2609 2672 qua-

293 2684 396 2751 vis
458 2683 823 2755 collusione
878 2695 1000 2752 aut
1060 2685 1444 2753 remissione
1500 2687 1765 2753 eoeclusa
1831 2687 1940 2754 lzis
1999 2700 2297 2755 careant.
2363 2687 2601 2777 (Trid.,

294 2813 448 2859 sess.
474 2793 591 2874 24,
607 2816 666 2861 c.
692 2790 831 2881 12.)
852 2791 996 2859 Non
1020 2792 1359 2881 privantur
1387 2797 1607 2859 autem
1638 2793 2207 2860 distributionibus
2222 2793 2342 2880 qui
2374 2791 2610 2861 absunt

297 2917 378 2963 ex
401 2895 804 2983 quibusdam
841 2895 1151 2982 legitimis
1177 2897 1415 2980 causis»,
1441 2901 1516 2961 ut
1543 2896 1801 2961 dicetur
1817 2893 2012 2961 inira.

386 2999 460 3066 2⁰
483 2998 638 3067 Non
684 3001 912 3065 minus
944 3003 1190 3064 certum
1221 3004 1313 3065 est
1357 3018 1560 3075 nunc,
1595 2996 1979 3085 praedictum
2029 2998 2147 3084 qui
2197 2996 2609 3088 culpabiliter

296 3093 480 3175 abest
511 3127 650 3173 non
680 3103 928 3172 lucrari
960 3103 1209 3170 fructus
1237 3101 1601 3193 praebendae
1626 3108 1688 3168 et
1714 3101 1916 3169 teneri
1965 3103 2047 3170 ad
2103 3105 2600 3177 restitutionem.

298 3212 676 3282 Concilium
703 3210 1167 3278 Tridentinum
1194 3208 1413 3277 statuit
1436 3208 1515 3275 (16
1543 3208 1780 3276 talibus
1811 3199 1981 3299 ipsos
2009 3211 2228 3300 primo
2267 3233 2441 3280 anno
2470 3217 2603 3305 pri·

296 3320 546 3390 vandos
564 3341 699 3387 esse
717 3317 987 3393 dimidia
1007 3324 1185 3408 parte
1209 3317 1541 3385 fructuum
1552 3369 1572 3404 ,
1600 3317 1884 3385 secundo
1907 3339 2082 3386 anno
2098 3320 2408 3389 omnibus
2428 3322 2601 3392 fruc-

300 3430 506 3515 tibus,
540 3427 727 3494 tertio
754 3447 926 3494 anno
954 3424 1683 3516 procedendum-contra
1714 3425 1731 3491 i
1737 3428 2077 3516 psosjuxta
2097 3448 2375 3495 canones
2402 3427 2594 3519 (Sess.

300 3533 497 3622 24‚c.
523 3533 630 3616 12,
655 3536 749 3600 De
761 3533 921 3622 ref.)
934 3552 962 3614 ,·
981 3533 1153 3598 unde
1179 3531 1651 3600 concludebant
1671 3532 2019 3599 canonistae
2046 3554 2153 3599 eos
2178 3555 2311 3600 non
2341 3533 2602 3622 spoliari

302 3642 524 3708 statim
552 3661 588 3707 a
610 3641 787 3729 jure,
813 3637 922 3705 sed
941 3644 1194 3703 tantum
1230 3642 1374 3726 post
1401 3638 1813 3703 sententiam.
1846 3634 1973 3702 Sed
2012 3636 2360 3702 intervenit
2411 3636 2602 3709 breve

304 3746 561 3814 Dilecte
580 3746 687 3827 fili
706 3742 1039 3811 Benedicti
1061 3739 1239 3823 xlv,
1274 3740 1357 3807 19
1396 3740 1575 3828 junii
1629 3739 1826 3819 1748,
1879 3738 2164 3805 dubium
2210 3759 2406 3804 omne
2447 3740 2601 3811 diri-

306 3877 519 3924 mens.
550 3851 625 3920 ln
649 3852 762 3920 illo
784 3848 963 3918 enim
992 3848 1275 3931 decret0,
1308 3844 1481 3911 infra
1511 3842 1789 3926 citand0,
1837 3842 2140 3908 statuitur
2175 3864 2464 3932 expresse
2492 3840 2598 3920 eos

307 3962 424 4052 qui
447 3962 520 4028 in
559 3959 755 4026 choro
795 3978 933 4023 non
957 3964 1359 4023 canuntnon
1378 3951 1586 4020 facere
1605 3950 1857 4018 fructus
1892 3968 2082 4033 suos3
2116 3968 2327 4038 ergoa
2350 3950 2598 4027 fortiori

307 4067 487 4136 idem
515 4063 869 4133 dicendum
898 4061 977 4129 de
995 4061 1078 4128 iis
1098 4059 1213 4150 qui
1239 4079 1374 4127 non
1404 4057 1754 4125 intersunt.

400 4171 516 4241 lV.
546 4171 651 4240 An
672 4175 888 4237 autem
915 4166 1220 4257 obligatio
1240 4163 1578 4233 assistendi
1610 4162 1809 4228 choro
1829 4157 2252 4250 intelligenda
2277 4161 2358 4229 sit
2382 4166 2597 4250 quoad

312 4280 644 4368 integrum
697 4276 988 4344 officium
1035 4271 1525 4365 comprehensis
1568 4269 1763 4336 etiam
1800 4267 2015 4358 parvis
2070 4268 2251 4336 horis
2275 4271 2307 4332 ‘2
2337 4300 2426 4314 --
2454 4264 2600 4327 Non

316 4384 527 4453 solum
550 4381 845 4454 canonici
874 4385 1170 4451 tenentur
1203 4405 1239 4446 ((
1261 4378 1453 4447 visui
1490 4376 1782 4445 muneris
1811 4375 2084 4465 psallere
2119 4375 2193 4438 in
2224 4369 2450 4438 choro,
2491 4363 2600 4426 sed
