2930 4982
1141 358 1218 404 nu
1264 359 1589 406 cnutus,
2141 411 2148 417 ,
2390 357 2514 410 463

235 499 265 538 (ι
311 473 667 558 mandavit,
711 474 766 544 si
804 474 1227 545 Sanctissimo
1257 477 1609 559 videbitur,
1644 478 1745 547 die
1787 477 1865 548 31
1901 481 2063 547 maii
2103 481 2298 550 1817.
2329 480 2523 552 Facta

231 607 262 645 «
312 588 532 650 autem
580 582 912 679 relatione,
967 589 1128 665 etc.,·
1177 605 1291 674 per
1344 606 1451 652 me
1501 584 1672 652 infra
1718 585 2031 676 scriptum
2106 580 2521 659 secretarium

234 715 267 755 ι(
309 687 378 758 S.
433 687 510 756 R.
546 686 619 756 C.
650 689 729 755 de
752 688 1102 778 praemissis
1127 691 1537 760 sanctissimo
1557 691 1822 761 domino
1842 694 2183 764 nostroPio
2205 695 2324 765 Vll
2349 695 2524 764 Pon-

233 821 268 861 «
313 794 494 867 tifici.
520 794 827 877 Maximo,
864 795 1180 866 Sanctitas
1227 819 1342 866 sua
1389 797 1598 867 Sacrae
1632 798 2165 890 Congregationis
2191 803 2524 872 decretum

233 928 269 969 ι(
310 902 676 993 Apostolica
728 904 1215 974 confirmatione
1263 906 1624 989 munitum,
1672 908 1856 998 typis
1905 908 2070 975 tradi
2112 929 2186 975 ac
2236 911 2526 1000 evulgari

237 1037 271 1076 «
309 1009 527 1099 jussit,
579 1009 783 1099 pridie
843 1033 1046 1080 nonas
1096 1012 1491 1101 junii1817.
1528 1039 1561 1078 >>
1593 1013 1782 1104 (Vide
1810 1015 2144 1083 decretum
2199 1015 2527 1105 integrum

229 1118 301 1184 in
326 1115 573 1184 collect.
604 1113 1039 1198 Gardelliana,
1069 1141 1135 1186 n.
1171 1118 1404 1205 4387.)

322 1221 482 1290 Rem
523 1223 764 1290 iterum
793 1224 1072 1293 decisam
1117 1249 1290 1295 anno
1324 1226 1521 1314 1831,
1555 1227 1702 1296 vide
1738 1229 1808 1295 in
1843 1226 2219 1296 collectione
2254 1225 2531 1296 Gardel-

231 1329 433 1408 liana,
460 1351 527 1397 n.
565 1328 766 1396 4520.

320 1434 468 1504 Jam
491 1457 641 1503 vero
664 1435 746 1502 ad
794 1434 1022 1504 Galliae
1076 1436 1333 1527 praxim
1365 1435 1541 1525 quod
1590 1436 1842 1523 attinet,
1888 1437 2211 1505 contraria
2261 1439 2534 1508 omnino

231 1541 595 1632 reperitur3
629 1541 716 1609 ita
747 1544 1033 1609 ut'etiam
1081 1543 1384 1610 canonici
1429 1543 1763 1610 honorarii
1790 1543 2079 1611 rochetto
2146 1548 2209 1610 et
2265 1549 2536 1612 mozetta

229 1654 408 1719 extra
435 1647 770 1717 ecclesiam
824 1649 1157 1740 propriam
1201 1654 1264 1717 et
1288 1649 1623 1717 dioecesim
1668 1650 1735 1717 in
1761 1649 2206 1717 concionando
2240 1655 2531 1718 utantur.

231 1755 557 1844 Legitime
583 1759 800 1822 autem
825 1755 888 1821 id
921 1754 1060 1821 fieri
1083 1753 1263 1821 nulla
1291 1755 1539 1821 ratione
1568 1755 1822 1823 suaderi
1866 1761 2091 1846 potest.
2128 1755 2235 1824 Ab
2267 1754 2536 1846 Episco-

231 1861 335 1952 pis
356 1861 621 1950 quidem
653 1860 880 1929 Galliae
903 1861 995 1927 sic
1031 1860 1468 1953 permittitur:
1526 1865 1591 1927 at
1619 1861 1918 1950 Episcopi
1964 1867 2339 1950 potestatem
2381 1865 2538 1933 insi'·

232 1968 392 2058 guia
412 1968 811 2036 concedendi
840 1988 973 2034 non
1017 1965 1286 2032 habent.
1323 1965 1546 2053 Neque
1569 1964 1825 2035 dicatur
1845 1968 1984 2055 jam
2029 1989 2068 2034 a
2092 1968 2319 2036 multis
2346 1973 2537 2038 annis

232 2065 531 2141 obtinere
579 2074 823 2140 dictam
866 2072 1456 2157 consuetudinem3
1512 2092 1666 2138 nam
1720 2072 1976 2139 etiamsi
2024 2074 2540 2163 quadragenaria

233 2178 648 2269 probaretur,
681 2201 835 2247 cum
856 2179 1223 2247 auctoritate
1250 2177 1623 2267 Apostolica
1668 2175 1991 2243 declarata
2022 2179 2103 2243 sit
2139 2179 2543 2247 irrationabi-

234 2283 323 2350 lis
348 2289 411 2348 et
438 2284 727 2367 abusiva,
760 2285 943 2352 nulla
993 2283 1054 2351 ei
1102 2304 1365 2351 currere
1403 2286 1609 2373 potest
1646 2283 2070 2372 praescriptiO.
2108 2281 2331 2352 Unum
2376 2285 2544 2353 mihi

233 2387 501 2457 videtur
525 2395 777 2473 tantum
811 2391 881 2457 in
932 2389 1217 2457 favorem
1241 2389 1580 2478 gallicanae
1630 2389 1842 2479 praxis
1894 2389 2296 2476 aliquatenus
2345 2391 2544 2483 objici

238 2518 426 2589 posse
454 2488 480 2564 τ’
509 2502 889 2585 sequentem
911 2517 1145 2586 nempe
1165 2496 1664 2563 declarationem
1696 2496 1855 2563 anni
1892 2494 2062 2563 1832
2094 2520 2110 2563 ε

337 2627 378 2667 ι(
418 2600 659 2698 Utrum
717 2602 1072 2670 canonicus
1127 2603 1329 2689 qui...
1388 2602 1625 2691 gaudet
1652 2622 1778 2670 usu
1810 2603 2085 2671 rochetti
2136 2609 2199 2671 et
2252 2609 2542 2673 mozettae

242 2708 442 2779 etiam·
482 2731 703 2777 coram
738 2708 1225 2794 Pontifice,illis
1257 2707 1352 2775 uti
1393 2708 1598 2775 valeat
1634 2708 1704 2775 in
1734 2721 2292 2777 sacramentorum
2326 2708 2541 2776 admi-

242 2813 644 2894 nistratione,
668 2820 732 2882 et
754 2814 1029 2882 verbum
1069 2812 1189 2880 Dei
1218 2813 1673 2880 annuntiando
1696 2817 1729 2879 ‘P
1752 2851 1845 2864 —
1868 2812 2063 2880 Sacra
2109 2812 2336 2879 eadem
2371 2814 2542 2880 Con-

245 2921 534 3008 gregatio
563 2921 814 2988 censuit
846 2944 861 2987 :
893 2919 1213 3009 Neqative
1244 2917 1335 2985 ad
1345 2919 1655 3009 primam
1667 2929 1941 3007 partem
1963 2916 2052 3007 (1)
2077 2941 2093 3000 ;
2126 2918 2544 3007 affirmative

246 3024 346 3092 ad
356 3026 714 3094 secundam
751 3025 873 3115 (2),
903 3023 1019 3092 sed
1041 3025 1114 3091 in
1148 3025 1439 3115 propria
1465 3035 1737 3091 tantum
1782 3022 2076 3106 ecclesia,
2127 3024 2235 3089 vel
2286 3024 2359 3090 in
2389 3024 2546 3091 aliis

246 3133 661 3202 ecclesiisfubi
690 3131 877 3200 adest
905 3153 1062 3199 usus
1086 3128 1427 3220 deferendi
1477 3151 1765 3221 cappam
1799 3127 1907 3196 vel
1930 3138 2315 3212 mozettam,
2329 3128 2548 3219 juxta

246 3234 581 3306 decretum
628 3240 703 3306 in
744 3261 885 3305 una
946 3235 1315 3303 Dubiorum
1362 3233 1497 3302 diei
1534 3235 1610 3301 31
1659 3233 1827 3301 maii
1889 3234 2084 3303 1817.
2137 3233 2255 3303 Die
2294 3233 2333 3300 7
2373 3236 2546 3327 apri-

243 3342 329 3416 lis
364 3344 560 3413 1832.
597 3371 631 3411 >³
656 3344 873 3435 (Apud
900 3343 1356 3424 Gardellini,sst.
1384 3340 1558 3427 Vlll,
1593 3339 1919 3430 n.-4534.)

337 3451 436 3520 Ibi
453 3453 637 3519 enim
673 3452 933 3533 dicitur,
965 3452 1076 3520 vel
1101 3451 1175 3518 in
1199 3449 1363 3517 aliis
1384 3448 1670 3517 ecclesiis
1689 3447 1807 3515 ubi
1823 3446 2011 3515 adest
2035 3470 2190 3515 usus
2209 3446 2555 3537 deferendi

251 3577 540 3649 cappam
568 3558 678 3625 vel
707 3569 1109 3640 mozettam;
1135 3557 1205 3623 in
1230 3554 1443 3622 Gallia
1462 3560 1683 3621 autem
1715 3559 1807 3621 est
1847 3575 2007 3620 usus
2031 3559 2106 3620 ut
2149 3552 2448 3619 canonici
2477 3552 2548 3621 in

250 3664 560 3732 omnihus
583 3665 868 3733 ecclesiis
911 3660 1354 3732 concionando
1395 3681 1514 3728 sua
1554 3659 1837 3748 insignia
1878 3658 2212 3745 deferant3
2249 3657 2422 3725 unde
2449 3660 2549 3727 vi-

252 3769 514 3838 deretur
543 3771 860 3862 gallicana
917 3768 1132 3860 praxis
1160 3766 1565 3858 praeservari.
1626 3765 1714 3833 At
1740 3766 1853 3833 illa
1881 3766 2081 3834 verba
2121 3782 2416 3858 pugnare
2451 3765 2552 3833 via

253 3877 493 3946 dentur
513 3901 668 3946 cum
696 3880 949 3947 decreto
969 3874 1249 3965 generali
1281 3895 1477 3963 supra
1501 3873 1716 3957 citat0‚
1755 3874 1836 3941 ad
1880 3873 2053 3964 quod
2085 3882 2303 3941 tamen
2333 3875 2554 3944 remit-

256 3989 429 4070 tunt.
454 3985 644 4054 Forte
664 3986 968 4053 mendose
1003 3984 1169 4050 edita
1199 3986 1375 4051 sunt.
1409 3979 1536 4051 Sed
1564 3980 1882 4071 quidquid
1915 3980 2024 4067 sit,
2074 3981 2555 4071 interpretanda

260 4097 413 4159 sunt
437 4115 555 4182 per
606 4092 855 4160 dictum
882 4092 1238 4173 decretum,
1270 4110 1425 4157 cum
1447 4110 1739 4179 expresse
1788 4088 2061 4171 dicatur,
2096 4088 2306 4177 juxta
2344 4090 2554 4158 decre-

265 4206 408 4282 tum
440 4197 521 4267 31
559 4199 728 4266 maii
752 4198 946 4265 1817.
974 4196 1049 4264 In
1076 4219 1150 4264 eo
1186 4217 1339 4263 vero
1370 4194 1625 4262 decreto
1647 4194 1812 4261 nihil
1840 4194 1962 4263 tale
1991 4197 2333 4287 reperitur.
2369 4195 2554 4264 Unde

323 4358 384 4420 (1)
419 4359 614 4422 Nempe
638 4357 807 4422 quoad
835 4360 1267 4408 sacramentorum
1298 4355 1800 4410 administrationem.

320 4441 385 4504 (2)
422 4440 617 4505 Nempe
642 4438 811 4505 quoad
835 4440 973 4490 verbi
994 4439 1077 4489 Dei
1099 4437 1527 4502 praedicationem.
