2930 4982
327 362 453 419 302
1300 364 1643 412 TnAc‘rAws

322 495 661 564 excusatur
688 510 725 556 a
769 487 1052 556 mortali.
1086 485 1273 567 Quod
1305 485 1360 554 si
1385 506 1612 554 sensus
1659 485 1747 552 ita
1777 484 1850 551 in
1880 504 2122 573 magna
2164 484 2515 574 quantitate
2539 508 2612 555 ex

326 597 730 668 mutilatione
754 594 1106 663 verborum
1132 596 1472 661 truncatus
1499 591 1719 673 suerit,
1754 591 1889 659 sive
1915 589 2307 671 voluntarie,
2337 591 2471 663 sive
2496 594 2611 661 in·-

323 704 679 775 voluntarie
725 701 1055 785 acciderit,
1090 704 1381 769 remanet
1417 697 1723 788 obligatio
1767 696 2115 789 supplendi
2142 719 2260 788 pro
2303 704 2485 790 parte
2526 701 2616 769 sic

325 813 586 881 variata.
624 807 697 877 Si
724 830 878 876 vero
905 809 995 876 ita
1020 808 1132 876 fiat
1172 806 1518 890 mutilatiO,
1549 812 1628 872 ut
1660 804 1878 894 aliqua
1905 810 2193 873 servetur
2226 804 2616 896 significatio
2733 839 2736 842 “

326 919 706 1004 verborum,
753 914 1178 1006 probabiliter
1219 913 1444 983 satisfit
1470 911 1854 1002 obligationi
1880 912 2099 993 officii,
2137 913 2224 981 ita
2248 917 2325 980 ut
2365 935 2505 981 non
2533 913 2614 981 sit

328 1021 638 1111 obligatio
662 1021 1011 1112 repetendi.
1051 1019 1142 1112 (S.
1172 1019 1554 1110 Liguoriu'S,
1583 1020 1724 1088 loco
1752 1020 1894 1101 cit„
1930 1040 2001 1087 n.
2040 1018 2219 1109 165.)

1405 1295 1567 1372 §10

762 1465 1044 1506 OBLIGATIO
1070 1465 1181 1506 NON
1212 1466 1460 1507 MUTANDI
1498 1464 1766 1506 PROPRIUM
1799 1464 1911 1505 DIEI
1939 1462 2191 1504 OFFICIUM

427 1653 487 1718 1.
518 1648 647 1728 Qui
677 1669 751 1714 ex
778 1668 996 1715 errore
1021 1647 1299 1715 mutavit
1324 1644 1617 1713 officium
1639 1643 1744 1711 vel
1769 1642 2018 1734 aliquid
2047 1664 2124 1711 ex
2158 1642 2395 1733 officio,
2431 1648 2629 1716 verbi

330 1752 533 1844 gratia
553 1751 830 1819 dicendo
856 1751 933 1818 de
951 1751 1127 1836 feria,
1159 1749 1425 1839 quando
1467 1749 1828 1819 dicendum
1848 1749 1929 1817 de
1955 1754 2204 1830 sancte,
2235 1771 2370 1818 non
2398 1759 2631 1842 peccat

332 1882 451 1928 nec
482 1862 737 1928 tenetur
759 1860 1066 1946 repetere.

416 1963 484 2032 2.
516 1962 589 2030 Si
628 1967 848 2030 tamen
897 1982 975 2029 ex
1015 1981 1233 2029 errore
1280 1964 1597 2029 mutasset
1623 1959 1920 2031 officium
1941 1960 2297 2032 dicendum
2337 1962 2412 2030 in
2440 1960 2627 2030 aliud

329 2069 726 2138 notabiliter
767 2068 1050 2154 breviuS,
1102 2067 1444 2136 advertens
1498 2072 1717 2158 postea
1757 2090 2071 2155 errorem,
2124 2069 2386 2139 deberet
2446 2092 2629 2139 com-

332 2199 627 2269 pensare,
652 2174 1006 2262 recitando,
1036 2173 1219 2242 verbi
1246 2174 1477 2265 gratia,
1512 2197 1747 2246 novem
1773 2178 2056 2268 psalmos
2084 2176 2289 2268 primi
2317 2178 2626 2246 nocturni

333 2284 707 2369 dominicae,
743 2281 797 2348 si
822 2279 1115 2349 officium
1138 2279 1488 2349 dominicae
1509 2287 1818 2351 mutasset
1842 2283 1915 2352 in
1945 2283 2240 2352 officium
2266 2282 2521 2352 Sancti.
2542 2282 2627 2353 lta

333 2389 605 2477 quidam
629 2392 944 2455 auctores.
978 2386 1169 2476 (Vide
1194 2385 1262 2455 S.
1292 2386 1716 2477 Liguorium‚
1744 2388 1791 2455 l.
1822 2387 1937 2473 lv,
1970 2412 2028 2459 c.
2058 2389 2126 2475 2,
2159 2412 2228 2459 n.
2267 2390 2460 2477 161.)

422 2491 489 2560 3.
543 2494 652 2560 An
709 2497 930 2582 peccet
980 2493 1339 2561 mortaliter
1382 2495 1501 2584 qui
1530 2495 1804 2563 scienter
1849 2502 2058 2566 mutat
2083 2497 2394 2588 longius
2376 2520 2455 2565 m
2487 2498 2626 2568 bre-

330 2597 476 2664 vius
498 2596 531 2662 ‘?
573 2632 663 2646 —
696 2595 770 2661 ln
824 2599 1107 2683 quatuor
1160 2597 1443 2667 diversas
1470 2600 1818 2668 sententias
1863 2602 2254 2727 scinduntur
2312 2602 2613 2692 theologi.

335 2700 525 2793 (Vide
546 2699 615 2770 S.
643 2699 1066 2787 Liguorium‚
1090 2699 1348 2792 ibid.)

422 2809 489 2877 4.
521 2806 650 2889 Qui
681 2829 759 2877 ex
785 2829 1000 2879 errore
1024 2808 1245 2877 omisit
1270 2809 1543 2880 recitare
1580 2811 1659 2880 de
1693 2810 1930 2882 Sancto
1956 2814 2218 2907 proprio
2252 2815 2436 2885 illius
2469 2817 2615 2898 diei,

334 2936 417 2984 an
446 2916 646 3004 possit
693 2913 819 2983 alia
849 2912 953 2983 die
999 2936 1133 2985 non
1157 2914 1471 3007 impedita
1510 2917 1802 2987 officium
1842 2922 2160 2990 omissum
2197 2923 2520 2992 recitare?
2540 2956 2625 2974 —-·-

335 3018 859 3103 Controvertitur
887 3042 904 3089 t
934 3022 1355 3112 probabiliter
1377 3029 1607 3115 potest.
1645 3023 1837 3117 (Vide
1873 3024 1941 3096 S.
1971 3026 2387 3118 Liguorium,
2429 3030 2618 3098 citato

335 3125 533 3216 loco.)

428 3234 492 3301 5.
533 3233 662 3314 Qui
700 3233 989 3302 multum
1009 3235 1151 3325 jam
1190 3236 1499 3324 processit
1530 3237 1602 3304 in
1640 3237 1857 3308 officio
1883 3239 2198 3322 indebito,
2232 3240 2495 3332 quando
2522 3261 2620 3309 er-

336 3358 553 3408 rorem
573 3339 878 3425 advertit,
906 3341 1071 3409 liber
1093 3346 1185 3408 est
1212 3340 1314 3408 vel
1335 3342 1666 3431 prosequi,
1685 3344 1788 3412 vel
1799 3345 2129 3436 reliquum
2143 3349 2416 3418 recitare
2430 3349 2509 3417 de
2534 3345 2626 3414 of-

340 3443 492 3512 ficio
513 3443 750 3519 debito.
794 3443 885 3534 (S.
916 3445 1290 3533 LiguoriuS,
1322 3445 1462 3513 loco
1493 3446 1734 3537 citato.)

885 3920 971 3958 CUI
1011 3920 1075 3958 ET
1112 3920 1329 3966 QUANTA
1357 3888 1572 3960 ΙΒΕΒΕΑΤ
1610 3923 1755 3963 FIERI
1791 3925 2099 3968 RESTITUTIO

369 4080 483 4151 1
534 4079 602 4148 Si
640 4087 955 4155 restitutio
984 4086 1277 4171 facienda
1323 4090 1404 4159 sit
1434 4040 1519 4157 ob
1563 4094 1881 4162 omissum
1907 4096 2235 4182 officium,
2284 4123 2316 4163 (ι
2348 4119 2608 4190 respon-

345 4213 392 4254 (ι
418 4187 574 4257 deo:
606 4192 1024 4276 pauperihus,
1056 4194 1158 4263 vel
1183 4195 1443 4265 fabricae
1465 4197 1768 4269 beneficn
1784 4201 1880 4291 (ut
1902 4224 1976 4271 ex
1999 4204 2252 4273 decreto
2281 4205 2351 4274 S.
2381 4204 2484 4275 Pii
2512 4202 2623 4294 V),

345 4308 400 4368 ((
420 4295 553 4365 sive
593 4293 873 4363 eeclesiae
920 4296 1054 4365 sive
1099 4301 1327 4372 domui
1364 4305 1697 4393 beneficii,
1757 4309 1889 4377 sive
1934 4310 2004 4377 in
2052 4312 2366 4401 augendis
2422 4311 2620 4399 agris.

246 4496 261 4512 ο
359 4403 562 4471 «Non
595 4404 810 4468 autem
840 4406 1045 4490 potest
1084 4404 1235 4473 dare
1267 4407 1525 4480 sahricae
1567 4412 1827 4482 alterius
1867 4417 2178 4506 ecclesiae,
2210 4419 2338 4487 nisi
2384 4416 2626 4485 fabrica
