2930 4982
354 320 375 370 1
397 317 431 370 Ο
446 319 477 368 4
1322 319 1663 366 TRACTATUS

354 444 745 534 (Comment.
801 462 869 507 m
928 440 1184 509 constit.
1247 440 1456 522 Quasi
1491 438 1715 505 lnnoc.
1764 436 1892 522 Vl,
1926 436 1996 503 in
2033 436 2324 521 Summ.‚
2376 460 2447 507 n.
2498 439 2636 531 48.)

348 547 442 616 Ex
464 549 716 616 decreto
737 546 1068 616 Benedicti
1090 545 1238 615 Xlll
1259 547 1322 612 in
1350 544 1626 612 concilio
1648 543 1944 611 Romano
1972 542 2097 636 (tit.
2120 543 2175 631 1,
2203 567 2262 612 c.
2295 544 2359 636 7)
2386 552 2638 615 tenetur

348 657 700 725 canonicus
750 655 1086 744 theologus
1128 653 1353 720 saltem
1411 651 1500 719 40
1545 652 1850 719 lectiones
1897 650 2193 740 publicas
2250 653 2322 719 in
2370 653 2639 723 ecclesia

347 762 621 829 habere:
650 760 758 830 sed
788 761 952 828 illud
978 761 1310 827 decretum
1336 758 1488 826 facit
1503 761 1616 848 jus
1634 758 2043 848 particulare,
2073 779 2207 825 non
2257 779 2633 846 commune,

346 873 420 935 ut
446 891 639 959 supra
664 869 968 936 diximus,

438 974 545 1042 Ill.
588 977 731 1057 Quo
754 974 825 1040 in
849 973 990 1040 loco
1012 971 1234 1041 docere
1257 972 1491 1040 debeat
1515 972 1855 1062 theoloqus
1872 977 1906 1040 Ρ
1930 1010 2017 1024 --
2043 971 2256 1041 Locus
2279 972 2396 1041 ubi
2415 973 2636 1045 haberi

347 1080 537 1149 debet
564 1079 944 1169 theologalis
1004 1079 1195 1148 lectio
1225 1078 1609 1170 regulariter
1631 1089 1725 1146 est
1754 1080 1825 1147 in
1862 1078 2243 1165 cathedrali,
2271 1079 2340 1145 in
2373 1080 2636 1170 publico

349 1192 657 1275 suggestu
683 1184 1067 1276 (Monacelli,
1101 1186 1167 1252 in
1196 1184 1651 1263 Formularzb,
1691 1189 1739 1253 t.
1775 1184 1825 1269 l,
1859 1185 1954 1252 tit.
1985 1185 2053 1267 2,
2081 1185 2273 1251 form.
2304 1185 2373 1271 5,
2403 1208 2471 1252 n.
2509 1187 2549 1255 5
2577 1194 2639 1255 et

350 1291 441 1381 7).
475 1291 673 1360 Justis
719 1297 936 1359 tamen
969 1291 1046 1358 de
1093 1292 1304 1358 causis
1353 1295 1560 1380 potest
1605 1290 1964 1382 Episcopus
2011 1290 2351 1381 disponere
2409 1297 2483 1358 ut
2531 1292 2638 1360 fiat

348 1397 531 1482 alibi,
562 1397 754 1466 modo
785 1398 1055 1464 omnino
1085 1397 1340 1486 publice
1368 1404 1431 1463 et
1459 1398 1532 1463 in
1558 1397 1701 1465 loco
1731 1398 2020 1489 publicO,
2049 1403 2284 1464 utnon
2314 1397 2638 1467 ecclesias-

349 1503 462 1570 tici
490 1508 772 1583 tantum‚
805 1502 914 1571 sed
960 1524 1184 1570 omnes
1229 1502 1308 1571 de
1356 1503 1599 1594 populo
1634 1503 1705 1569 in
1755 1502 1897 1593 lege
1948 1504 2166 1571 divina
2209 1506 2632 1572 instruantur.

357 1608 540 1677 Unde
563 1610 742 1677 locus
773 1610 1153 1678 cathedralis
1180 1632 1311 1678 non
1330 1616 1423 1678 est
1438 1609 1889 1678 immutandus
1915 1611 2042 1678 nisi
2065 1611 2347 1678 maxima
2369 1616 2641 1698 urgente

350 1736 562 1799 causa,-
611 1737 764 1782 cum
803 1713 1180 1783 Tridentina
1217 1715 1505 1805 synodus
1546 1721 1914 1806 respectum
1945 1715 2248 1783 habuerit
2287 1716 2363 1783 ad
2396 1715 2553 1785 cleri
2579 1722 2640 1785 et

350 1822 576 1912 populi
599 1822 1079 1889 confluentiam.
1115 1821 1187 1889 Id
1217 1823 1434 1889 firmat
1457 1844 1535 1890 ex
1576 1821 2016 1891 decisionibus
2046 1844 2240 1889 sacrae
2275 1820 2637 1912 Congrega-

351 1928 546 1995 tionis
567 1927 831 1995 concilii
859 1929 1205 1996 cardinalis
1229 1928 1439 2016 Petra,
1465 1930 1610 1997 loco
1651 1951 1847 2021 supra
1875 1930 2090 2015 citat0,
2125 1951 2195 1997 n.
2225 1928 2335 1997 52.

450 2032 713 2102 «Menti
771 2039 1108 2125 propterea
1160 2035 1421 2103 concilii
1470 2057 1600 2103 non
1629 2036 1883 2103 videtur
1920 2035 2345 2118 satisfactum,
2393 2034 2503 2102 sed
2531 2055 2640 2124 po-

362 2162 398 2203 «
423 2139 555 2208 tius
599 2163 638 2209 a
664 2146 798 2208 tam
837 2142 1103 2210 salutari
1154 2143 1522 2233 provisione
1559 2141 1702 2210 illos
1748 2141 2101 2233 Episcopos
2149 2142 2471 2225 aberrare,
2527 2141 2654 2231 qui·

364 2247 723 2326 «tolerant,
752 2248 885 2316 imo
908 2254 967 2315 et
1009 2250 1436 2339 praescribunt
1473 2250 1646 2340 quod
1673 2250 2026 2316 canonicus
2054 2248 2475 2338 theologus...
2510 2267 2642 2315 non

363 2375 398 2414 «
427 2351 595 2418 clero
621 2375 829 2441 neque
867 2354 1130 2444 popu10,
1166 2354 1274 2422 sed
1318 2355 1544 2445 paucis
1583 2354 1883 2444 parochis
1906 2357 1969 2421 et
2014 2354 2416 2423 confessariis
2437 2374 2644 2420 saecu-

366 2481 399 2521 «
425 2456 695 2538 laribuS,
771 2459 914 2527 loco
984 2460 1429 2551 explicationis
1483 2461 1859 2552 Scripturae,
1938 2460 2318 2550 quaestiones
2365 2457 2647 2526 morales

361 2565 623 2630 «semel
662 2565 761 2632 vel
801 2565 901 2633 bis
939 2567 1007 2633 in
1054 2589 1275 2635 mense
1327 2574 1505 2636 extra
1541 2568 1880 2636 ecclesiam
1926 2568 2262 2656 proponat.
2298 2562 2395 2631 Sit
2435 2562 2648 2651 igitur

365 2695 400 2734 «
427 2670 788 2761 explanatio
808 2670 1158 2763 Scripturae
1177 2696 1211 2741 e
1234 2681 1542 2764 suggestu
1563 2675 1828 2767 publice
1854 2673 1924 2740 in
1949 2670 2217 2740 ecclesia
2240 2667 2596 2737 cathedrali
2622 2691 2640 2750 ;

366 2799 399 2838 «
425 2775 675 2844 etillius
703 2777 899 2866 partis
949 2786 1013 2845 et
1039 2778 1165 2846 loci
1212 2781 1327 2868 qui
1372 2780 1627 2848 facilius
1659 2779 2065 2869 intelligitur,
2095 2785 2156 2844 et
2200 2776 2441 2867 populo
2466 2774 2643 2841 fruc-

365 2909 399 2947 «
428 2888 653 2951 tuosus
691 2889 786 2952 est
823 2909 839 2952 :
886 2891 1078 2975 prout
1115 2893 1269 2954 sunt
1319 2893 1637 2978 praecepta
1676 2886 1987 2974 decalogi,
2046 2883 2352 2973 mysteria
2402 2881 2551 2948 fidei
2580 2883 2643 2948 et

362 3015 398 3054 «
428 2991 779 3058 novissima
817 2992 1127 3061 hominis.
1170 2993 1250 3060 Et
1293 2996 1347 3062 si
1389 2994 1797 3061 conferentiae
1842 3014 2114 3060 casuum
2154 2990 2469 3081 Episcopo
2496 2987 2638 3076 pla-

364 3120 399 3161 «
428 3102 637 3184 ceant,
685 3098 805 3165 boc
838 3121 1049 3176 unum
1091 3100 1304 3186 faciat,
1335 3108 1396 3168 et
1437 3100 1617 3167 aliud
1651 3122 1786 3168 non
1827 3099 2294 3190 praetermittat.
2326 3121 2361 3161 »
2397 3092 2638 3186 (Mona-

356 3202 528 3281 celli,
560 3206 657 3272 tit.
695 3204 774 3291 ΙΙ,
802 3205 1080 3273 formula
1100 3207 1165 3289 5,
1197 3207 1416 3274 adnot.
1453 3207 1495 3275 6
1520 3213 1583 3273 et
1613 3205 1707 3296 7.)

362 3353 365 3356 ι
444 3306 557 3375 lV.
600 3311 709 3376 An
741 3311 1079 3401 theoloqus
1128 3324 1435 3381 teneatur
1484 3310 1874 3402 respondere
1914 3310 2242 3399 quoesitz‘S,
2280 3320 2344 3376 et
2387 3307 2636 3375 solvere

352 3411 789 3503 difficultates
824 3417 1207 3506 propositas
1235 3419 1305 3487 in
1335 3420 1476 3509 ejus
1511 3417 1790 3485 lectione
1807 3420 1841 3481 P
1859 3452 1951 3466 —-
1979 3414 2286 3504 Negative
2309 3412 2636 3503 respondit

352 3539 531 3586 sacra
576 3518 998 3611 Congregatio
1045 3526 1334 3606 concilii,
1375 3525 1454 3593 13
1490 3524 1710 3592 martii
1766 3520 1964 3605 1677,
2011 3527 2278 3589 testante
2323 3517 2632 3587 cardinali

350 3624 535 3695 Petra
565 3627 729 3717 (loco
758 3629 971 3711 citato,
1006 3652 1073 3696 n.
1108 3630 1248 3720 47).
2171 3715 2175 3718 ,

437 3733 521 3802 V.
573 3733 1017 3818 Quandonam
1047 3735 1447 3829 theoloqalz's
1494 3737 1846 3807 canonicus
1861 3737 2076 3828 possit
2106 3746 2226 3802 aut
2251 3732 2483 3801 debeat
2505 3753 2634 3823 per

348 3840 787 3910 substitutum
833 3868 1075 3913 munus
1117 3867 1313 3913 suum
1357 3847 1669 3936 eoeplere?
1695 3886 1787 3899 —
1824 3871 1859 3910 «
1884 3843 2206 3933 Legitima
2254 3842 2637 3910 subsistente

357 3969 391 4010 «
419 3966 612 4013 causa
639 3971 750 4037 per
772 3951 1195 4019 substitutum
1232 3952 1314 4017 ab
1337 3950 1655 4043 Episcopo
1684 3951 2063 4042 eligendum
2094 3950 2407 4019 inservire
2433 3952 2638 4038 potest

357 4072 390 4112 «
423 4050 634 4141 (Rota,
686 4054 882 4124 decis.
935 4056 1180 4148 1294);
1238 4056 1568 4149 potissime
1614 4060 1667 4125 si
1704 4059 1957 4126 diutine
2010 4079 2203 4127 causa
2254 4052 2640 4145 hujusmodi

356 4181 390 4223 «
418 4156 875 4246 impedimenti
904 4162 1286 4249 persisteret,
1322 4163 1572 4231 ratione
1596 4163 1877 4253 publicae
1904 4161 2225 4245 utilitatis,
2252 4183 2333 4228 ne
2370 4155 2640 4227 salutari

357 4289 391 4333 α
418 4265 659 4358 pabulo
698 4264 917 4333 fideles
943 4269 1305 4356 priventur.
1343 4271 1601 4364 Quippe
1630 4270 1684 4339 si
1713 4271 1792 4339 ad
1832 4271 2025 4339 breve
2060 4276 2316 4362 tempus
2340 4266 2636 4356 legitime

355 4400 391 4441 «
420 4374 756 4466 theologus
783 4371 1231 4467 impediretur,
1277 4399 1488 4468 neque
1518 4402 1633 4472 per
1668 4378 2094 4448 substitutum
2138 4375 2452 4446 inservire
2475 4374 2639 4441 esset
