2930 4982
1197 353 1276 398 nn
1323 353 1655 400 camuris.
2490 349 2569 405 25

280 471 353 538 de
380 493 571 540 novo.
606 472 774 541 Cum
802 480 1020 543 autem
1048 475 1114 543 id
1152 475 1349 543 nollet
1375 474 1760 567 Episcopus,
1790 477 1869 544 ad
1904 477 2276 545 Romanum
2307 482 2572 570 pontifi-

280 578 452 645 cium
484 580 771 649 tribunal
822 603 1016 648 causa
1049 581 1316 650 inducta
1345 588 1459 649 est.
1518 580 1688 650 Hinc
1734 605 1887 651 vero
1919 584 2157 674 prodiit
2207 584 2564 669 decretum,

278 707 353 752 ne
375 687 680 755 canonici
709 686 951 777 absque
977 687 1280 779 Episcopi
1305 690 1408 757 sui
1440 710 1758 757 consensu
1786 691 2277 759 constitutiones
2307 699 2369 760 et
2424 715 2568 763 con-

275 793 647 861 suetudines
670 795 954 863 ecclesiae
973 816 1104 863 suae
1120 797 1500 886 approbatas
1531 796 1980 884 immutarent,
2010 798 2109 866 vel
2137 820 2332 871 novas
2369 800 2570 868 indu-

276 905 515 966 cerent.
556 900 673 991 (Ex
703 902 908 992 capite
937 903 1108 969 Cum
1135 901 1656 984 consuetudiniS,
1689 902 1770 969 de
1801 902 2009 992 conS.)

372 1036 408 1074 ε(
455 1006 749 1098 Septima
781 1010 1218 1077 controversia
1260 1008 1383 1075 suit
1410 1030 1487 1076 ex
1519 1031 1713 1076 causa
1756 1009 2163 1093 visitationis„
2203 1011 2570 1082 nolentibus

272 1117 518 1188 alicubi
545 1116 849 1205 capitulis
866 1120 1130 1205 propter
1149 1117 1628 1205 exemptionem
1655 1115 1755 1183 vel
1780 1116 2319 1184 consuetudinem
2337 1118 2570 1209 subjici

272 1226 619 1319 episcopali
653 1225 1026 1292 visitationi.
1064 1223 1138 1291 In
1181 1246 1310 1314 qua
1347 1223 1782 1292 controversia
1834 1222 2203 1291 Concilium
2249 1222 2573 1295 Tridenti-

275 1357 438 1400 num
468 1333 641 1425 (sess.
670 1333 736 1415 6,
766 1332 843 1399 de
864 1332 1014 1415 ref.,
1039 1354 1099 1399 c.
1130 1333 1190 1420 4)
1214 1331 1294 1398 ab
1313 1330 1651 1422 Episcopis
1675 1330 1872 1412 stetit,
1905 1331 2264 1398 decernens
2289 1332 2570 1422 capitula

204 1445 220 1465 ⁶
272 1441 517 1523 omnia,
551 1441 685 1508 sive
713 1438 1129 1521 cathedralia,
1160 1440 1293 1506 sive
1312 1439 1463 1521 alia,
1497 1459 1679 1528 posse
1704 1438 1973 1516 visitari,
2003 1438 2239 1527 corrigi
2262 1447 2324 1506 et
2348 1441 2568 1530 puniri

269 1549 348 1615 ab
389 1547 737 1638 Episcopo,
792 1568 923 1614 non
970 1545 1260 1614 obstante
1296 1547 1728 1635 exemptione,
1781 1543 2249 1612 consuetudine
2302 1551 2457 1632 etc.,
2501 1547 2568 1615 iu

269 1655 694 1724 contrarium.
733 1653 998 1744 Propter
1045 1653 1487 1720 executionem
1518 1652 1662 1719 talis
1711 1651 1947 1718 decreti
1978 1673 2217 1741 magna
2246 1653 2355 1721 illa
2379 1654 2460 1721 lis
2497 1675 2570 1721 ac

268 1763 582 1831 dissensio
610 1767 749 1828 orta
772 1766 866 1828 est
904 1761 1076 1828 inter
1122 1766 1421 1828 sanctum
1454 1760 2023 1849 archiepiscopum
2059 1758 2365 1828 Carolum
2393 1760 2574 1850 (Bor-

267 1867 612 1960 romaeum)
662 1873 723 1935 et
764 1867 1125 1957 capitulum
1170 1867 1640 1934 canonicorum
1689 1866 1768 1933 de
1815 1863 2043 1948 Scala3
2103 1888 2246 1955 quae
2309 1867 2568 1935 tandem

267 1977 474 2044 sancti
498 1974 600 2042 Pii
630 1974 692 2044 V
710 1975 1088 2041 auctoritate
1112 1979 1171 2040 et
1194 1975 1395 2041 sancti
1427 1971 1917 2061 Archiepiscopi
1938 1972 2367 2041 ecclesiastica
2396 1974 2576 2042 sorti·

263 2084 520 2165 tudine,
550 2084 621 2149 in
644 2082 847 2171 ipsius
877 2079 1367 2171 Archiepiscopi
1392 2081 1655 2148 laudem
1684 2087 1747 2146 et
1773 2078 2338 2169 archiepiscopalis
2366 2088 2569 2171 potes-

264 2187 414 2254 tatis
443 2187 927 2252 incrementum
957 2186 1167 2251 cessit.

362 2318 404 2354 α
451 2291 691 2357 Octava
742 2290 1178 2356 controversia
1228 2290 1358 2353 fuit
1403 2310 1599 2376 super
1641 2288 2199 2355 administratione
2246 2290 2567 2358 bonorum

259 2395 587 2476 ecclesiae,
617 2416 730 2461 seu
759 2392 1022 2460 fabricae
1057 2392 1642 2460 :contendentibus
1679 2391 1917 2459 alicubi
1955 2395 2281 2462 canonicis
2311 2397 2568 2487 plenam

262 2502 394 2569 sibi
418 2522 556 2568 esse
576 2505 945 2590 potestatem
968 2501 1047 2567 de
1078 2501 1157 2568 iis
1175 2499 1565 2590 disponendi
1591 2499 2095 2588 independenter
2113 2502 2195 2569 ab
2218 2502 2562 2595 Episcopo;

263 2615 427 2674 etex
455 2607 582 2674 alia
611 2614 789 2697 parte
833 2607 902 2674 id
949 2612 1226 2695 negante
1253 2606 1594 2698 Episcopo,
1651 2605 1775 2674 Pro
1802 2605 1929 2695 'qua
1957 2612 2389 2679 controversia
2418 2612 2571 2680 alle·

266 2712 540 2802 gabatur
562 2735 600 2780 a
628 2713 958 2781 canonicis
978 2719 1172 2804 caput
1193 2714 1513 2781 Relatum
1544 2714 1651 2794 12,
1671 2716 1767 2783 De
1798 2715 2229 2796 testamenti&
2254 2716 2369 2783 ubi
2395 2719 2569 2807 capi-

269 2819 447 2901 tulis,
477 2825 941 2907 consequenter
966 2826 1029 2886 et
1065 2821 1146 2886 iis
1188 2820 1305 2908 qui
1333 2841 1370 2886 a
1402 2820 1704 2909 capitulis
1738 2823 2251 2904 constituuntur,
2295 2822 2567 2889 sacristae

272 2928 368 2991 vel
420 2926 836 3004 thesaurarii,
896 2926 1207 2992 tribuitur
1237 2926 1721 2993 administratio
1769 2928 2102 2993 bonorum
2133 2925 2437 2992 omnium
2467 2948 2568 2994 ec-

274 3032 477 3100 clesiae
504 3031 999 3121 acquisitorum,
1027 3052 1185 3097 cum
1223 3032 1593 3097 exclusione
1621 3031 1947 3120 Episcopi.
1981 3029 2075 3098 Ex
2102 3032 2392 3120 opposito
2423 3055 2564 3123 pro-

276 3140 630 3226 ponebatur
662 3137 744 3206 ab
784 3136 1131 3227 Episcop0,
1165 3136 1337 3226 quod
1388 3157 1511 3226 pro
1541 3135 2092 3206 administratione
2121 3137 2448 3208 bonorum
2476 3142 2569 3208 fa-

277 3244 466 3314 bricae
507 3245 865 3335 Episcopus
908 3243 1105 3310 habet
1155 3242 1583 3311 assistentiam
1620 3244 1986 3332 generalem
2010 3244 2209 3333 juriS,
2244 3250 2307 3313 et
2333 3245 2565 3314 funda-

279 3359 401 3418 tam
451 3351 904 3418 intentionem.
944 3348 1125 3440 (Can.
1169 3347 1240 3436 3,
1280 3348 1350 3428 5,
1387 3347 1454 3431 6,
1490 3370 1698 3417 causae
1751 3349 1859 3437 10,
1887 3357 2113 3438 quaest.
2154 3352 2211 3417 1.
2264 3350 2561 3418 —Trid.

280 3478 422 3526 sess,
450 3459 566 3538 22,
589 3481 646 3527 c.
697 3458 764 3542 9,
797 3458 877 3526 de
926 3456 1078 3541 ref„
1118 3461 1180 3523 et
1207 3478 1361 3525 seSS.
1393 3456 1505 3540 24,
1542 3477 1600 3524 c.
1656 3456 1724 3535 3,
1751 3457 1831 3525 de
1870 3456 2019 3547 ref.)
2063 3455 2355 3525 Tandem
2389 3478 2567 3523 sacra
2603 3511 2606 3514 .

281 3563 454 3648 Rota,
487 3572 641 3632 teste
667 3564 992 3649 EmericO,
1019 3563 1346 3631 decisione
1371 3562 1572 3650 1083,
1596 3567 1657 3630 et
1683 3564 1915 3652 saepius
1935 3563 2101 3632 sacri
2128 3561 2391 3629 concilii
2416 3582 2569 3627 con-

280 3673 586 3761 gregatio,
621 3672 704 3739 ab
726 3669 1043 3760 Episcopo
1070 3670 1536 3759 pronuntiavit.

371 3803 403 3841 «
433 3777 620 3846 Nona
671 3777 856 3845 valde
882 3780 1234 3843 contumax
1259 3773 1692 3840 controversia
1738 3772 1864 3837 fuit
1885 3792 1963 3836 ex
1995 3770 2326 3838 occasione
2354 3766 2566 3840 Caere-

280 3886 601 3968 monialis,
637 3906 872 3975 nempe
895 3904 1011 3974 pro
1038 3877 1575 3950 associationibus
1601 3875 1716 3966 (les
1751 3876 2077 3946 occasions
2098 3875 2182 3955 Qu
2225 3877 2273 3945 il
2301 3877 2440 3946 faut
2462 3899 2565 3947 ac-

279 4012 668 4082 compagner
684 3989 1025 4081 l'eveque),
1058 3986 1442 4067 assistentia,
1474 3985 1747 4074 aliisque
1779 3983 2046 4052 honoris
2070 3985 2563 4074 significationi-

283 4097 419 4178 bus,
451 4122 615 4189 quas
655 4098 957 4189 Episcopi
998 4102 1311 4189 putarunt
1356 4095 1469 4162 hic
1519 4100 1581 4161 et
1627 4114 1807 4161 nunc
1855 4092 1978 4160 sibi
2026 4092 2273 4181 deberi,
2297 4115 2430 4162 non
2475 4095 2560 4161 ita

282 4207 791 4274 existimantibus
844 4204 1328 4294 capitularibus.
1378 4200 1475 4269 De
1521 4222 1650 4290 qua
1701 4201 1924 4269 multae
1968 4202 2348 4292 prodierunt
2374 4206 2562 4287 atque

284 4312 631 4381 identidem
658 4314 979 4404 prodeunt
1006 4332 1340 4380 sacrarum
1371 4306 1568 4376 Urbis
1595 4307 2181 4399 Congregationum
2209 4306 2559 4411 decisiones

284 4438 352 4486 ac
372 4421 855 4489 declarationes
889 4443 923 4483 »
987 4418 1311 4488 Hactenus
1359 4415 1610 4483 eximiae
1661 4417 1761 4484 vir
1813 4414 2120 4484 doctrinae
2167 4409 2556 4479 Andreuccl,
