2930 4982
1140 406 1218 451 ΒΕ
1263 404 1591 455 metrum.
2384 405 2506 462 563

227 558 263 599 «
285 531 431 621 quit
450 550 584 619 quo
600 527 939 595 minuatur
970 524 1339 592 subsidium
1369 523 1826 597 charitativum
1845 531 2140 600 debitum
2164 534 2505 628 Episcopo.

322 662 358 702 «
385 635 450 703 5.
474 634 715 701 Poterit
730 638 945 699 tamen
966 629 1323 720 Episcopus
1342 649 1673 701 successor
1693 641 1949 724 statuta,
1972 660 2009 705 a
2026 639 2334 730 capitulo,
2366 642 2513 709 sede

232 745 581 822 «vacante,
611 741 801 822 facta,
827 759 944 828 pro
969 736 1167 804 libitu
1191 747 1520 825 revocare,
1541 740 1712 808 sicut
1735 746 1804 870 et
1818 742 1944 810 alia
1969 750 2198 813 statuta
2227 748 2513 838 cujusvis

233 878 267 917 «
294 846 777 943 praedecessoris
809 845 1000 913 sui.»
1060 869 1067 874 ’
1462 863 1468 870 “
1523 875 1530 880 ·
1648 863 1670 882 ⁴·

318 983 353 1023 ι(
378 958 444 1025 6.
476 956 951 1025 Verumtamen
969 951 1135 1019 sicut
1157 971 1293 1018 non
1310 958 1515 1041 potest
1545 954 1933 1044 capitulum,
1957 956 2104 1024 sede
2126 957 2344 1046 plena,
2376 968 2515 1030 sta-

232 1093 268 1132 «
297 1065 474 1133 tuere
503 1083 649 1151 quae
676 1063 957 1148 tangunt
984 1063 1189 1125 totum
1215 1063 1453 1126 statum
1485 1060 1798 1141 ecclesiae,
1838 1061 1942 1128 vel
1985 1065 2179 1130 etiam
2222 1064 2294 1133 in
2324 1067 2516 1137 rebus

237 1200 270 1239 «
297 1172 543 1253 arduiS‚
567 1169 710 1236 sine
727 1188 1045 1233 consensu
1078 1162 1379 1254 Episcopi
1402 1189 1418 1245 ;
1448 1166 1536 1233 ita
1560 1188 1701 1251 nec,
1732 1168 1878 1235 sede
1901 1176 2195 1259 vacante,
2221 1171 2284 1239 id
2301 1153 2518 1264 posse,

238 1307 272 1346 «
307 1280 560 1348 videtur
587 1283 803 1343 tenere
831 1272 1126 1340 Lotterus
1159 1271 1276 1361 (De
1304 1273 1657 1365 b‹‘.³m.›ficz‘z's›·⁹
1688 1274 1736 1341 l.
1773 1297 1840 1352 ιι,
1871 1296 1937 1364 q.
1969 1273 2081 1360 31,
2107 1299 2174 1343 n.
2211 1277 2349 1369 82),
2380 1280 2519 1364 ubi,

236 1416 271 1453 ι(
294 1386 466 1476 quod
496 1404 629 1452 non
666 1381 946 1448 transeat
974 1381 1042 1447 in
1091 1384 1453 1474 capitulum
1487 1385 1761 1471 potestas
1791 1381 2067 1469 cogendi
2092 1384 2413 1470 synodum
2444 1388 2522 1455 ad

239 1520 274 1558 «
298 1491 598 1559 effectum
637 1485 1031 1554 decernendi
1069 1494 1134 1555 et
1167 1486 1489 1556 statuendi
1536 1487 1923 1574 generaliter
1968 1492 2031 1554 et
2074 1487 2524 1559 universaliter

239 1624 272 1663 α
302 1618 496 1687 super
525 1600 690 1664 statu
721 1592 1003 1660 ecclesiae
1021 1619 1040 1680 3
1075 1616 1259 1663 secus
1292 1596 1372 1662 sit
1401 1594 1481 1660 de
1514 1596 1820 1682 potestate
1868 1594 2190 1662 statuendi
2233 1603 2524 1686 respectu

237 1703 643 1793 «singularis
664 1721 846 1767 casus
879 1700 990 1767 cui
1019 1700 1199 1768 aliter
1218 1701 1546 1793 provideri
1588 1699 1837 1788 nequit.
1870 1724 1903 1764 >³

313 1809 627 1879 Eamdem
658 1806 1020 1874 doctrinam
1049 1814 1291 1875 certam
1317 1807 1597 1875 habetet
1624 1804 1834 1895 magis
1856 1804 2246 1875 determinat
2274 1808 2527 1899 Fagna-
2641 1788 2648 1795 ⁵

226 1940 354 1986 nus
383 1917 544 1984 dum
572 1913 731 1982 dicit
759 1912 853 2003 (in
884 1935 942 1981 c.
986 1914 1044 1981 A
1081 1915 1301 1993 nobis,
1335 1913 1430 1981 De
1459 1912 1772 1980 sententia
1792 1917 2307 2001 excommunic„
2333 1942 2399 1984 n.
2435 1919 2516 1986 51

225 2029 291 2092 et
335 2021 445 2113 56)
496 2047 512 2089 ε
573 2046 608 2085 «
648 2020 788 2087 ‘Aut
824 2018 1217 2108 capitulum,
1251 2017 1397 2087 sede
1436 2026 1727 2097 vacante,
1768 2020 2059 2114 procedit
2096 2043 2212 2110 per
2254 2023 2527 2091 modum

237 2156 272 2194 «
298 2129 542 2209 statuti,
570 2131 633 2193 et
665 2131 824 2192 tunc
865 2126 1121 2193 etiamsi
1159 2130 1471 2193 statutum
1512 2126 1809 2215 imponat
1849 2147 2108 2215 poenam
2145 2150 2263 2218 pro
2308 2128 2528 2197 futuro

241 2235 558 2319 «delicto,
605 2252 740 2298 non
788 2231 1058 2330 expirat,
1107 2219 1254 2298 sede
1295 2232 1611 2321 plena...;
1664 2235 1776 2297 aut
1827 2231 2189 2322 capitulum
2243 2235 2529 2322 procedit

237 2365 271 2405 «
303 2362 420 2431 per
445 2338 713 2406 modum
745 2338 1099 2421 sententiae‚
1130 2343 1192 2404 et
1220 2342 1378 2404 tunc
1407 2342 1809 2427 praeceptum
1840 2338 2080 2427 expirat
2107 2361 2223 2429 per
2246 2347 2526 2408 mortem

236 2474 269 2512 «
302 2444 788 2540 praecipientis..
803 2442 1189 2514 ,Conclude
1202 2444 1378 2533 quod
1404 2448 1750 2545 statutum,
1775 2464 1931 2512 cum
1962 2444 2043 2512 sit
2070 2445 2167 2513 lex
2194 2447 2522 2535 quaedam,

236 2559 604 2643 «perpetuo
638 2552 828 2618 duret
867 2549 998 2617 nisi
1036 2556 1375 2617 revocetur
1403 2540 1742 2639 expresse.
1773 2550 1953 2617 unde
1985 2551 2139 2617 dicit
2178 2550 2526 2623 Federicus

236 2660 470 2750 «quod
508 2661 561 2726 si
601 2657 991 2773 capitulum,
1009 2657 1189 2725 s'ede
1218 2663 1503 2740 vacante,
1538 2657 1689 2724 fecit
1733 2661 2070 2736 statutum,
2081 2657 2289 2726 durat
2330 2663 2523 2729 etiam

235 2791 271 2830 «
299 2769 508 2832 creato
531 2762 877 2853 Episcopo,
902 2760 1029 2829 nisi
1053 2778 1347 2851 expresse
1371 2766 1707 2828 revocetur
1730 2784 1845 2852 per
1862 2760 2282 2853 Episcopum.
2306 2790 2339 2828 »

315 2872 494 2938 Idem
524 2874 740 2935 tamen
768 2867 1118 2955 Fagnanus
1162 2867 1375 2955 quoad
1406 2868 1812 2935 durationem
1845 2868 2227 2957 hujusmodi
2253 2877 2525 2939 statuto-

219 2999 381 3047 rum
426 2975 497 3042 in
545 2978 801 3064 tempus
853 2972 1373 3064 supervenientis*
1417 2972 1720 3064 Episcopi
1737 2994 1762 3056 ,⁴
1797 2976 2203 3044 ’contrarium
2253 2982 2525 3047 omnino

218 3081 472 3176 profert
493 3079 905 3148 disserens‘in
929 3074 1124 3170 caput
1147 3079 1269 3146 His
1295 3102 1442 3169 quoe
1470 3079 1588 3166 (De
1606 3081 1909 3170 majorit.
1946 3094 2011 3149 et
2034 3083 2249 3166 obed„
2274 3108 2341 3152 n.
2367 3086 2477 3177 53)
2505 3113 2520 3156 :

230 3218 274 3256 «
305 3189 463 3257 ltem
505 3192 709 3279 potest
748 3190 981 3255 statuta
1029 3186 1330 3271 condere,
1372 3208 1510 3253 non
1542 3197 1767 3254 tamen
1816 3188 2125 3257 duratura
2163 3191 2234 3256 in
2272 3196 2525 3280 tempus

234 3322 274 3359 «
304 3292 714 3386 successoris,
747 3292 827 3359 de
853 3308 986 3382 quo
1017 3292 1123 3359 dic
1152 3291 1340 3381 plene
1374 3296 1448 3356 ut
1478 3313 1596 3380 per
1631 3290 2017 3359 Federicum
2046 3292 2125 3360 de
2155 3294 2326 3365 senis
2356 3294 2525 3362 dicta

236 3401 771 3471 «consultatione
816 3397 924 3465 16.
965 3423 999 3462 »
1049 3395 1171 3465 Sed
1214 3395 1306 3463 ibi
1355 3417 1491 3464 esse
1540 3397 1855 3464 mendum
1905 3400 2039 3488 typi
2088 3386 2524 3466 certissimum

223 3516 350 3589 est,
376 3530 527 3576 cum
568 3506 927 3594 Fagnanus'
961 3501 1244 3571 remittat
1290 3504 1370 3570 ad
1419 3503 1726 3570 eumdem
1774 3502 2160 3597 Federicum
2208 3506 2324 3593 qui
2370 3507 2529 3572 dicit

225 3614 632 3684 contrarium
676 3615 738 3678 et
773 3612 961 3698 cujus
1007 3607 1391 3675 contrariam
1442 3609 1815 3675 citationem
1862 3611 2134 3697 ipsemet
2173 3608 2525 3698 Fagnanus

222 3719 635 3808 transcripsit
684 3714 995 3799 in‘altero
1042 3708 1207 3794 loco,
1259 3728 1497 3801 nempe
1546 3733 1562 3779 ε
1617 3709 1784 3777 dicit
1828 3709 2260 3778 Federicus...
2318 3711 2525 3780 durat

224 3828 435 3897 etiam
485 3833 702 3893 creato
754 3820 1107 3912 EpiscopO.
1140 3814 1343 3887 ‘Unde
1370 3824 1553 3909 -patet
1598 3818 2078 3908 typographum
2128 3818 2270 3885 voci
2320 3816 2525 3887 etiam

224 3933 635 4004 substituisse
658 3934 800 3996 ‘non
833 3938 1093 3994 tamen.
1112 3915 1424 3994 Mendum
1459 3930 1679 3993 autem
1718 3926 1898 4015 qu'od
1920 3925 2257 4014 si‘gna'mus
2288 3938 2326 3992 e‘
2351 3933 2522 3996 textu

224 4040 534 4130 irrepsit
516 4060 587 4105 ιη
614 4036 887 4117 indices,
918 4035 1005 4101 ita
1032 4036 1107 4100 ut
1147 4035 1479 4124 potuerint
1512 4055 1645 4100 non
1674 4031 1863 4124 pauci
1887 4030 2319 4121 ³decipi’c'irca
2362 4035 2526 4102 cele-

224 4144 501 4211 berrimi
530 4141 820 4232 Fagnani
851 4134 1211 4210 doctrinam
1247 4147 1313 4207 et
1340 4145 1690 4207 mentem.
2301 4168 2304 4171 “
2347 4166 2351 4171 >

320 4248 693 4317 Notandum
723 4248 937 4316 etiarn
947 4248 1078 4316 est
1061 4264 1141 4315 1n
1167 4248 1311 4314 hac
1319 4245 1589 4341 materia
1615 4229 1867 4341 veteres
1880 4252 2171 4317 auctores
2205 4250 2321 4339 qui
2357 4233 2527 4317 tene-

230 4351 391 4418 bant
421 4353 782 4443 capitulum
809 4375 991 4444 posse
1010 4353 1529 4443 jurisdictionem
1564 4353 1808 4420 vicario
1834 4353 2169 4476 capitulari
2196 4355 2527 4420 transmit-

232 4464 368 4527 tere
397 4482 555 4528 cum
585 4461 1122 4544 restrictionibuS,
1156 4483 1288 4528 non
1321 4460 1672 4530 concedere
1708 4458 2015 4551 praedicto
2044 4456 2286 4527 vicario
2316 4464 2525 4548 potes-
