2930 4982
1117 356 1199 417 bn
1244 370 1572 417 cunnus.
2363 366 2487 422 479

210 505 243 549 α
284 502 440 551 eum
477 482 788 574 deputati,
821 482 946 553 alia
979 505 1116 555 non
1142 481 1308 557 fafita
1344 489 1709 580 provisione
1736 510 1854 580 pro
1889 488 2075 559 istius
2103 511 2290 560 casus
2329 514 2488 563 con-

206 616 238 658 «
278 590 623 678 tingentia.
655 614 691 655 1>
1111 616 1116 623 ·

278 695 461 764 Idem
507 696 812 763 admonet
852 694 1218 793 Leurenius
1265 697 1541 790 (Forum
1581 698 1977 789 beneficiate,
2028 701 2360 771 Tractatus
2407 706 2487 776 de

195 802 500 895 capitum,
540 803 1018 888 sedevacante,
1051 826 1108 872 c.
1152 826 1201 888 r,
1240 810 1467 894 quaest.
1516 805 1673 890 454,
1717 806 1785 871 in
1823 809 1996 871 tomo
2032 804 2182 895 lm:
2221 834 2255 873 «
2282 809 2487 881 ‹Iuris-

201 935 233 976 «
274 909 473 977 dictio
495 907 803 1000 'Episcopi
835 910 1215 979 naturaliter
1256 913 1531 980 viventis
1560 912 1877 979 tribuitur
1912 912 2198 1001 capitulo
2238 915 2307 982 in
2339 939 2484 1007 spe-

198 1041 230 1082 «
273 1016 421 1111 ciali
443 1037 619 1098 casu,
642 1015 903 1108 quando
919 1014 1281 1107 Episcopus
1311 1024 1403 1085 est
1430 1024 1654 1109 captus
1682 1040 1719 1086 a
1748 1017 2015 1108 paganis
2042 1016 2146 1083 vel
2176 1019 2484 1091 schisma-

196 1146 228 1186 «
271 1121 420 1188 ticis
442 1148 460 1208 ;
487 1143 563 1188 eo
587 1121 760 1211 quod
782 1126 940 1189 tunc
963 1123 1140 1190 sedes
1166 1129 1506 1191 censeatur
1523 1124 1707 1214 quasi
1733 1144 1957 1191 vacare
1977 1127 2417 1212 per-mortem.
2441 1150 2476 1191 ι»

185 1224 341 1296 Haec
370 1229 742 1296 communis
778 1234 839 1296 et
867 1234 1038 1297 certa
1068 1231 1551 1299 canonistarum
1590 1231 1882 1299 doctrina
1920 1229 2232 1299 fundatur
2267 1230 2486 1302 decre-

181 1336 287 1403 tali
312 1335 478 1402 Boni
487 1334 634 1403 facii
655 1334 799 1404 Vlll
816 1335 910 1403 sic
935 1358 1223 1427 expresse
1243 1338 1578 1405 statuentis
1599 1361 1617 1405 t
1645 1337 1727 1404 Si
1739 1336 2111 1428 Episcopus
2134 1358 2180 1402 a
2191 1339 2484 1426 p‘aqam's

179 1453 294 1508 aut
329 1440 764 1509 schismaticis
792 1441 1128 1532 capiatur,
1161 1465 1296 1509 non
1325 1443 1894 1535 Archiepiscopus,
1928 1440 2045 1510 sed
2070 1443 2477 1532 capitulum,

178 1569 251 1614 ac
272 1547 340 1615 si
360 1546 537 1615 sedes
551 1570 681 1638 per
703 1559 986 1616 mortem
1010 1559 1273 1616 vacaret
1301 1548 1519 1629 illius,
1542 1548 1613 1615 in
1633 1548 2109 1638 spiritualibus
2126 1560 2481 1641 et‘tempo-

177 1644 433 1722 ratibus
448 1654 828 1723 ministrare
852 1652 1108 1722 debebit
1128 1675 1151 1720 .·
1179 1652 1383 1721 donec
1411 1676 1562 1720 eum
1587 1653 1897 1723 libertati
1917 1653 2203 1739 restitui,
2229 1657 2339 1723 vel
2353 1680 2480 1746 per

179 1759 406 1827 Sedem
427 1760 478 1826 A
477 1759 884 1851 postolicam
904 1757 1120 1849 (cujus
1147 1759 1420 1827 interest
1445 1758 1875 1827 ecclesiarum
1894 1758 2248 1850 providere
2266 1782 2477 1832 neces-

174 1864 508 1956 sitatibus)
541 1888 740 1956 super
761 1865 882 1933 hoc
901 1887 1033 1956 per
1069 1865 1291 1955 ipsum
1331 1852 1712 1955 capitulum
1745 1865 2106 1955 quamcito
2136 1868 2474 1940 commode

168 1971 322 2060 fieri
342 1973 602 2064 poterit
647 1970 1162 2053 consulendam,
1207 1971 1409 2040 aliud
1437 1972 1798 2062 contiqerit
1830 1970 2135 2039 ordinari
2171 1973 2337 2064 (cap.
2391 1977 2476 2044 Si

167 2077 568 2170 Episcopus,
597 2077 1066 2168 desupplenda
1098 2078 1973 2167 negligentia-Praelatorum,
2007 2078 2079 2144 in
2110 2077 2203 2167 6.)

260 2180 370 2250 nl.·
422 2184 697 2264 Quando
744 2184 1105 2277 Episcopus
1147 2189 1240 2251 est
1283 2183 2044 2253 excommunicatus‘aut
2094 2204 2468 2274 suspensuS,

160 2285 240 2355 ac
274 2289 553 2378 proinde
587 2289 787 2376 sedes,
827 2296 901 2355 ut
935 2290 1304 2377 loquuntur
1329 2291 1706 2368 canonistae,
1732 2287 2238 2378 interpretative
2265 2296 2466 2377 vacat,

162 2414 243 2461 an
262 2394 639 2482 jurisdictio
661 2393 1057 2484 Episcopalis
1082 2393 1458 2462 devolvatur
1481 2395 1559 2462 ad
1587 2392 1947 2485 capitulum
1964 2396 1997 2460 ‘l
2014 2426 2106 2443 -
2134 2417 2167 2458 «
2185 2391 2471 2483 Respon-

160 2499 279 2568 deo
322 2503 644 2592 negative,
682 2501 791 2570 sed
839 2499 1316 2569 recurrendum
1366 2498 1778 2590 adipapam,
1808 2490 1890 2568 ›ut
1927 2499 1980 2567 is
2024 2500 2380 2591 provideat.
2425 2524 2458 2566 »

161 2605 575 2697 (LeureniuS,
603 2608 747 2676 loco
764 2628 960 2697 supra
986 2607 1202 2687 citato,
1235 2591 1463 2694 quaest.
1493 2606 1677 2696 454.)
1706 2606 2018 2674 Eamdem
2036 2605 2467 2695 q‘uaestionem

154 2699 294 2778 fuse
341 2715 575 2802 tractat
607 2711 955 2806 Fagnanus
1009 2710 1097 2801 (in
1130 2733 1152 2777 1
1194 2716 1444 2801 partem
1486 2712 1642 2779 libri
1686 2711 2073 2784 sslDeerets
2104 2734 2243 2801 cap.
2291 2713 2466 2795 Quia

159 2812 643 2896 diversitatem,
670 2811 747 2885 de
765 2816 1190 2886 Concessiohe
1215 2815 1637 2906 Praebendae)‚
1665 2818 1857 2907 cujus
1875 2817 2185 2884 doctrinae
2203 2837 2465 2886 summa

159 2921 299 2991 haec
325 2927 423 2990 est
453 2929 484 2991 ι’
511 2909 743 3016 «Hinc
767 2928 1026 3014 sumpta
1048 2923 1383 2991 occasione
1413 2944 1663 3013 quaer0,
1693 2943 1777 2989 an
1808 2922 2071 3014 praelato
2091 2943 2465 2991 excommu-

169 3055 199 3094 ι(
244 3029 463 3099 nicato
488 3029 587 3096 vel
617 3043 950 3121 suspenso,
972 3029 1339 3119 jurisdictio
1366 3030 1445 3096 ad
1479 3028 1841 3119 capitulum
1872 3029 2273 3110 devolvatur,
2304 3031 2462 3099 adeo

167 3161 199 3202 κ
241 3142 318 3205 ut
365 3135 450 3204 sit
493 3137 675 3206 locus
724 3137 1023 3206 electioni
1074 3135 1301 3204 vicarii
1347 3136 1691 3224 generalis.
1740 3134 2020 3204 Emersit
2052 3136 2460 3226 nupervhaec

168 3269 200 3309 α
235 3243 589 3334 quaestio...
643 3242 735 3312 Re
781 3244 869 3311 ad'
913 3241 1182 3313 Sacram
1232 3240 1822 3330 Congregationem
1878 3241 2356 3331 Episcoporum
2398 3247 2461 3309 et

170 3375 201 3414 α
241 3350 672 3440 Regularium
698 3349 930 3434 delata,
968 3348 1299 3417 consultus
1338 3346 1434 3444 fui
1465 3347 1628 3435 quid
1664 3347 1830 3414 mihi
1856 3347 2024 3436 juris
2054 3337 2187 3413 esse
2216 3346 2461 3414 videre-

168 3480 198 3520 «
241 3462 369 3524 tur.
406 3455 536 3524 Pro
580 3454 863 3546 capitulo
903 3456 1167 3545 (nempe
1206 3445 1638 3521 contendente
1666 3439 2211 3543 jurisdictionem
2258 3451 2354 3519 ad
2391 3474 2460 3522 se

165 3586 196 3625 et
236 3562 532 3646 devolvi,
561 3560 1128 3630 excommunicato
1171 3581 1289 3627 suo
1315 3556 1640 3648 Proelato)
1666 3559 2068 3648 allegabatur
2096 3557 2458 3624 Hostiensis

168 3693 199 3732 α
241 3669 335 3761 (in
383 3690 674 3756 summa,
715 3667 900 3735 titulo
941 3669 1040 3737 Ne
1084 3664 1231 3732 sede
1264 3665 1597 3753 vacante),
1650 3664 1766 3730 ubi
1809 3664 1922 3745 ait,
1966 3663 2184 3730 sedem
2229 3683 2458 3729 vacare

131 3781 197 3838 ⁸«
232 3776 492 3848 duobus
528 3774 775 3842 modis:
803 3771 1042 3840 scilicet
1086 3791 1255 3853 vere,
1279 3773 1352 3835 ut
1394 3769 1462 3834 in
1497 3766 1683 3834 titulo
1713 3770 1812 3838 Ne
1839 3766 1985 3834 sede
2023 3776 2303 3862 vacante
2310 3785 2342 3848 ;
2395 3771 2458 3835 et

163 3903 196 3946 ι(
239 3880 773 3974 interpretative,
797 3883 871 3945 ut
890 3878 1045 3969 quia
1067 3869 1381 3945 Praelatu's
1409 3879 1503 3941 est
1525 3873 1886 3959 haereticuS,
1919 3872 2455 3940 excommunica-

164 4010 195 4052 «
238 3992 340 4057 tus
359 3989 468 4057 vel
491 3971 863 4079 suspensus.
895 4009 931 4050 »
963 3984 1163 4053 Addit
1189 3981 1546 4071 Fagnanus
1570 3979 1884 4069 quasdam
1908 3978 2065 4046 alias
2085 3979 2360 4047 rationes
2382 3980 2453 4048 in

156 4090 440 4165 favorem
483 4093 747 4183 capituli
776 4117 792 4173 3
826 4098 967 4159 tum
1005 4089 1098 4158 sic
1138 4089 1394 4157 disserit
1424 4111 1446 4160 ε,
1499 4112 1534 4152 «
1568 4085 1692 4154 Sed
1733 4087 1838 4153 his
1876 4107 2007 4153 non
2046 4085 2450 4155 obstantibus

166 4223 196 4263 α
236 4198 846 4291 respondi,Praelato
866 4194 1430 4265 excommunicato
1451 4191 1550 4259 vel
1576 4213 1910 4281 suspense,
1921 4192 2449 4282 jurisdictionem

167 4329 199 4370 α
235 4329 369 4375 non
400 4305 654 4374 devolvi
683 4306 763 4372 ad
792 4305 1183 4394 capitulum,
1218 4302 1325 4369 sed
1358 4299 1599 4389 Papam
1629 4320 1763 4365 esse
1791 4299 2166 4367 adeundum
2197 4305 2268 4365 ut
2296 4317 2448 4386 pro-

165 4432 196 4472 «
232 4411 471 4478 videat.
494 4408 727 4476 Primo
747 4408 926 4476 enim
947 4427 1236 4497 expresse
1260 4403 1386 4471 hoc
1409 4402 1616 4470 voluit
1635 4400 1989 4471 Hostiensis
2013 4401 2104 4491 (in
2126 4424 2182 4468 c.
2208 4422 2252 4481 1,
2279 4420 2346 4464 n.
2374 4396 2444 4475 8,
