2930 4982
1212 355 1289 401 m:
1333 354 1663 403 cunnus·
2497 356 2533 411 ὃ
2545 357 2579 411 3

291 469 746 539 communiter.
809 469 967 537 Item
1039 493 1172 538 non
1240 477 1882 565 comprehenduntur
1947 480 2225 569 capitula
2285 482 2583 572 collegia-

290 585 529 658 tarum,
564 577 643 643 de
671 576 908 666 quibus
937 577 1081 645 silet
1100 577 1586 650 Tridentinum.

375 680 710 750 Secundo.
758 681 884 750 Ubi
925 685 1098 772 viget
1153 688 1558 755 consuetudo
1601 694 1674 755 ut
1715 708 1938 758 omnes
1987 693 2282 762 canonici
2320 695 2451 764 sint
2484 718 2583 767 sa-

289 791 598 875 cerdotes,
626 789 878 858 nullam
921 796 1173 859 tenetur
1198 792 1557 885 Episcopus
1592 796 1801 863 facere
1859 800 2171 868 ordinum
2241 824 2580 876 sacrorum

290 895 722 963 annexionem
780 895 1147 985 praebendis
1214 900 1690 968 canonialibus.
1753 900 1923 970 Nam
1981 927 2134 974 cum
2201 906 2581 982 Tridentina

288 1001 573 1089 synodus
616 1023 906 1091 expresse
953 1003 1311 1073 decreverit
1351 1008 1526 1075 hanc
1572 1010 1816 1076 servari
1870 1010 2268 1081 laudabilem
2312 1037 2582 1087 consue-

289 1109 624 1194 tudinem,
672 1111 815 1198 jam
866 1112 1068 1178 alicui
1120 1134 1195 1179 ex
1243 1115 1607 1203 majoribus
1664 1117 2038 1201 ordinibus,
2107 1142 2346 1212 nempe
2406 1147 2584 1214 pres-

292 1213 644 1302 byteratui,
696 1237 922 1284 omnes
976 1217 1339 1307 praebendae
1397 1218 1764 1288 canoniales
1811 1227 1962 1289 sunt
2005 1218 2201 1291 ex‘vi
2242 1225 2586 1316 ipsiusmet

287 1320 770 1389 consuetudinis
802 1328 863 1389 et
889 1323 1128 1393 decreti
1154 1323 1521 1393 Tridentini
1548 1348 1838 1396 annexae.
1867 1328 2005 1396 lmo
2026 1330 2098 1397 in
2128 1331 2252 1400 hoc
2274 1355 2423 1402 casu
2448 1337 2585 1406 vio-

286 1426 531 1494 laretur
555 1428 656 1495 lex
682 1426 1060 1497 Tridentina
1092 1431 1145 1497 si
1167 1454 1314 1520 pars
1346 1432 1563 1521 aliqua
1599 1434 2046 1502 canonialium
2084 1438 2581 1527 praebendarum

290 1537 739 1600 annecteretur
784 1535 1065 1625 proprie
1119 1536 1491 1605 diaconatui
1539 1545 1652 1607 aut
1707 1540 2246 1631 subdiaconatui3
2303 1546 2459 1634 quia
2510 1571 2584 1616 ex

286 1638 407 1707 ista
431 1641 790 1708 annexione
820 1641 1080 1732 proprie
1119 1642 1290 1710 dicta
1326 1651 1708 1733 sequeretur
1744 1646 2042 1715 diaconos
2068 1656 2129 1716 et
2155 1651 2583 1723 subdiaconos

289 1768 472 1835 posse
496 1747 575 1813 de
616 1747 719 1814 his
759 1748 1121 1837 praebendis
1165 1749 1519 1839 provideri,
1557 1753 1731 1839 quod
1776 1775 2067 1844 expresse
2101 1758 2400 1847 reprobat
2441 1758 2585 1827 Tri-

299 1853 668 1937 dentinum,
714 1855 878 1922 dum
923 1855 1111 1943 jubet
1165 1857 1432 1936 servari,
1468 1857 1584 1924 ubi
1627 1858 1823 1947 viget,
1859 1864 2395 1933 consuetudinem
2449 1889 2582 1934 non

287 1961 714 2047 promovendi
739 1960 821 2028 ad
844 1961 1302 2030 canonicatum
1338 1961 1467 2029 nisi
1486 1964 1862 2034 sacerdotes.

373 2065 484 2133 An
540 2071 756 2133 autem
805 2065 876 2133 in
925 2088 1079 2134 casu
1136 2068 1279 2134 talis
1331 2069 1821 2138 consuetudinis
1874 2072 2098 2142 debeat
2151 2074 2584 2146 nihilominus

281 2169 653 2260 Episcopus
696 2173 1124 2241 annexionem
1174 2175 1378 2242 facere
1432 2174 1797 2264 improprio
1835 2198 2029 2245 sensu
2089 2185 2152 2245 et
2197 2203 2373 2249 mere
2416 2206 2587 2250 nun·

279 2278 711 2366 cupativam,
754 2279 845 2343 ita
880 2285 953 2343 ut
999 2278 1268 2359 scilicet,
1332 2280 1636 2365 quamvis
1693 2302 1922 2347 omnes
1977 2283 2276 2349 canonici
2319 2286 2592 2355 debeant

280 2404 434 2451 esse
458 2382 837 2465 sacerdotes,
870 2381 980 2448 alii
1009 2387 1228 2449 tamen
1255 2381 1520 2449 titulum
1547 2383 2010 2452 canonicorum
2035 2387 2582 2476 presbyterorum,

280 2487 400 2557 alii
453 2485 918 2556 canonicorum
970 2487 1420 2575 diaconorum,
1473 2488 1584 2556 alii
1638 2491 2105 2561 canonicorum
2159 2495 2584 2566 subdiacono·

284 2616 438 2661 rum
492 2592 866 2676 sortiantur,
916 2599 978 2660 et
1015 2596 1199 2683 juxta
1247 2594 1471 2662 titulos
1526 2596 1679 2663 istos
1718 2598 2146 2687 praecedentia
2189 2599 2584 2689 reguletur‘?

288 2699 579 2769 Omnino
629 2701 998 2789 negandum
1037 2700 1316 2787 videtur,
1359 2723 1517 2768 cum
1557 2701 1722 2768 nihil
1766 2704 2146 2792 hujusmodi
2208 2706 2585 2795 praescribat

293 2806 692 2897 praeallatum
724 2807 1049 2874 decretum
1082 2805 1570 2876 Tridentinum.
1607 2808 1824 2888 Nulla,
1857 2809 2024 2875 mihi
2052 2811 2306 2892 saltem,
2341 2833 2584 2877 occur·

298 2916 518 2979 rerunt
550 2913 703 3001 jura
749 2933 895 2999 quae
944 2912 1011 2978 id
1061 2913 1391 2980 suadeant.
1446 2913 1580 2980 Nec
1635 2913 1941 2980 afferatur
1985 2914 2362 3002 exemplum
2423 2915 2586 2981 sacri

300 3019 729 3087 cardinalium
785 3018 1041 3106 collegii
1095 3023 1207 3084 aut
1270 3018 1643 3105 aliquor'um
1709 3018 1932 3084 Romae
1999 3017 2458 3108 capitulorum,
2515 3017 2583 3086 in

298 3127 528 3215 quibus
593 3126 953 3192 retinentur
1014 3123 1191 3191 tituli
1263 3124 1631 3192 diaconales
1688 3131 1749 3191 et
1804 3124 2318 3213 subdiaconaleS,
2388 3127 2582 3196 etiam

299 3234 551 3321 quando
583 3231 938 3299 cardinales
965 3237 1079 3299 aut
1108 3231 1412 3299 canonici
1442 3232 1590 3298 illos
1619 3232 1981 3299 obtinentes
2012 3238 2166 3300 sunt
2187 3234 2574 3325 presbyteri:

303 3361 447 3407 nam
486 3340 629 3407 ideo
665 3339 758 3406 ibi
789 3340 1150 3407 retinentur
1185 3339 1356 3406 tituli
1384 3339 1749 3407 diaconales
1787 3346 1850 3407 et
1877 3339 2390 3426 subdiaconaleS‚
2424 3344 2581 3430 quia

302 3466 399 3512 eos
423 3446 712 3514 obtinere
741 3453 1011 3536 possunt
1047 3446 1301 3514 diaconi
1344 3452 1406 3512 et
1445 3445 1851 3530 subdiaconi,
1895 3446 2046 3513 licet
2087 3446 2166 3513 de
2210 3447 2374 3513 facto
2412 3468 2580 3535 saepe

306 3551 541 3619 accidat
582 3560 656 3620 ut
684 3553 1071 3642 presbyteris
1108 3559 1218 3619 aut
1259 3552 1454 3619 etiam
1487 3552 1819 3643 Episcopis
1855 3552 2291 3619 conferantur.
2332 3550 2404 3618 ld
2434 3571 2582 3618 vero

305 3658 514 3726 locum
557 3681 687 3727 non
725 3658 917 3725 habet
955 3658 1095 3735 ubi,
1133 3658 1221 3723 ita
1267 3659 1557 3746 exigente
1601 3658 2067 3725 consuetudine
2110 3677 2227 3743 per
2261 3653 2581 3719 Tridenti-

307 3782 458 3830 num
508 3765 786 3845 firmata,
841 3760 1309 3851 presbyteratui
1364 3760 1684 3825 exclusive
1740 3760 2055 3825 debentur
2110 3765 2337 3824 omnes
2394 3779 2581 3827 cano-

312 3867 498 3936 niales
524 3868 909 3958 praebendae.

390 3974 624 4040 Tertia.
661 3973 736 4041 ln
771 3971 1060 4039 facienda
1111 3969 1561 4038 distributione
1606 3988 1935 4037 sacrorum
1983 3967 2287 4037 ordinum
2327 3974 2580 4041 tenetur

313 4076 654 4170 Episcopus
683 4078 1027 4147 consilium
1056 4076 1327 4166 capituli
1351 4076 1778 4167 expostulare,
1824 4074 1933 4142 sed
1963 4096 2095 4144 non
2131 4081 2385 4144 tenetur
2411 4078 2576 4152 illu-d

315 4186 504 4273 sequi.
539 4186 630 4253 lta
657 4186 946 4252 doctores
974 4183 1433 4252 communiter.

400 4294 675 4373 Quarto.
742 4290 1125 4359 Praedictam
1186 4289 1495 4357 ordinum
1555 4312 1889 4358 sacrorum
1940 4290 2467 4359 distributionem
2519 4295 2582 4352 et

314 4397 752 4480 annexionem,
806 4396 1158 4466 faciendam
1202 4394 1470 4485 quidem
1518 4396 1600 4463 ab
1641 4395 1957 4487 Episcopo
2006 4389 2396 4486 praescripsit
2440 4386 2580 4454 Tri·
