2930 4982
368 326 442 387 ³1
458 333 494 387 4
1334 339 1680 387 'sumnus

364 470 708 552 peragunt,
750 462 903 553 quia
932 462 1168 529 chorus
1207 467 1506 529 censetur
1538 460 1865 551 supplere,
1910 461 1961 528 si
2005 481 2150 550 quae
2178 481 2215 528 a
2248 459 2487 529 talibus
2518 481 2640 528 non

366 569 736 637 audiantur.
767 567 859 660 (S.
895 568 1271 657 LiguoriuS,
1303 567 1353 635 l.
1387 566 1502 651 lv,
1533 590 1591 636 c.
1626 567 1696 647 2,
1729 590 1797 635 n.
1842 568 2024 656 143.)

454 674 522 742 80
562 675 839 744 Excusat
891 673 1170 743 carentia
1212 674 1540 743 breviarii.
1592 675 1819 744 Peccat
1852 698 2004 743 vero
2047 676 2165 766 qui
2195 676 2481 743 ‘scienter
2518 674 2647 764 pri-

361 782 572 850 vando
592 805 658 850 se
690 780 1018 850 breviario
1047 781 1367 849 consensit
1393 780 1462 848 in
1488 787 1851 850 secuturam
1880 781 2467 873 impossibilitatem
2485 780 2648 847 reci-

364 887 650 956 tationis.

455 993 523 1061 90
554 993 873 1061 Damnata
915 998 1010 1061 est
1047 992 1129 1060 ab
1161 992 1538 1062 Innocentio
1582 992 1674 1061 XI
1703 994 1848 1061 baec
1890 992 2239 1084 propositio
2283 1016 2300 1060 ε
2350 991 2483 1075 Qui
2512 1012 2647 1059 non

362 1112 582 1191 potest
618 1101 893 1168 recitare
932 1102 1346 1169 matutinum
1389 1113 1454 1169 et
1503 1099 1766 1180 laudes,
1816 1111 2035 1190 potest
2084 1112 2307 1168 autem
2367 1098 2653 1187 reliquas

365 1202 585 1289 horas,
618 1205 712 1273 ad
728 1206 904 1273 nihil
932 1218 1219 1287 tenetur,
1246 1208 1408 1296 quia
1437 1208 1659 1297 major
1671 1229 1843 1297 pars
1871 1207 2083 1275 trahit
2106 1204 2199 1274 ad
2210 1229 2276 1273 se
2299 1205 2646 1273 minorem.

363 1307 539 1399 Ergo
575 1313 694 1400 qui
726 1333 950 1380 carens
976 1311 1300 1382 breviario
1332 1319 1537 1403 potest
1568 1313 1947 1382 memoriter
1991 1312 2258 1381 recitare
2289 1311 2512 1379 laudes
2543 1313 2653 1378 aut

366 1417 866 1506 completorium
897 1425 1010 1487 aut
1034 1418 1230 1487 aliam
1257 1419 1518 1503 horam,
1558 1420 1639 1488 ad
1670 1420 1831 1488 illud
1861 1420 1985 1488 sub
2018 1418 2200 1507 gravi
2231 1423 2516 1485 tenetur.

464 1523 571 1590 100
612 1521 679 1592 Si
717 1546 941 1592 carens
974 1525 1188 1592 officio
1218 1526 1487 1615 proprio
1522 1525 1756 1594 babeas
1789 1546 2161 1607 commune,
2199 1524 2434 1592 teneris
2459 1520 2637 1591 reci-

364 1631 498 1696 tare
523 1650 896 1697 commune.
933 1628 1023 1718 (S.
1054 1630 1431 1718 Lignorius‚
1463 1631 1657 1712 ibid.,
1688 1654 1756 1700 n.
1793 1631 1972 1721 158.)
2483 1695 2489 1699 .

459 1734 567 1800 110
587 1733 655 1803 Si
679 1757 903 1803 carens
925 1735 1246 1804 breviario
1274 1760 1545 1806 romano
1567 1745 1678 1805 aut
1697 1738 2014 1806 breviario
2038 1742 2166 1804 tuae
2192 1734 2468 1803 ecclesiae
2483 1755 2657 1823 pro-

363 1839 530 1929 prio,
569 1841 806 1908 babeas
850 1842 1027 1909 aliud
1065 1865 1100 1910 a
1134 1844 1428 1932 legitima
1463 1848 1842 1914 auctoritate
1886 1867 1998 1934 pro
2033 1843 2177 1911 aliis
2216 1839 2505 1910 ecclesiis
2547 1845 2659 1908 aut

365 1947 978 2035 congregationibus
1025 1950 1484 2040 approbatum,
1513 1953 1753 2020 teneris
1784 1951 1895 2019 illo
1922 1951 2042 2019 uti.
2080 1948 2267 2039 (Vide
2290 1946 2361 2016 S.
2391 1946 2647 2037 Liguo-

366 2052 542 2119 rium
582 2053 726 2120 loco
755 2053 996 2144 citato.)
1389 2074 1394 2078 ·

458 2157 565 2224 120
604 2158 880 2227 Excusat
917 2160 1303 2252 dispensatio
1341 2163 1550 2229 valide
1592 2184 1916 2231 concessa.
1953 2162 2127 2253 Papa
2167 2165 2412 2244 autem,
2455 2159 2650 2227 etiam

365 2263 506 2330 sine
536 2286 758 2350 causa,
795 2267 1003 2335 valide
1033 2269 1400 2358 dispensare
1430 2275 1637 2359 potest
1658 2270 1855 2337 etiam
1879 2268 2362 2337 beneficiatum.
2393 2266 2481 2333 At
2503 2284 2651 2332 vero

364 2368 719 2461 Episcopus
748 2395 881 2441 non
915 2374 1121 2441 valide
1149 2376 1479 2466 dispensat
1508 2376 1645 2443 sine
1667 2378 1843 2466 justa
1882 2397 2106 2462 causa3
2140 2396 2264 2442 nec
2293 2377 2501 2463 potest
2532 2372 2652 2440 dis-

363 2497 633 2562 pensare
687 2477 812 2546 nisi
868 2479 939 2545 in
994 2479 1213 2571 aliquo
1259 2482 1634 2572 particulari
1692 2505 1844 2552 casu
1881 2487 1942 2550 et
1990 2482 2069 2550 ad
2124 2480 2317 2549 breve
2363 2484 2644 2569 tempus.

345 2575 456 2667 x(S.
483 2579 859 2668 Lignorius‚
884 2583 933 2651 l.
963 2584 1082 2672 IV,
1112 2608 1170 2654 e.
1197 2586 1266 2667 2,
1301 2610 1369 2653 n.
1403 2588 1587 2675 159.)

1435 2870 1594 2948 §15

400 3035 683 3078 oamcano
719 3039 897 3086 Qqun
930 3043 1226 3084 memnon
1263 3044 1594 3085 Bnnvmamu
1630 3044 1695 3083 ΕΤ
1731 3043 2027 3085 memma
2066 3042 2278 3083 omem
2315 3041 2607 3081 mmmmm

937 3140 1002 3179 m·
1047 3142 1382 3182 camanum
1410 3143 1686 3184 Rucuma.
1718 3124 2062 3196 (nssmsswss.)

454 3325 854 3417 Praeeeptum
892 3335 955 3394 et
980 3328 1288 3418 obligatio
1317 3329 1631 3397 recitandi
1662 3328 1857 3396 officii
1898 3328 2107 3396 divini
2142 3324 2530 3412 intelligitur
2557 3321 2638 3390 de

366 3428 579 3496 officio
626 3433 817 3519 cujus
855 3431 1134 3500 formula
1169 3433 1251 3500 ab
1294 3435 1664 3501 auctoritate
1713 3430 2137 3500 ecclesiastica
2215 3427 2635 3497 determinata

365 3535 596 3620 fuerit3
627 3559 759 3604 non
796 3543 1013 3605 autem
1042 3539 1119 3606 de
1151 3538 1550 3606 formulariis
1590 3560 1736 3628 quae
1765 3538 1891 3606 sibi
1919 3539 2193 3628 quisque
2220 3534 2508 3626 privatus
2538 3535 2645 3600 aut

363 3645 667 3734 quodque
715 3645 1078 3735 capitulum
1116 3645 1239 3712 sibi
1281 3645 1719 3713 concinnaret.
1769 3643 1931 3712 Item
1974 3642 2360 3730 intelligitur
2402 3638 2482 3707 de
2525 3636 2645 3704 illa

362 3752 574 3819 officia
595 3750 939 3819 ordinandi
962 3758 1025 3818 et
1048 3752 1415 3820 celebrandi
1445 3754 1587 3841 lege
1611 3774 1759 3842 quae
1783 3751 1866 3819 ab
1890 3750 2113 3819 eadem
2143 3747 2436 3836 legitima
2485 3763 2639 3812 auo-

366 3859 617 3926 toritate
637 3860 948 3926 dimanet.

454 3962 626 4030 Hinc
649 3987 783 4033 non
811 3964 1111 4032 satisfacit
1139 3967 1249 4054 qui
1287 3966 1607 4033 breviario
1639 3965 1985 4053 illegitimo
2024 3962 2257 4047 utitur,
2300 3963 2362 4026 et
2390 3955 2629 4026 benefi-

365 4062 597 4133 ciarius
631 4070 718 4134 ita
758 4092 953 4158 agens
1010 4071 1091 4138 ad
1141 4072 1617 4138 restitutionem
1669 4075 1950 4138 tenetur.
1998 4068 2155 4136 Item
2195 4068 2492 4156 peccaret
2522 4059 2638 4150 qui

362 4176 550 4240 utens
581 4171 900 4243 breviario
925 4179 1238 4266 legitimO,
1279 4178 1493 4246 officia
1517 4176 1725 4245 sciens
1757 4176 2079 4245 ordinaret
2104 4179 2166 4241 et
2190 4171 2540 4241 celebraret
2573 4184 2645 4230 ex

370 4277 495 4346 alia
525 4296 721 4367 quam
750 4277 1042 4365 legitima
1065 4283 1314 4370 regula.

465 4412 501 4450 «
544 4382 844 4451 Visitator
892 4385 1298 4474 Apostolicus
1335 4388 1670 4478 inquirere
1716 4387 1984 4455 debet...
2038 4406 2121 4452 an
2165 4384 2235 4451 in
2273 4377 2644 4450 recitatione
