2930 4982
416 408 493 461 58
505 406 539 461 0
1391 408 1732 455 mactmus

1366 675 1642 737 CAPUT
1709 675 1763 733 V

440 841 511 885 DE
553 840 888 885 Pon-:snm
941 838 1233 894 currum,
1278 837 1422 881 8131)ss
1460 836 1758 892 VACANTE,
1803 835 1870 879 [N
1913 834 2184 879 MATERIA
2230 834 2663 880 BENEFIGIARIA

1511 1037 1608 1116 §1

436 1214 544 1252 Nox
584 1211 770 1250 port-:ST
806 1208 1084 1248 coum-:nnn
1120 1206 1403 1246 BENEFICIA
1443 1205 1665 1251 Quonuu
1721 1203 1978 1242 COLLATIO
2008 1201 2338 1241 PERTINEBAT
2373 1205 2446 1242 AD
2487 1205 2658 1245 somn

758 1305 1062 1346 Evlscovuu.
1103 1317 1177 1329 -
1204 1303 1269 1341 ET
1307 1302 1516 1342 cuman
1555 1300 1898 1340 nsssznvssrun
1929 1300 2045 1339 ΠΕΟ
2078 1300 2338 1339 COLLATIO

488 1485 536 1553 l.
568 1484 642 1553 ln
667 1480 969 1551 decretali
1004 1477 1281 1547 Honorii
1310 1471 1394 1543 111
1425 1476 1504 1543 ad
1549 1475 1802 1564 aliquos
1831 1475 2176 1543 canonicos
2216 1474 2699 1545 Suessionenses

400 1594 641 1661 directa
670 1590 762 1658 sic
803 1589 1079 1678 legitur:
1134 1586 1300 1653 Cum
1339 1603 1675 1674 nusquam
1714 1581 2105 1649 inveniatur
2132 1596 2409 1650 cautum
2440 1583 2695 1673 injure,

399 1694 582 1787 quod
595 1692 1003 1784 capitulum,
1034 1700 1320 1758 vacante
1337 1686 1509 1769 sede,
1534 1690 1880 1778 funqatur
1904 1687 2045 1756 vice
2063 1687 2394 1779 Episcopi
2412 1688 2480 1754 in
2500 1687 2698 1754 colla-

400 1802 686 1871 tionibus
699 1796 1221 1889 proebendarum
1248 1795 1324 1885 (c.
1353 1794 1516 1873 Illa,
1543 1816 1653 1880 ne,
1683 1792 1831 1862 sede
1851 1793 2176 1884 vacante).
2204 1793 2577 1862 Bonifacius
2593 1816 2700 1861 au-

398 1918 527 1977 tem
555 1906 700 1976 Vln
732 1909 818 1974 ita
841 1902 1225 1972 decernebat
1270 1923 1444 1970 anno
1479 1893 1697 1970 1298:
1742 1901 1902 1969 Etsi
1933 1901 2338 1991 capitulum,
2387 1899 2537 1968 sede
2582 1924 2700 1968 va-

399 2024 619 2098 cante,
637 2009 953 2099 beneficia
973 2031 1123 2098 quoe
1148 2005 1243 2075 ad
1257 2006 1683 2075 collationem
1708 2005 2027 2095 Episcopi
2042 2006 2388 2096 pertinent
2410 2008 2702 2095 conferre

400 2141 533 2187 non
560 2111 799 2206 possit,
831 2120 1278 2205 praesentatos
1327 2124 1554 2180 tamen
1598 2135 1642 2179 a
1677 2112 1985 2202 patronis
2010 2123 2234 2201 potest
2267 2110 2625 2179 admittere
2649 2110 2703 2178 si

398 2225 536 2292 sint
559 2221 809 2303 idonei,
838 2231 901 2288 et
935 2242 1041 2288 eos
1064 2219 1406 2287 instituere
1424 2219 1502 2285 in
1524 2218 1851 2307 beneficiis
1870 2218 1965 2287 ad
1980 2241 2129 2308 quae
2144 2220 2405 2309 fuerint
2419 2240 2702 2308 proesen-

404 2331 535 2399 tati
553 2353 575 2397 .·
619 2330 772 2397 licet
809 2324 902 2422 ad
941 2326 1377 2416 Episcopum,
1427 2326 1490 2392 si
1518 2337 1907 2414 superesset,
1937 2324 2251 2393 admissio
2285 2336 2350 2392 et
2375 2325 2701 2393 institutio

406 2432 792 2526 hujusmodi
816 2431 1345 2522 pertineret.„(C.
1385 2431 1565 2511 Etsi,
1605 2435 1699 2500 De
1727 2431 2278 2516 institutionibus,
2313 2432 2385 2499 in
2417 2430 2514 2519 6.)

495 2540 587 2606 Ex
628 2541 731 2606 his
772 2544 836 2604 et
862 2538 1259 2625 quibusdam
1290 2538 1434 2606 aliis
1456 2538 1627 2627 juris
1657 2539 1954 2607 canonici
1993 2537 2269 2606 textibus
2306 2537 2707 2606 concludunt

404 2645 693 2711 doctores
730 2643 1137 2709 unanimiter
1166 2665 1204 2709 a
1237 2649 1541 2733 potestate
1581 2644 1931 2735 episcopali
1976 2665 2123 2734 quae
2151 2645 2375 2711 transit
2411 2645 2478 2708 in
2520 2643 2698 2730 capi-

405 2748 648 2832 tulum',
681 2746 829 2814 sede
849 2750 1146 2824 vacante,
1171 2747 1615 2837 excipiendam
1641 2751 1914 2818 omnino
1941 2770 2077 2817 esse
2107 2737 2505 2818 collationem
2534 2767 2698 2835 quo-

407 2875 844 2943 rumcumque
878 2854 1344 2921 beneficiorum
1372 2876 1518 2944 quae
1555 2854 1636 2922 ad
1665 2854 2064 2946 Episcopum
2105 2863 2168 2924 et
2213 2854 2587 2929 nullatenus
2624 2854 2702 2921 ad

407 2965 623 3053 ipsum
667 2960 1031 3051 capitulum
1071 2967 1215 3028 ante
1239 2962 1637 3029 vacationem
1682 2962 2062 3051 pertinebat.
2098 2962 2299 3052 quue
2329 2961 2698 3049 intelligen-

408 3071 570 3136 dum
599 3073 693 3134 est
733 3072 869 3134 tam
895 3066 974 3134 de
998 3066 1333 3134 beneficiis
1360 3067 1793 3157 simplicibus,
1822 3090 2022 3158 quam
2061 3069 2138 3135 de
2171 3070 2251 3136 iis
2278 3069 2526 3158 quibus
2554 3085 2700 3135 cura

413 3177 782 3244 animarum
814 3195 1063 3241 annexa
1093 3179 1208 3241 est.
1248 3172 1463 3254 Quam
1504 3174 1929 3244 certissimam
1955 3176 2124 3263 juris
2145 3174 2447 3263 regulam
2475 3175 2699 3242 confir·
2777 3238 2782 3243 .

413 3290 594 3351 mant
620 3283 976 3351 decisiones
998 3286 1061 3348 et
1080 3282 1292 3371 praxis
1313 3281 1902 3372 Congregationum
1923 3282 2403 3370 Romanarum,
2421 3288 2485 3350 et
2508 3282 2699 3350 ecclc-

413 3409 660 3456 slarum
688 3408 1022 3453 omnium.

503 3492 577 3560 ln
610 3491 913 3558 tradenda
935 3497 1150 3557 autern
1181 3493 1429 3559 ratione
1456 3515 1602 3573 cur,
1631 3495 1791 3562 dum
1820 3496 2070 3584 reliqua
2095 3495 2404 3586 Episcopi
2439 3500 2700 3585 potestas

415 3607 483 3673 in
512 3598 873 3691 capitulum
908 3596 1158 3677 transit,
1191 3598 1546 3689 excipiatur
1582 3603 1884 3691 praedicta
1912 3590 2387 3671 beneficiorum
2420 3601 2696 3680 collatio,

326 3712 337 3713 ’
415 3710 668 3780 variant
688 3708 997 3775 doctores.
1028 3706 1156 3773 Alii
1187 3706 1412 3773 dicunt
1440 3728 1572 3774 non
1602 3730 1785 3796 posse
1827 3707 1968 3777 dari
2004 3709 2200 3776 aliam
2233 3709 2561 3775 rationem
2591 3705 2700 3772 nisi

415 3815 587 3905 quod
622 3815 733 3902 jus
763 3833 1052 3902 expresse
1097 3811 1437 3900 exceperit,
1488 3826 1645 3879 cum
1673 3812 1962 3901 alioquin
2007 3813 2146 3880 haec
2187 3813 2446 3881 collatio
2493 3818 2700 3902 utpote

416 3922 745 4012 pertinens
764 3918 845 3986 ad
858 3916 1406 4006 jurisdictionem,
1432 3918 1889 4009 incapitulum
1912 3920 2186 3987 transire
2200 3920 2395 3986 etiam
2421 3918 2696 3986 deberet.

418 4025 698 4094 Plurimi
739 4029 955 4093 autem
999 4024 1317 4092 sustinent
1349 4023 1757 4092 collat-ionem
1793 4025 2255 4095 beneficiorum
2292 4046 2428 4092 non
2463 4046 2602 4092 esse
2631 4022 2702 4090 de

410 4129 1036 4222 jurisdictionalibus
1061 4121 1385 4221 Episcopi,
1430 4130 1541 4197 sed
1577 4130 1657 4198 ad
1693 4131 1909 4221 ipsum
1955 4133 2274 4222 pertinere
2296 4133 2452 4220 jure
2493 4130 2703 4217 aliquo

419 4233 714 4330 specialh
752 4234 925 4300 unde
971 4238 1041 4303 fit
1067 4244 1166 4318 ut,
1206 4237 1366 4303 dum
1401 4237 1772 4326 jurisdictio
1805 4238 2128 4306 ordinaria
2157 4237 2458 4328 Episcopi
2494 4239 2708 4303 manat

383 4359 388 4363 ’
420 4349 487 4412 in
517 4337 903 4431 capitulum,
938 4360 1071 4405 non
1099 4346 1314 4409 tamen
1346 4340 1543 4408 simul
1576 4347 1856 4411 transeat
1879 4349 2152 4432 potestas
2188 4342 2574 4433 episcopalis
2602 4341 2703 4407 be·

316 4522 319 4525 ,
425 4448 654 4516 neficia
687 4441 1083 4512 conferendi.
