2930 4982
1194 316 1275 362 na
1316 316 1645 364 manuue.
2438 315 2509 369 41
2532 316 2555 371 1

289 433 709 519 Neritonensi,
742 435 834 504 20
863 437 1122 525 augusti
1157 435 1350 527 1601)
1381 462 1398 522 ;
1433 444 1498 504 et
1541 439 1732 506 altera
1773 438 1983 508 Sacrae
2026 439 2567 530 Congregationis

287 542 536 610 concilii
569 566 586 610 ι
661 542 1227 610 Constitutionem
1304 543 1620 611 sustineri
1680 545 1891 635 juxta
1973 547 2515 616 consuetudinem
2541 570 2567 617 .·

283 648 585 737 agebatur
608 653 827 716 autem
852 648 932 715 de
973 649 1432 717 constitutione
1460 650 1758 739 synodali
1790 653 2167 742 prohibente
2203 655 2565 746 capitulum

284 758 655 843 congregari
688 757 828 823 sine
863 755 1168 845 Episcopi
1202 756 1464 825 licentia
1506 756 1600 849 (in
1630 757 2023 844 Milevitana,
2053 761 2094 827 2
2113 764 2289 851 Junii
2334 762 2559 849 1702).

361 860 456 927 Ex
497 862 609 928 illa
638 861 886 950 analysi
914 862 1063 929 satis
1088 867 1258 950 patet
1287 861 1579 930 tribunal
1610 862 1786 932 Rotae
1818 865 2110 954 primum
2151 866 2472 955 judicasse
2497 871 2564 937 in

276 966 561 1034 favorem
603 967 933 1059 Episcopi,
997 969 1062 1036 id
1098 974 1213 1052 est,
1253 971 1685 1038 necessariam
1731 992 1869 1039 esse
1912 974 2059 1062 ejus
2115 971 2441 1040 licentiam
2485 973 2565 1041 ad

276 1074 780 1142 coadunationes
808 1075 1208 1165 capitulares
1264 1074 1486 1145 Postea
1532 1083 1751 1146 tamen
1791 1100 1862 1146 re
1892 1077 2127 1145 melius
2150 1099 2491 1169 perpensa,
2511 1081 2572 1144 et

273 1182 610 1271 praecipue
627 1179 850 1249 videns
873 1181 997 1249 sibi
1017 1183 1408 1250 contrariam
1436 1184 1633 1251 fuisse
1661 1183 2243 1273 Congregationem
2276 1183 2568 1263 concilii,

219 1332 227 1339 -
271 1287 568 1375 priorem
598 1287 984 1355 decisionem
1021 1310 1096 1355 ex
1138 1294 1318 1379 parte
1340 1288 1712 1379 dereliquit,
1744 1292 2072 1357 sustinens
2118 1291 2563 1358 necessitatem

269 1391 555 1461 licentiae
582 1393 979 1484 Episcopalis
1008 1395 1274 1502 quando
1313 1419 1450 1463 non
1479 1395 1730 1464 adesset
1770 1394 2173 1463 consuetudo
2221 1396 2567 1464 contraria

272 1497 346 1564 in
386 1501 698 1589 favorem
729 1499 1051 1589 capituli.

357 1606 655 1676 11.1dem
673 1607 955 1676 tenuisse
978 1609 1229 1677 videtur
1252 1609 1601 1677 cardinalis
1621 1609 1833 1688 Petra,
1858 1610 1969 1699 qui
1998 1610 2091 1679 sic
2111 1631 2250 1677 rem
2271 1609 2563 1699 exponit:

278 1738 312 1779 «
340 1715 451 1782 An
480 1714 785 1805 Episcopi
825 1715 1086 1783 licentia
1116 1718 1487 1806 requiratur
1525 1718 1592 1784 in
1624 1717 1733 1784 tali
1763 1719 2223 1786 convocatione
2253 1716 2569 1807 capituli?

281 1821 448 1889 «Ad
501 1822 792 1912 primum
848 1822 1196 1890 dicendum
1251 1824 1637 1913 regulariter
1680 1824 1983 1915 Episcopi
2040 1824 2372 1891 licentiam
2435 1844 2568 1891 non

282 1928 624 2016 «requiri,
672 1929 737 1994 si
784 1929 1064 1996 solitum
1106 1930 1200 1996 sit
1234 1930 1379 1996 sine
1433 1929 1564 1997 illa
1620 1929 2037 2019 conqreqari.
2085 1929 2440 2019 (Barbosa,
2477 1932 2571 1996 De

279 2056 316 2097 «
346 2055 530 2117 can„
576 2056 633 2102 c.
686 2033 798 2113 35,
853 2056 921 2101 n.
957 2035 1026 2119 4,
1059 2073 1148 2085 —
1178 2034 1383 2102 citans
1410 2034 1914 2101 declarationem
1960 2032 2175 2101 Sacrae
2204 2033 2575 2120 Congrega-

284 2138 549 2206 «tionis
577 2139 861 2224 concilii,
915 2140 1002 2207 20
1033 2142 1294 2228 augusti
1331 2138 1562 2229 1601.)
1594 2138 1718 2208 Sed
1751 2139 2135 2227 hujusmodi
2164 2141 2455 2223 solitum,
2487 2161 2572 2206 an

291 2266 328 2307 «
358 2242 586 2309 debeat
614 2246 869 2333 probari
898 2267 1016 2334 per
1041 2246 1472 2335 Episcopum,
1518 2246 1623 2311 vel
1652 2244 2039 2333 capitulum,
2076 2244 2264 2310 cuive
2310 2244 2577 2310 illorum

289 2349 656 2417 «videatur
697 2351 984 2418 assistere
1005 2353 1119 2440 jus
1161 2353 1249 2417 ita
1279 2358 1352 2418 ut
1387 2350 1777 2418 refundatur
1825 2350 2008 2417 alteri
2048 2370 2218 2416 onus
2264 2347 2582 2439 probandi

287 2480 324 2519 «
356 2457 941 2526 consuetudinem?
964 2457 1238 2527 Videtur
1273 2456 1494 2525 deberi
1518 2457 1710 2524 talem
1743 2456 2283 2525 consuetudinem
2302 2455 2577 2546 *probari

290 2588 323 2626 «
352 2585 390 2631 a
421 2566 725 2655 capituIO,
778 2588 929 2633 cum
978 2568 1091 2655 jus
1140 2567 1389 2633 assistat
1445 2565 1783 2656 EpiscopO,
1824 2566 1917 2632 uti
1980 2587 2054 2631 ex
2103 2569 2276 2631 textu
2334 2563 2452 2631 lib.
2488 2560 2570 2641 ll,

291 2688 328 2730 (ι
364 2688 423 2733 c.
476 2672 569 2735 De
597 2667 1086 2754 decurionibus,
1134 2670 1254 2738 lib.
1289 2669 1377 2757 X,
1425 2670 1542 2737 ubi
1572 2671 1651 2737 de
1677 2672 2172 2758 congregatione
2201 2670 2577 2757 cujuscum-

297 2794 333 2834 «
367 2791 491 2856 que
544 2776 996 2855 universitatis,
1036 2781 1110 2842 ut
1146 2798 1277 2843 non
1333 2777 1533 2866 possit
1572 2776 1958 2863 congregari
2002 2774 2142 2841 sine
2169 2773 2433 2840 licentia
2469 2794 2579 2838 su-

301 2897 338 2938 «
375 2867 722 2963 perioriS...
778 2879 935 2958 Quae
982 2883 1379 2949 consuetudo
1428 2882 1618 2948 debet
1664 2903 1800 2949 esse
1843 2877 2380 2968 quadragenaria,
2419 2899 2575 2946 cum

294 3004 329 3044 ι(
362 2981 448 3047 sit
478 2988 700 3050 contra
717 2986 853 3072 juS,
885 2992 1119 3051 etcum
1144 2988 1277 3053 suis
1300 2988 1628 3075 requisitis
1656 2988 1944 3055 scientiae
1973 2984 2298 3075 Episcopi.

382 3113 418 3154 «
450 3086 519 3156 Si
570 3094 790 3155 tamen
838 3091 1207 3178 requiratur
1252 3091 1516 3158 licentia
1575 3091 1904 3182 Episcopi,
1962 3112 2093 3158 non
2119 3095 2373 3157 tenetur
2409 3090 2578 3179 capi-

291 3219 325 3259 «
355 3194 571 3261 tulum
609 3196 937 3263 declarare
982 3218 1131 3285 quae
1183 3198 1442 3284 negotia
1470 3219 1656 3286 agere
1690 3198 1875 3265 debet
1911 3199 1982 3264 in
2020 3196 2330 3285 capitum,
2379 3201 2453 3262 ut
2501 3218 2575 3264 ex

288 3328 323 3365 «
356 3302 787 3370 declaratione
858 3301 1075 3371 Sacrae
1155 3303 1695 3393 Congregationis
1757 3287 2047 3372 concilii*
2092 3309 2576 3393 prosequuntur

288 3399 324 3472 (ἑ
348 3406 634 3476 Barbosa
674 3415 737 3476 et
777 3408 1121 3498 Pignatelli
1154 3410 1457 3502 (consult.
1515 3410 1667 3498 154,
1731 3416 1777 3478 t.
1820 3409 1960 3501 lv).
1996 3436 2029 3474 >³
2072 3408 2284 3501 (Card.
2347 3411 2561 3494 Petra,

288 3516 551 3583 Comm.
598 3515 727 3582 inI
739 3527 946 3584 const.
979 3522 1050 3586 S.
1086 3519 1321 3604 Leonis
1344 3518 1609 3609 Maqni,
1644 3526 1795 3585 sect.
1827 3517 1894 3596 2,
1937 3539 2006 3585 n.
2032 3517 2143 3601 48,
2176 3524 2339 3584 tom.
2371 3515 2420 3584 l.
2452 3514 2475 3604 )

366 3618 483 3688 lll.
508 3620 959 3689 Nihilominus
981 3624 1236 3691 videtur
1261 3626 1534 3692 omnino
1557 3622 1938 3708 (licendum,
1967 3623 2044 3690 de
2060 3625 2210 3712 jure
2234 3621 2573 3690 communi

280 3748 417 3794 non
443 3726 694 3815 requiri
727 3726 1061 3794 licentiam
1084 3727 1410 3817 Episcopi.
1443 3729 1610 3796 Nam
1645 3728 1906 3817 quando
1929 3728 2126 3797 Sacra
2146 3725 2574 3814 Congregatio

281 3833 547 3900 concilii
582 3832 843 3922 aliquod
879 3833 1053 3923 juris
1106 3834 1385 3901 dubium
1441 3834 1748 3914 declarat,
1800 3858 1952 3903 cum
1994 3836 2198 3924 ipsius
2241 3832 2575 3898 sententiae

280 3940 415 4006 sint
437 3938 793 4007 decisiones
820 3940 1077 4029 papales
1120 3938 1235 4031 (1),
1272 3962 1499 4010 omnes
1529 3942 1609 4009 iis
1637 3941 2075 4011 decisionibus
2101 3944 2267 4007 stare
2309 3936 2567 4007 debent.

353 4148 419 4208 (ι)
456 4162 483 4191 α
511 4144 934 4196 Declarationibus
974 4146 1242 4197 Sacrarum
1280 4147 1743 4210 congregationum
1787 4143 2218 4194 cardinalitiarum
2240 4145 2350 4195 ista
2386 4153 2572 4209 praero-

289 4244 314 4274 ι
347 4230 517 4290 gativa
557 4226 845 4277 conceditur
874 4232 933 4277 ut
968 4227 1155 4277 faciant
1194 4230 1550 4278 auctoritatem
1589 4226 1923 4276 necessariam
1961 4223 2096 4287 apud
2123 4224 2382 4273 inferiores
2414 4218 2573 4276 magi·

288 4326 309 4349 υ
350 4311 573 4369 stratuS,
606 4310 845 4369 tanquam
882 4287 1157 4357 deolsiones
1188 4305 1418 4406 papaleS.
1469 4303 1820 4365 »(Cardinalis
1856 4304 1920 4354 de
1961 4304 2129 4362 Luca,
2173 4300 2368 4350 Relatzo
2407 4291 2575 4342 σανίσι·

289 4388 542 4447 Romanoe,
564 4386 790 4436 discursu
816 4387 894 4435 32.
900 4386 913 4443 )
