2930 4982
380 331 504 388 330
1351 335 1694 384 rucuma

380 472 503 532 aut
548 457 960 551 portionarii
1003 456 1224 525 abesse
1272 456 1512 546 volunt
1564 467 1856 545 tempore
1901 453 2064 545 ipsis
2103 476 2147 521 a
2196 453 2473 523 concilio
2504 478 2660 547 per-

379 568 577 648 misso
601 588 623 633 .·
662 587 796 634 non
848 575 1074 632 tamen
1115 585 1342 632 omnes
1378 561 1592 631 simul
1633 561 1852 629 abesse
1875 583 2099 652 posse,
2130 583 2213 629 ne
2253 561 2522 631 ecclesia
2552 586 2663 632 suo

379 673 594 742 debito
633 671 903 740 servitio
947 668 1374 737 destituatur.
1434 670 1663 750 Quota¹
1714 678 1942 735 autem
1977 690 2150 759 pars
2202 669 2408 738 simul
2449 670 2665 760 possit

379 778 626 860 abesse,
668 775 960 866 relinqui
993 774 1277 844 arbitrio
1304 774 1631 864 Episcopi
1668 784 1733 841 et
1766 772 2062 864 capituli
2117 772 2315 864 (anno
2354 775 2554 860 1581,
2595 776 2665 844 iu

377 906 572 982 pausa
613 882 957 972 Abulensi,
997 882 1046 966 l.
1099 880 1140 949 9
1181 880 1630 974 Decretorum,
1679 903 1745 970 p.
1799 879 1934 962 74;
1988 917 2082 940 —÷-
2125 881 2302 972 apud
2353 880 2667 968 Benedic-

379 979 521 1080 tum
568 988 750 1073 XlV,
795 990 937 1057 loco
992 988 1234 1075 citato).
1288 987 1605 1056 Memorat
1650 985 1828 1056 idem
1877 984 2289 1056 Benedictus.
2314 985 2468 1057 XlV
2511 989 2666 1057 duas

378 1097 535 1165 alias
585 1096 1044 1164 declarationes
1090 1095 1327 1185 pariter
1383 1094 1781 1162 affirmantes
1836 1114 1970 1161 non
2028 1092 2276 1184 requiri
2335 1095 2664 1164 licentiam

377 1203 704 1295 Episcopi.

466 1307 734 1377 Illarum
795 1313 1015 1375 tamen
1089 1306 1600 1373 declarationum
1661 1302 1983 1394 generalis
2040 1323 2281 1372 sensus
2334 1305 2662 1376 restrictus

378 1419 594 1505 postea
619 1413 744 1480 fuit
787 1434 951 1480 nova
989 1412 1406 1502 responsione
1435 1431 1635 1500 quam
1671 1410 1764 1476 sic
1797 1409 1991 1476 refert
2019 1407 2183 1498 (loco
2213 1411 2430 1502 citato)
2459 1411 2662 1480 Bene-

281 1601 289 1612 ·
376 1516 588 1585 dictus
609 1515 803 1585 XlV:
852 1519 1068 1585 Sacra
1105 1514 1576 1606 Gonqreqatio,
1625 1513 1895 1582 tametsi
1927 1512 2364 1582 declaraverit
2399 1516 2663 1584 nullam

377 1622 630 1712 requiri
657 1623 999 1690 licentiam
1029 1623 1124 1692 ad
1140 1624 1261 1690 hoc
1287 1634 1363 1689 ut
1387 1621 1695 1689 canonici
1721 1621 1939 1689 abesse
1945 1621 2208 1712 possint
2233 1620 2303 1688 in
2324 1621 2664 1691 mensibus

375 1751 418 1795 a
443 1728 719 1797 concilio
750 1729 1118 1819 permissis,
1171 1728 1423 1796 censuit
1467 1739 1696 1796 tamen
1738 1728 1913 1797 hanc
1961 1727 2473 1796 declarationem
2526 1751 2664 1798 non

376 1835 714 1903 vindicare
768 1836 899 1903 sibi
950 1836 1166 1904 locum
1220 1835 1478 1926 quoties
1546 1835 1856 1903 canonici
1904 1835 2124 1903 abesse
2176 1835 2411 1908 volunt
2479 1847 2662 1920 extra

375 1940 704 2020 dioecesim
721 1962 749 2026 ;
798 1965 892 2014 ac.
912 1941 1200 2033 proinde
1230 1943 1352 2028 lzoc
1396 1965 1552 2009 casu
1591 1941 1908 2033 Episcopi
1946 1940 2291 2009 licentiam
2330 1963 2463 2009 esse
2506 1941 2663 2010 obti-

375 2047 689 2126 nendam.
731 2049 1054 2142 Caeterum
1078 2047 1489 2140 Episcopum
1517 2071 1653 2115 non
1689 2047 1911 2116 debere
1939 2047 2145 2115 illam
2182 2047 2423 2138 absque
2464 2049 2661 2116 ratio·
2738 2096 2745 2101 -

375 2153 592 2221 nabili
633 2176 835 2246 causa
881 2176 1149 2245 neqare.
1197 2154 1380 2242 idem
1424 2160 1641 2246 postea
1678 2154 1803 2221 ruit
1848 2154 1993 2236 aliis
2036 2154 2477 2228 decisionibus
2517 2176 2659 2226 con·

376 2259 714 2329 firmatum
740 2284 757 2340 ;
783 2268 847 2329 et
872 2262 1068 2330 etiam
1096 2261 1489 2352 servandum
1512 2282 1644 2351 esse
1674 2260 1966 2328 edictum
1996 2260 2340 2350 cujusdam
2362 2260 2659 2352 Episcopi

375 2368 492 2455 qui
541 2373 846 2434 statuerat
868 2390 951 2436 ne
990 2359 1232 2456 absque
1260 2390 1376 2436 sua
1412 2368 1710 2436 facultate
1754 2367 2056 2435 canonici
2096 2366 2430 2435 dioecesim
2474 2367 2662 2446 relin-

375 2479 673 2561 querent,
696 2474 1028 2567 respondit
1046 2472 1242 2543 Sacra
1262 2474 1692 2566 Congregatio
1710 2474 1804 2567 (in
1825 2474 2096 2544 Jaderen
2105 2476 2184 2558 si,
2205 2476 2245 2545 9
2269 2476 2425 2551 maii
2457 2474 2657 2560 1626;

373 2613 460 2667 ····.
489 2578 664 2669 apud
699 2578 1341 2671 BenedictuvalV,
1381 2581 1537 2669 ,loco
1583 2582 1823 2673 citato).
1854 2581 1944 2649 Ex
1984 2582 2225 2672 quibus
2271 2583 2359 2650 sic
2398 2582 2661 2669 conclu-

371 2681 662 2769 dendum
704 2682 991 2751 videtur:
1034 2686 1096 2751 1⁰
1126 2684 1198 2754 Si
1234 2688 1384 2775 quis
1416 2691 1775 2758 canonicus
1818 2689 1997 2757 abire
2032 2690 2190 2779 velit
2220 2695 2503 2780 tempore
2532 2687 2657 2761 sibi

373 2809 410 2857 a
429 2789 580 2878 jure
608 2811 935 2876 concess0,
979 2793 1089 2859 sed
1118 2815 1250 2861 non
1290 2801 1467 2862 extra
1511 2797 1871 2881 dioecesim,
1918 2818 2052 2865 non
2107 2797 2357 2886 indiget
2403 2797 2661 2866 licentia

373 2897 476 2967 sui
505 2896 826 2988 Episcopi.
858 2897 925 2964 2ο
957 2897 1318 2977 Licentiam
1357 2925 1511 2971 vero
1558 2904 1848 2973 obtinere
1878 2904 2067 2973 debet
2112 2904 2170 2972 si
2202 2926 2472 2994 pergere
2514 2904 2660 2981 velit

374 3010 548 3071 extra
584 3005 938 3072 dioecesim.
977 3004 1476 3078 3⁰Facu11atem
1513 3012 1684 3079 hanc
1720 3010 1947 3101 nequit
1978 3032 2275 3100 recusare
2305 3011 2658 3102 Episcopus

371 3106 506 3199 nisi
548 3129 622 3175 ex
680 3110 1046 3201 rationabili
1097 3135 1332 3197 causa;
1388 3137 1464 3183 ex
1505 3138 1636 3204 quo
1677 3117 1970 3205 sequitur
2008 3117 2397 3203 canonicum
2444 3137 2543 3185 ex
2575 3115 2657 3183 ti.-

372 3213 508 3280 tulo
574 3213 666 3305 inJ
653 3216 831 3285 ustae
910 3219 1333 3288 recusationis
1407 3221 1646 3291 habere
1716 3244 2060 3291 recursum
2111 3223 2193 3291 ad
2244 3224 2657 3314 superiorem

369 3300 692 3407 Episcopi.

463 3422 628 3491 Vlll.
680 3425 851 3506 Quot
902 3431 1102 3515 simul
1153 3433 1371 3521 abesse
1422 3434 1668 3524 possint
1714 3436 2016 3504 canonici
2071 3435 2526 3521 cathedralae‘?
2575 3471 2656 3488 —

373 3524 679 3597 Vidimus
738 3534 814 3599 in
857 3536 1051 3604 modo
1110 3538 1308 3609 relata
1359 3538 1710 3620 decisione,
1766 3540 2032 3612 Sacram
2079 3542 2655 3630 Congregationem

371 3632 746 3725 declarasse,
782 3640 850 3708 id
891 3642 1182 3734 relinqui
1218 3645 1498 3717 arbitrio
1524 3648 1844 3740 Episcopi
1876 3659 1939 3717 et
1976 3647 2283 3739 capituli.
2332 3647 2653 3725 Statutum

370 3762 522 3837 ergo
543 3745 629 3813 de
655 3745 777 3814 hoc
815 3747 1167 3831 decernens
1213 3752 1399 3827 debet
1433 3776 1696 3823 assensu
1724 3755 2025 3846 Episcopi
2062 3755 2265 3825 simul
2302 3760 2366 3824 et
2396 3751 2659 3846 capituli

371 3834 645 3919 firmari.
2618 3884 2643 3941 ,ς

458 3947 628 4028 Quid
654 3976 803 4022 vero
824 3959 1182 4043 generatim
1207 3961 1285 4053 de
1305 3962 1428 4029 hac
1449 3985 1518 4031 re
1543 3966 1735 4032 statui
1752 3967 2118 4051 conveniat,
2145 3966 2370 4034 innuit
2388 3984 2657 4055 sequens

366 4052 730 4147 declaratio,
782 4083 928 4148 quae
975 4066 1125 4133 licet
1185 4089 1306 4158 pro
1340 4070 1627 4141 ecclesiis
1678 4073 2031 4162 collegiatis
2096 4073 2288 4161 facta,
2318 4093 2657 4145 normam

364 4158 561 4229 etiam
591 4184 728 4251 pro
735 4167 1214 4245 cathedralibus
1252 4177 1555 4248 exhibet.
1589 4182 1799 4249 Sacra
1844 4180 2373 4271 Conqreqatio...
2409 4177 2658 4250 censuit

367 4267 988 4342 Eminentisszmum
1013 4281 1421 4374 Episcopum
1446 4287 1669 4376 facere
1705 4285 1928 4354 debere
1953 4285 2310 4369 decretum,
2345 4285 2419 4354 in
2465 4285 2659 4355 colle

367 4375 566 4464 qum-³
617 4373 898 4445 eccle-5²²8
940 4402 1076 4448 82⁶oe
1133 4375 1418 4457 dioeceses
1474 4414 1623 4481 quoe
1671 4393 1893 4483 viqore
1942 4392 2212 4461 concilii
2288 4388 2661 4475 Tridentini
