2930 4982
384 325 411 379 1
430 323 510 379 66
1347 322 1687 371 ῘΒΑΕΤΑΤῦΒ

389 451 627 521 candos
653 449 999 537 vocaverit,
1025 450 1371 539 praesentes
1395 445 1477 513 ad
1501 448 1721 513 actum
1743 442 2168 535 capitularem
2193 441 2483 532 legitime
2507 465 2668 535 pro-

386 560 609 627 cedere
635 560 929 649 possunt,
955 551 1377 644 quantumvis
1400 571 1636 642 parvus
1657 551 1741 619 sit
1766 571 1996 619 eorum
2018 570 2333 617 numerus
2347 577 2366 637 ;
2392 571 2468 618 eo
2493 550 2668 640 quod

388 663 533 733 talis
561 661 930 733 convocatio
972 657 1320 750 superioris
1365 657 1710 725 constituat
1757 654 2262 724 non-venientes
2289 655 2360 722 in
2386 657 2670 745 quadam

392 769 824 855 contumacia,
846 789 992 857 quae
1023 766 1232 856 privat
1251 764 1397 832 illos
1429 786 1548 856 pro
1571 764 1694 833 hac
1724 762 1864 831 vice
1879 764 2028 852 jure
2051 762 2299 830 ferendi
2327 759 2620 850 suffragii
2652 785 2668 828 ε

395 877 571 945 unde
600 880 808 944 totum
831 876 943 965 jus
971 871 1238 963 capituli
1266 892 1383 963 pro
1410 875 1567 937 tunc
1590 869 1662 936 in
1690 868 2116 961 praesentibus
2145 868 2375 936 merito
2401 867 2677 936 residere

396 987 728 1060 censetur3
774 1001 894 1048 nec
925 984 1018 1048 est
1040 976 1405 1046 rescissioni
1434 975 1751 1044 obnoxius
1782 980 1963 1043 actus
1992 973 2361 1066 capitularis
2388 995 2465 1042 ex
2490 973 2680 1043 titulo

398 1085 853 1154 insufficientis
892 1086 1308 1177 praesentium
1339 1083 1622 1181 numeri.
1653 1081 1792 1150 Hoc
1819 1088 2034 1149 autem
2058 1085 2379 1171 punctum
2419 1102 2537 1170 pro
2578 1080 2679 1147 sui

405 1193 714 1283 gravitate
759 1193 1292 1262 confirmabimus
1338 1189 1708 1259 auctoritate
1748 1187 2112 1281 Ceccoperii
2134 1238 2166 1278 ,7
2197 1187 2315 1277 qui
2354 1208 2497 1254 rem
2540 1185 2682 1253 fuse

397 1299 686 1392 exposuit
719 1299 859 1391 (lib.
894 1299 960 1383 4,
989 1304 1039 1367 t.
1073 1297 1138 1390 2)
1173 1321 1189 1367 z

500 1434 533 1472 «
571 1406 756 1488 Quod
788 1408 843 1475 si
872 1407 1176 1475 nonnulli
1207 1428 1282 1473 ex
1310 1405 1615 1474 canonice
1645 1403 1883 1472 vocatis
1913 1408 2203 1494 tempore
2246 1402 2507 1494 praefixo
2553 1423 2684 1470 non

413 1540 448 1580 ι(
492 1514 876 1583 accesserint
900 1515 978 1581 ad
1008 1515 1229 1581 locum
1253 1513 1700 1603 capitularem,
1740 1511 1952 1579 caeteri
1996 1509 2396 1578 constituunt
2437 1510 2689 1600 capitu-

415 1649 449 1687 «
495 1623 665 1707 lum,
712 1628 773 1687 et
815 1625 989 1708 gesta
1033 1619 1114 1686 ab
1155 1619 1258 1687 his
1297 1619 1511 1686 valent
1545 1640 1619 1686 ac
1657 1618 1708 1685 si
1750 1621 1890 1685 acta
1930 1615 2197 1683 fuissent
2233 1614 2315 1681 ab
2353 1613 2690 1701 omnibuS,

416 1750 452 1789 «
499 1725 750 1792 etiamsi
799 1724 913 1812 qui
963 1728 1407 1791 convenerunt
1442 1729 1649 1791 essent
1685 1723 1755 1790 in
1800 1721 2042 1789 minori
2087 1741 2362 1787 numero
2408 1720 2691 1787 duarum

418 1854 453 1894 «
502 1830 784 1921 partium
833 1852 906 1896 ex
942 1830 1172 1899 tribus,
1227 1828 1409 1898 Ratio
1449 1834 1568 1913 est,
1603 1828 1756 1918 quia
1800 1827 2172 1895 convocatio
2224 1825 2387 1893 facta
2430 1847 2549 1916 per
2577 1827 2696 1894 ha-

423 1959 459 1998 «
502 1936 761 2007 bentem
787 1936 1257 2020 auctoritatem,
1293 1956 1665 2026 comparere
1691 1939 2036 2001 renuentes
2077 1932 2404 2001 constituit
2425 1934 2497 1999 in
2528 1954 2701 2000 con-

421 2065 456 2105 «
502 2043 807 2126 tumacia,
839 2043 965 2111 hoc
998 2049 1117 2128 est,
1149 2043 1515 2110 voluntaria
1553 2041 2012 2126 inobedientia,
2047 2046 2108 2108 et
2144 2041 2246 2108 uti
2283 2045 2704 2110 contumaces

409 2167 463 2234 ὃ(
501 2146 826 2215 habentur
843 2169 962 2238 pro
975 2147 1087 2216 illa
1103 2149 1245 2217 vice
1261 2149 1472 2239 quoad
1493 2153 1707 2215 actum
1726 2147 1943 2234 illum,
1959 2169 2033 2214 ac
2055 2147 2110 2213 si
2128 2169 2260 2214 non
2279 2148 2581 2215 essentde
2603 2169 2707 2215 ca·

432 2276 466 2315 «
513 2255 722 2345 pitulo
746 2282 765 2342 ;
788 2260 853 2322 et
871 2254 1039 2322 valet
1058 2255 1231 2344 quod
1256 2254 1501 2322 faciunt
1511 2253 1747 2344 reliqui
1764 2252 2143 2344 capitulares
2157 2254 2270 2342 qui
2287 2259 2629 2320 venerunt.
2664 2277 2701 2317 »

514 2386 552 2426 «
599 2360 769 2429 Huic
793 2367 1008 2428 autem
1038 2361 1345 2430 doctrinae
1374 2383 1509 2429 non
1536 2361 1742 2428 obstat
1762 2361 1936 2449 quod
1963 2359 2379 2450 quamplures
2406 2359 2708 2444 tradunt,

432 2494 466 2534 «
510 2488 672 2558 opus
694 2487 827 2534 esse
850 2465 928 2533 ad
955 2467 1478 2535 constituendum
1499 2466 1859 2557 capitulum
1879 2472 1940 2535 et
1963 2466 2424 2558 expediendum
2448 2473 2714 2551 actum,

430 2598 465 2636 «
511 2573 683 2660 quod
712 2572 1060 2640 adveniant
1085 2579 1148 2640 et
1174 2573 1305 2641 sint
1332 2579 1675 2663 praesentes
1699 2574 1771 2640 in
1790 2574 1933 2641 loco
1959 2573 2298 2664 capitulari
2321 2572 2463 2640 duae
2486 2579 2722 2661 partes

432 2703 469 2742 «
512 2699 586 2745 ex
630 2677 840 2745 tribus
882 2680 1347 2747 canonicorum
1395 2680 1818 2748 residentium
1849 2686 1914 2748 et
1945 2681 2325 2748 habentium
2364 2700 2600 2746 vocem
2649 2680 2721 2747 in

433 2810 469 2850 «
512 2784 795 2874 capitulo
817 2808 835 2870 3
868 2785 1023 2876 quia
1050 2786 1207 2880 dicti
1234 2787 1521 2855 doctores
1548 2788 1907 2877 loquuntur
1929 2788 2008 2854 de
2042 2787 2323 2876 capitulo
2350 2785 2718 2870 ordinario,

435 2917 470 2957 ε(
508 2891 588 2958 ad
633 2892 806 2980 quod
850 2893 1167 2961 accedunt
1204 2915 1338 2962 non
1367 2894 1650 2961 intimati
1676 2901 1787 2961 aut
1815 2894 2016 2974 citati,
2047 2898 2110 2961 et
2145 2897 2478 2983 propterea
2515 2914 2717 2961 excu-

435 3024 471 3062 «
517 3003 744 3065 santur
768 3020 805 3064 a
833 2999 1263 3069 contumacia.
1316 3025 1351 3063 ι)
2405 3075 2412 3082 .

524 3127 562 3167 «
604 3102 926 3174 Gaeterum
944 3105 1273 3174 canonicis
1289 3105 1650 3174 secundum
1670 3106 1937 3174 modum
1959 3106 2251 3174 debitum
2271 3107 2507 3189 citatis,
2524 3108 2728 3196 jussu

434 3235 472 3275 ι(
515 3210 800 3299 praefecti
829 3211 929 3278 vel
957 3212 1220 3279 alterius
1248 3213 1327 3280 ad
1364 3235 1563 3303 quern
1591 3236 1666 3281 ex
1695 3213 2109 3303 dispositione
2136 3215 2353 3282 statuti
2377 3214 2640 3297 attinet,
2670 3224 2734 3282 et

438 3340 474 3378 κ
522 3317 747 3383 multis
789 3338 920 3384 non
966 3321 1492 3409 comparentibus
1536 3321 1607 3387 in
1643 3320 1827 3388 solito
1855 3322 1959 3389 vel
1988 3321 2321 3410 designato
2365 3323 2533 3403 loco,
2588 3344 2733 3390 non

441 3441 476 3481 ι(
521 3418 734 3485 solum
780 3422 989 3510 major
1026 3445 1196 3511 pars,
1253 3423 1361 3492 sed
1407 3431 1539 3492 tres
1567 3429 1819 3492 tantum
1871 3428 2168 3494 canonici
2217 3426 2334 3516 qui
2382 3430 2736 3495 convocati

443 3548 478 3589 ι(
523 3534 1052 3615 comparuerunt,
1081 3535 1348 3619 possunt
1385 3529 1641 3620 explere
1683 3535 1945 3617 actum;
1989 3531 2044 3599 si
2082 3534 2353 3622 quidem
2393 3535 2738 3601 ternarius

441 3655 478 3697 «
525 3652 839 3700 numerus
863 3633 1014 3701 facit
1039 3635 1417 3725 capitulum.
1444 3634 1759 3716 Quinimo
1785 3635 1940 3721 duo,
1962 3636 2067 3704 vel
2094 3660 2289 3722 unus,
2312 3637 2456 3706 aliis
2483 3658 2743 3706 convo-

443 3764 478 3804 «
523 3738 678 3807 catis
709 3744 772 3807 et
793 3738 864 3806 in
892 3740 1173 3829 termino
1200 3763 1333 3808 non
1363 3742 1799 3829 venientibus,
1832 3751 2102 3833 possunt
2138 3750 2202 3812 et
2235 3749 2442 3834 potest
2482 3744 2743 3833 eligere

442 3869 478 3909 «
524 3850 586 3911 et
607 3850 826 3924 actum
852 3847 1132 3936 explere,
1163 3847 1561 3915 nominando
1588 3869 1803 3915 coram
1834 3849 2045 3917 scriba
2070 3856 2135 3916 et
2158 3850 2448 3918 testibuS.
2499 3873 2539 3913 »

531 3973 567 4010 «
605 3948 685 4015 Et
708 3952 1004 4037 quamvis
1032 3951 1391 4040 capitulum
1419 3952 1501 4018 ab
1528 3951 1714 4019 initio
1737 3974 1854 4043 per
1887 3975 2098 4022 unum
2136 3954 2387 4022 institui
2415 3964 2743 4044 nequeat,

444 4077 480 4117 «
527 4052 582 4118 si
621 4061 835 4121 tamen
864 4056 946 4123 ad
972 4078 1183 4123 unum
1223 4056 1577 4144 redigatur,
1608 4058 1826 4127 adhuc
1868 4066 2072 4148 potest
2113 4083 2350 4128 nomen
2391 4062 2746 4148 retinere3

448 4181 484 4221 «
529 4179 661 4225 non
684 4159 836 4249 quia
872 4183 1043 4229 unus
1069 4162 1149 4229 sit
1177 4162 1560 4253 capitulum,
1591 4163 1701 4231 sed
1729 4164 1881 4254 quia
1906 4167 2059 4254 jura
2081 4173 2145 4233 et
2172 4166 2512 4257 privilegia
2544 4170 2752 4259 capi-

449 4288 484 4328 «
532 4264 653 4332 tuli
707 4263 1070 4333 devolutive
1095 4268 1375 4336 resident
1402 4270 1472 4336 in
1504 4269 1617 4337 illo
1644 4290 1802 4349 unc,
1829 4271 1946 4359 qui
1981 4293 2056 4339 eo
2093 4294 2242 4340 casu
2277 4294 2393 4362 pro
2422 4271 2752 4363 pluribus

451 4396 484 4434 «
531 4369 991 4437 consideratur.
1036 4395 1068 4430 »
