2930 4982
385 344 528 403 -332
1373 356 1720 404 ‘suenrus

396 482 807 549 contumaces
845 482 1238 572 procedendi
1274 481 1352 549 ad
1388 479 1818 570 privationem
1843 478 2342 548 canonicatuum
2382 499 2499 545 seu
2526 500 2689 569 prae·

398 581 783 655 bendarum.

484 689 769 760 Cautum
810 701 902 764 est
945 718 982 764 a
1020 717 1204 765 sacro
1249 695 1523 764 concilio
1564 692 1947 761 Tridentino
1995 695 2166 782 (sess.
2212 691 2325 775 24,
2361 713 2420 759 c.
2465 690 2575 782 12)
2616 698 2689 760 ut

397 815 526 864 non
574 802 926 869 residentes
961 803 1178 892 primo
1220 824 1391 870 anno
1430 801 1771 891 priventur
1807 798 2079 867 dimidia
2125 804 2307 889 parte
2350 797 2682 866 fructuum

394 924 560 991 quos
610 909 856 976 ratione
909 910 1270 999 proebendae
1312 931 1385 977 ac
1421 908 1783 976 residentiae
1826 907 2108 974 facerent
2155 927 2351 974 suos:
2406 905 2683 975 secundo

395 1029 550 1077 vero
570 1032 742 1080 anno
770 1014 1068 1103 privandi
1101 1021 1254 1083 sunt
1279 1015 1594 1083 omnibus
1623 1012 1982 1099 fructibus3
2014 1017 2077 1079 et
2110 1016 2437 1079 crescente
2461 1031 2682 1080 eorum

397 1120 829 1204 contumacia,
867 1120 945 1188 ad
975 1122 1409 1211 privationem
1458 1118 1871 1188 canonicatus
1895 1124 1988 1186 est
2017 1117 2528 1207 procedendum.
2562 1116 2683 1185 Ne-

397 1241 567 1290 cesse
592 1228 804 1290 tamen
835 1233 927 1292 est
954 1225 1127 1314 quod
1155 1226 1517 1316 Episcopus
1547 1225 1767 1293 volens
1796 1224 2139 1315 procedere
2162 1223 2237 1290 ad
2257 1223 2681 1313 privationem

396 1348 470 1394 ex
499 1349 688 1397 causa
708 1352 836 1398 non
864 1329 1227 1398 residentiae
1258 1331 1555 1399 observet
1586 1351 1934 1421 poenarum
1975 1328 2217 1418 gradus
2247 1348 2285 1395 a
2309 1328 2485 1395 dicto
2520 1327 2681 1418 capi-

393 1435 533 1503 tulo
558 1437 896 1504 conciliari
921 1438 1369 1528 praescriptos:
1398 1437 1717 1528 praecedat
1735 1436 1950 1504 citatio
1977 1434 2355 1525 personaliS,
2388 1434 2684 1524 quodque

394 1544 750 1611 canonicus
788 1543 870 1611 sit
906 1550 1255 1613 contumax
1296 1545 1365 1612 in
1414 1566 1549 1612 non
1588 1542 1928 1611 residendo
1969 1564 2084 1633 per
2115 1541 2474 1609 triennium
2508 1540 2686 1632 (Bar-

394 1646 573 1727 bosa,
605 1669 747 1738 cap.
780 1649 890 1732 12,
918 1672 986 1717 n.
1013 1651 1097 1718 70
1110 1677 1129 1736 3
1162 1689 1253 1704 —
1281 1648 1666 1725 Benedictus
1683 1646 1865 1733 XIV,
1894 1648 2216 1716 institutio
2247 1646 2394 1726 107,
2428 1645 2572 1734 §63
2598 1684 2687 1699 —-

390 1749 572 1839 Rota,
604 1776 822 1821 coram
854 1754 1157 1846 Seraph.,
1190 1756 1387 1823 decis,
1441 1754 1643 1833 1346,
1677 1778 1744 1823 n.
1787 1753 1877 1845 5).
1915 1755 2122 1822 Aliter
2158 1754 2335 1821 enim
2363 1753 2528 1820 facta
2554 1754 2688 1843 pri-

390 1861 559 1927 vatio
591 1867 685 1929 est
713 1863 921 1950 nulla,
954 1868 1027 1929 ut
1064 1865 1259 1930 etiam
1297 1864 1563 1931 resolvit
1587 1863 1785 1931 Sacra
1822 1862 2252 1951 Congregatio
2290 1860 2556 1928 concilii
2593 1861 2681 1952 (in

390 1964 771 2036 Cathacensi
820 1969 903 2037 14
934 1970 1307 2037 novembris
1347 1969 1572 2059 1671).
1622 1968 1811 2049 Quod
1842 1968 1898 2036 si
1933 1970 2343 2058 ignoraretur
2392 1990 2523 2057 quo
2559 1968 2681 2035 loci

391 2075 739 2143 canonicus
785 2076 918 2143 sive
958 2077 1379 2145 beneficiatus
1409 2077 1692 2164 degeret,
1725 2075 1828 2142 vel
1855 2076 2050 2142 etiam
2094 2075 2147 2142 si
2181 2096 2315 2142 non
2339 2074 2679 2142 haberetur

387 2186 569 2249 tutus
591 2203 883 2250 accessus
904 2205 1020 2273 pro
1048 2184 1424 2273 exequenda
1445 2182 1769 2273 personali
1798 2183 2127 2265 citatione,
2161 2186 2321 2248 tunc
2349 2181 2499 2248 satis
2525 2186 2678 2248 esset

391 2290 609 2356 citatio
630 2311 745 2380 per
757 2291 1041 2358 edictum
1063 2291 1330 2358 affixum
1355 2291 1435 2358 ad
1454 2292 1671 2359 valvas
1690 2290 1977 2358 ecclesiae
1996 2289 2111 2356 ubi
2132 2294 2228 2356 est
2239 2288 2669 2356 canonicatus

390 2390 787 2481 Hujusmodi
826 2419 979 2465 vero
1024 2399 1237 2466 citatio
1272 2398 1455 2467 debet
1500 2400 1829 2466 continere
1884 2396 2384 2485 assignationem
2424 2417 2675 2485 compe-

389 2499 581 2566 tentis
618 2503 883 2568 termini
913 2504 992 2570 ad
1022 2503 1457 2591 redeundum,
1491 2504 1757 2571 arbitrio
1799 2500 2066 2593 Judicis*
2083 2504 2268 2592 juxta
2313 2501 2679 2569 distantiam

386 2601 538 2689 loci,
586 2607 922 2693 qualitates
952 2631 1237 2699 personae
1285 2618 1347 2677 et
1383 2611 1720 2702 temporis,
1770 2632 1924 2677 cum
1977 2629 2269 2700 expressa
2314 2606 2676 2675 commina-

386 2709 559 2778 tione
613 2734 820 2803 poenae
852 2713 1227 2805 privationis
1255 2717 1427 2784 tituli
1458 2718 1899 2800 canonicatuS,
1944 2738 2099 2784 cum
2133 2714 2394 2783 termino
2416 2733 2673 2804 ⁴perem-

390 2819 623 2908 ptori0.
650 2817 965 2889 Citatione
990 2829 1247 2890 executa
1263 2824 1457 2891 semel
1473 2824 1946 2914 personaliter,
1979 2824 2194 2913 elapso
2216 2820 2487 2890 termino
2513 2840 2678 2910 prae-

391 2925 587 3004 dictu,
618 2932 679 2994 et
707 2929 1021 2996 canonico
1044 2951 1176 2998 non
1223 2930 1553 3013 redeunte,
1604 2931 1707 2999 vel
1745 2932 1990 3020 justam
2016 2951 2278 2998 causam
2306 2950 2442 2996 non
2484 2925 2674 2994 addu-

391 3037 597 3115 cente,
661 3034 903 3123 absque
962 3035 1088 3103 alia
1146 3039 1447 3105 citatione
1496 3038 1856 3128 privandus
1896 3043 1990 3104 est
2029 3036 2216 3104 titulo
2265 3035 2674 3102 canonicatus

384 3137 568 3225 juxta
615 3140 895 3209 formam
932 3145 1159 3233 capitis
1203 3146 1317 3211 Ea:
1348 3158 1576 3235 parte,
1629 3144 1709 3212 de
1766 3143 2027 3211 Clerieis
2054 3165 2191 3211 non
2218 3137 2670 3210 residentibus.

391 3242 519 3311 Ubi
537 3267 691 3313 vero
717 3250 1070 3317 canonicus
1089 3257 1248 3318 esset
1268 3251 1521 3334 absenS,
1550 3257 1612 3319 et
1640 3251 1741 3318 vel
1771 3251 2015 3318 ratione
2045 3271 2178 3317 non
2206 3248 2334 3316 tuti
2362 3266 2673 3326 accessuS,

390 3369 503 3414 seu
527 3351 681 3437 quia
710 3355 1064 3423 nesciretur
1092 3357 1206 3423 ubi
1233 3363 1622 3442 moraretur,
1654 3377 1782 3423 non
1815 3363 2025 3445 posset
2050 3356 2187 3422 fieri
2218 3354 2440 3422 citatio
2455 3372 2677 3442 perso-

392 3453 596 3537 naliS,
631 3461 788 3524 tunc
805 3460 990 3547 juxta
1030 3461 1307 3529 formam
1339 3463 1565 3552 capitis
1598 3464 1713 3530 Ex
1737 3473 1895 3540 tuoe,
1935 3461 2014 3529 de
2059 3461 2326 3529 Clericis
2367 3482 2504 3527 non
2526 3457 2675 3525 resi·

392 3557 697 3629 dentibus
741 3563 999 3633 deberet
1054 3568 1263 3655 citari,
1308 3569 1610 3636 videlicet
1648 3568 1855 3636 tribus
1905 3558 2225 3637 distinctis
2267 3567 2519 3648 edictis,
2550 3583 2675 3632 non

391 3676 607 3737 autem
637 3692 769 3737 uno
799 3677 1075 3759 tantum,
1102 3674 1423 3742 nimirum
1447 3675 1797 3744 dividendo
1822 3676 2178 3742 terminum
2204 3675 2274 3741 in
2299 3679 2430 3741 tres
2450 3674 2670 3763 partes.

481 3773 667 3854 Quod
696 3777 746 3844 si
769 3800 882 3867 per
914 3784 1143 3847 statuta
1172 3781 1462 3871 capituli,
1511 3783 1643 3849 sive
1686 3781 2042 3875 synodalia,
2083 3781 2421 3847 decretum
2460 3777 2676 3844 fuisset

392 3885 817 3950 necessariam
867 3905 998 3951 non
1042 3886 1174 3955 fore
1218 3888 1591 3976 praedictam
1634 3887 1953 3955 citationis
2014 3887 2514 3962 solemnitatem,
2571 3879 2674 3948 sed

393 3981 683 4055 absentes
710 3991 850 4079 ipso
878 3989 1042 4059 facto
1066 3993 1498 4081 privationem
1517 3993 1880 4080 incurrere,
1908 4016 2042 4063 non
2084 3999 2245 4061 esset
2272 3997 2433 4059 tunc
2460 4006 2673 4056 neces-

394 4088 560 4154 saria
577 4093 697 4159 ista
725 4097 965 4183 citatio,
998 4101 1135 4186 sed,
1167 4122 1240 4168 ea
1274 4100 1536 4185 omissa,
1572 4108 1784 4192 posset
1821 4100 2081 4191 procedi
2110 4100 2190 4167 ad
2220 4097 2667 4190 privationem.

394 4193 495 4262 Ad
520 4194 820 4267 effectum
841 4206 1126 4274 evitandi
1143 4210 1486 4276 incursum
1513 4208 1831 4276 dictarum
1850 4228 2221 4299 poenarum,
2251 4211 2313 4272 et
2326 4205 2522 4271 etiam
2548 4196 2677 4290 pri-

393 4301 668 4371 vationis
693 4305 866 4372 tituli
913 4314 1351 4396 canonicatus,
1397 4338 1531 4383 non
1564 4315 1801 4383 sufficit
1820 4314 1952 4383 sola
1980 4312 2319 4405 praesentia
2338 4310 2410 4377 in
2431 4308 2677 4376 civitate

394 4416 454 4474 et
483 4408 623 4477 loco
650 4409 765 4477 ubi
793 4416 888 4478 est
909 4411 1195 4483 ecclesia.
1221 4416 1388 4485 Cum
1414 4406 1671 4488 sacrum
1701 4419 2061 4488 concilium
2086 4417 2374 4508 requirat
2396 4411 2678 4482 residen-
