2930 4982
418 326 495 417 2}
507 363 542 417 6
1394 364 1731 412 TRACTATUS
1752 435 1757 438 .

415 492 737 580 majorem
776 486 1022 553 liabent
1033 496 1471 575 potestatem.
1488 536 1533 553 ..
1570 507 1773 574 quam
1786 482 2115 574 proesenti
2138 481 2393 551 decreto
2421 484 2514 552 sit
2541 506 2693 553 com·

409 595 832 686 prehensum.

508 703 571 769 1.
620 699 795 767 Intra
836 704 1094 785 tempus
1119 695 1530 778 visitationis,
1587 695 1720 763 sive
1764 694 2045 785 capitula
2096 698 2226 763 sint
2262 701 2552 787 exempta
2581 698 2693 765 sive

412 830 572 890 non,
610 810 814 897 potest
836 802 1197 894 Episcopus
1222 823 1674 891 quoscumque
1695 802 1774 868 de
1794 801 2079 891 capitulo
2106 802 2391 890 visitare,
2418 808 2481 871 et
2504 805 2693 894 poenis

414 913 761 1002 corrigere,
814 910 1010 976 etiam
1065 930 1196 975 non
1248 908 1561 976 adhibitis
1614 907 1870 976 duobus
1909 907 2238 997 adjunctis
2265 910 2343 977 de
2398 910 2689 999 capitulo,

412 1042 567 1091 cum
610 1018 942 1085 decretum
963 1013 1422 1084 Tridentinum
1452 1036 1585 1081 non
1610 1013 1985 1104 praescribat
2003 1014 2167 1082 duos
2192 1014 2559 1104 adjunctos,
2587 1017 2693 1085 nisi

411 1122 671 1215 quando
698 1120 1053 1211 Episcopus
1080 1119 1223 1187 vult
1248 1119 1593 1209 procedere
1622 1132 1815 1187 eastra
1864 1118 2334 1188 visitationem.

499 1230 564 1296 2.
622 1226 769 1295 Non
827 1231 1033 1317 potest
1083 1230 1301 1292 tamen
1329 1257 1334 1260 2
1359 1224 1543 1292 intra
1600 1236 1860 1316 tempus
1916 1226 2319 1295 visitationis
2379 1229 2691 1313 imponere

409 1357 633 1428 poenas
679 1332 1034 1401 ordinarias
1077 1353 1194 1422 per
1236 1331 1516 1399 formam
1555 1332 1973 1422 judicialem,
2002 1334 2138 1401 sed
2183 1334 2692 1401 extraordinarias

407 1447 688 1524 tantum,
720 1460 869 1530 quae
897 1459 1134 1528 nempe
1160 1437 1631 1506 correctionem
1670 1438 1880 1527 magis
1909 1461 2107 1528 quam
2139 1440 2550 1529 punitionem
2573 1460 2693 1507 res-

411 1549 682 1641 piciant,
732 1549 796 1613 et
823 1565 959 1613 non
989 1566 1108 1634 per
1137 1544 1313 1611 viam
1334 1542 1747 1633 judicialem.
1778 1544 1969 1613 Sacra
1997 1545 2419 1637 Congregatio
2448 1544 2696 1615 concilii

405 1652 506 1744 (in
528 1648 916 1735 Conckensi,
935 1646 1022 1715 23
1048 1647 1420 1715 novembris
1442 1648 1640 1732 1647,
1667 1649 1834 1718 libro
1860 1650 1942 1717 18
1961 1650 2389 1734 decretorum,
2412 1652 2516 1719 fol.
2538 1649 2693 1739 445)

409 1760 490 1828 ad
539 1758 824 1827 dubium
858 1755 1010 1823 :An
1053 1754 1454 1845 Episcopus,
1498 1756 1634 1823 sive
1681 1756 1823 1845 ejus
1872 1753 2158 1825 vicarius
2211 1770 2509 1826 teneatur
2547 1756 2697 1823 dum

410 1865 647 1933 visitat
679 1861 1022 1931 ecelesiam
1053 1860 1509 1929 cathedralem
1539 1874 1601 1929 et
1618 1885 1938 1953 personas
1967 1864 2379 1955 capitulares
2406 1862 2696 1931 adhibere

412 1970 762 2061 adjunctos
793 1964 1161 2057 conjudices
1192 1991 1235 2034 a
1256 1966 1557 2059 capitulo
1587 1969 1946 2058 quotannis
1971 1969 2334 2060 eliqendm,
2360 1970 2468 2038 vel
2488 1971 2694 2061 potius

409 2078 541 2146 soli
547 2076 815 2168 possint
818 2095 948 2164 per
975 2072 1223 2161 seipsos
1246 2071 1625 2163 procedere,
1667 2073 2177 2163 informationes
2204 2099 2488 2164 sumere,
2512 2074 2692 2144 corri-

411 2206 585 2274 qere,
620 2204 697 2250 ac
724 2178 999 2271 punire,
1053 2178 1255 2246 nulla
1292 2193 1517 2246 tamen
1565 2191 1833 2247 servata
1852 2183 2080 2271 forma
2093 2182 2359 2273 judicii,
2404 2206 2518 2251 seu
2551 2204 2692 2273 pro-

416 2312 594 2360 cessu
643 2285 1013 2377 compilato
1037 2324 1126 2336 —
1155 2284 1545 2376 Respondit:
1575 2289 1771 2354 Posse
1793 2287 1864 2354 in
1894 2287 2292 2374 visitatione,
2328 2290 2571 2379 absque
2594 2285 2693 2355 ad-

402 2396 662 2490 junctis
722 2390 1204 2483 conjudicibus,
1269 2391 1616 2460 ecclesiam
1671 2391 2124 2462 cathedralem
2182 2405 2246 2463 et
2303 2394 2693 2485 capitulares

413 2501 714 2578 visitare,
767 2499 982 2588 eisque
1006 2520 1241 2588 poenas
1283 2497 1622 2587 imponere
1662 2500 2268 2586 eatraordinarias,
2298 2525 2443 2591 quoe
2484 2499 2696 2589 maqis

412 2629 675 2676 morum
706 2603 1185 2694 eorreptionem
1210 2625 1414 2691 quam
1436 2602 1863 2694 punitionem
1894 2608 2288 2698 respiciant;
2316 2629 2446 2675 non
2473 2617 2698 2672 autem

413 2724 603 2782 extra
651 2709 1126 2791 visitationem,
1177 2708 1447 2799 quando
1495 2723 1731 2779 contra
1760 2713 2162 2803 capitulares
2190 2708 2290 2782 ad
2315 2736 2554 2806 poenas
2591 2733 2696 2779 ex-

417 2815 903 2887 traordinarias
936 2813 1337 2905 procederet.
1379 2812 1600 2907 (Apud
1641 2815 2192 2905 Scarfantoniurn,
2244 2827 2291 2888 t.
2330 2821 2409 2906 ll,
2446 2843 2512 2910 p.
2551 2819 2692 2904 131,

418 2925 571 2994 edit.
600 2925 823 3008 Lucae,
861 2920 1087 3012 1723.)

509 3030 574 3099 3.
600 3030 706 3099 An
732 3030 1088 3121 Episcopus
1115 3037 1307 3094 extra
1336 3028 1793 3098 visitationem
1822 3032 2174 3121 procedens
2201 3037 2498 3101 teneatur
2524 3032 2696 3100 adhi-

418 3139 571 3207 bere
608 3138 768 3205 duos
809 3135 1147 3223 adjunctos
1190 3134 1560 3222 conjudices
1602 3157 1640 3202 a
1692 3138 1975 3226 capitulo
2013 3139 2289 3208 electos?
2320 3178 2409 3190 —
2444 3138 2697 3207 Certum

420 3249 512 3311 est
540 3244 727 3311 illum
755 3241 833 3310 ad
856 3241 922 3307 id
942 3240 1176 3330 teneri,
1206 3239 1469 3327 quando
1496 3240 1859 3330 capitulum
1885 3249 1978 3310 est
2003 3250 2401 3336 exemptum.
2440 3244 2525 3312 De
2551 3262 2700 3310 casu

419 3370 571 3416 vero
609 3369 739 3437 quo
764 3345 1124 3436 capitulum
1169 3367 1301 3413 non
1332 3353 1494 3414 esset
1523 3354 1921 3438 exemptum,
1954 3350 2115 3418 olim
2141 3351 2538 3442 disputatum
2558 3353 2656 3415 est
2680 3368 2696 3428 ;

423 3453 532 3520 sed
562 3453 703 3542 jam
753 3472 798 3529 a,
841 3452 1050 3519 multo
1079 3460 1392 3542 tempore,
1432 3457 1584 3520 teste
1623 3453 1953 3523 Cardinali
2000 3456 2077 3524 de
2105 3457 2284 3524 Luca
2310 3463 2374 3525 'et
2395 3455 2699 3524 recentio-

422 3561 604 3630 ribus
631 3556 1000 3638 canonistis‚
1034 3565 1109 3625 ut
1137 3562 1390 3625 certum
1419 3557 1808 3645 admittitur,
1856 3563 2409 3654 praescriptionem
2436 3562 2703 3630 Triden-

421 3670 545 3738 tini
589 3668 671 3735 de
711 3664 1097 3735 adhibendis
1139 3666 1463 3753 adjunctis
1503 3688 1634 3734 non
1674 3667 1875 3757 ligare
1922 3668 2272 3760 Episcopos
2328 3669 2457 3737 nisi
2499 3661 2703 3756 quoad

419 3775 699 3867 capitula
720 3778 1040 3862 exempta,
1070 3778 1145 3839 ut
1170 3771 1327 3842 alibi
1356 3773 1719 3858 docuimus

506 3881 575 3947 4.
624 3879 1018 3948 Praedictum
1056 3879 1166 3965 jus
1199 3877 1514 3968 Episcopi
1547 3878 1618 3944 in
1666 3879 1950 3970 capitula
1980 3884 2041 3948 et
2064 3879 2463 3947 cathedrales
2496 3880 2710 3944 exten-

416 3983 593 4051 ditur
611 3984 691 4051 ad
712 3984 986 4075 capellas
1014 3981 1144 4048 sive
1164 3983 1462 4051 ecclesias
1487 3983 1697 4050 eidem
1725 3985 2076 4054 cathedrali
2104 4006 2415 4068 annexas,
2438 4002 2583 4072 quae
2616 3998 2709 4045 se-

416 4092 715 4180 quuntur
746 4095 1047 4163 naturam
1080 4088 1484 4180 principalis.
1513 4089 1705 4182 (Vide
1732 4091 2280 4180 Scarfantonfflm,
2307 4091 2448 4159 loco
2473 4081 2715 4170 citato.)

505 4195 573 4265 5.
611 4194 775 4261 Item
807 4197 1301 4286 comprehendit
1342 4197 1970 4270 administrationem
2008 4200 2366 4282 redituum,
2402 4216 2527 4265 non
2564 4198 2718 4258 tan-

412 4312 560 4374 tum
612 4298 1103 4381 canonicorum,
1165 4304 1273 4369 sed
1316 4310 1377 4370 et
1415 4306 1949 4376 beneficiatorum
1994 4313 2055 4375 et
2086 4306 2348 4374 fabricae
2396 4297 2711 4371 ecclesiae.

412 4409 607 4479 Sacra
663 4403 1091 4495 Congregatio
1140 4406 1233 4494 (in
1279 4411 1756 4498 Seqobricensi,
1787 4436 1960 4483 anno
2008 4413 2205 4497 1590,
2252 4413 2302 4481 l.
2333 4412 2375 4479 6
2425 4409 2720 4477 decreto-
