2930 4982
283 394 325 447 ⁴2
1198 454 1207 461 ‚
1261 404 1606 452 TRACTATUS

1183 640 1570 712 SECTIO
1643 643 1669 711 Ι

350 818 515 883 QUID
563 817 666 873 SIT
711 817 942 884 QUOAD
991 817 1120 873 SUA
1165 817 1647 873 CONSTITUTIVA
1701 819 2310 892 FUNDAMENTMJA,
2367 825 2491 880 SEU

1070 921 1158 975 DE
1195 922 1408 977 IPSIUS
1450 923 1781 978 ESSENTIA

1224 1141 1515 1203 CAPUT
1579 1144 1599 1201 1

620 1274 694 1350 1513
745 1303 1153 1350 GAPITULORUM
1200 1304 1621 1353 INSTITUTIONE
1661 1308 1840 1354 NOTIO
1890 1307 2205 1354 HISTORICA

370 1487 404 1524 «
432 1458 739 1525 Eminent
767 1457 836 1522 in
862 1456 1234 1544 antiquitate
1279 1456 1635 1546 splendidis
1665 1458 1997 1548 conspicui
2027 1459 2558 1529 attributionibus

273 1594 312 1632 «
344 1565 678 1635 Canonici.
707 1587 740 1628 »
764 1562 1009 1655 (Nardi,
1039 1562 1164 1630 Dei
1185 1561 1492 1648 Ράνοοήἱ,
1518 1569 1679 1631 tom.
1704 1563 1785 1651 ll,
1813 1586 1962 1655 pag.
1990 1563 2173 1654 209.)
2198 1564 2369 1646 Quas
2400 1587 2556 1656 prae·

269 1672 584 1761 rogativas
600 1671 670 1737 in
684 1670 808 1737 hac
828 1669 1268 1737 dissertatione
1294 1677 1949 1755 commemoraturus,
1969 1674 2186 1739 statim
2203 1671 2284 1738 ab
2299 1673 2556 1740 exordio

268 1778 683 1868 praemonitos
724 1776 989 1843 lectores
1029 1777 1201 1863 v010‚
1234 1798 1316 1844 ne
1383 1777 1541 1865 quid
1588 1779 1833 1847 sinistri
1886 1778 2188 1846 adversus
2233 1784 2551 1847 recentem

266 1884 564 1952 Ecclesiae
592 1881 998 1971 disciplinam
1037 1882 1104 1948 in
1152 1887 1364 1949 mente
1409 1884 1765 1969 revolvant,
1795 1906 2004 1974 quum
2054 1884 2333 1952 viderint
2369 1884 2556 1975 Capi-

265 1991 553 2059 tulorum
603 1991 881 2081 priscam
935 1990 1006 2055 in
1035 1989 1364 2077 aliquibus
1401 1996 1787 2058 coarctatam
1825 1991 2319 2082 praepotentiam
2351 1992 2554 2081 'atque

265 2099 613 2166 imminuta
649 2098 824 2186 jura.
887 2095 1232 2164 Recordari
1290 2098 1468 2164 enim
1521 2098 1775 2181 debent,
1812 2098 1973 2181 haec,
2029 2101 2554 2186 quantacumque

261 2204 418 2272 olim
466 2203 726 2282 fuerint,
756 2225 890 2270 non
938 2225 1013 2270 ex
1056 2203 1192 2270 ulla
1234 2202 1635 2272 institutione
1685 2204 1929 2286 divina,
1981 2204 2090 2272 sed
2146 2225 2221 2270 ex
2262 2204 2550 2294 discipli·

262 2312 406 2378 nari
438 2317 499 2376 et
524 2300 818 2375 variabili
850 2308 1152 2377 Ecclesiae
1196 2311 1603 2379 ordinatione
1630 2310 1945 2402 Capitulis
1986 2310 2335 2377 inhaesisse.
2363 2309 2552 2390 Quod

262 2438 416 2483 cum
467 2415 538 2481 in
579 2414 866 2481 confesso
908 2414 989 2482 sit
1033 2416 1228 2482 etiam
1259 2417 1428 2507 apud
1461 2437 1567 2482 eos
1594 2419 1710 2505 qui
1751 2439 2011 2482 summo
2058 2417 2270 2483 studio
2296 2414 2553 2508 Capitu-

258 2524 476 2591 lorum
495 2524 648 2611 Jura
676 2523 844 2589 tueri
891 2530 1234 2612 conantur,
1267 2545 1400 2591 non
1429 2529 1520 2591 est
1550 2545 1669 2591 cur
1699 2544 1927 2589 eorum
1956 2521 2131 2589 zelus
2170 2521 2550 2591 reformide-

262 2638 389 2697 tur.
428 2628 639 2695 Atini
685 2628 1150 2698 reformidandi
1199 2635 1532 2698 novatores
1576 2652 1650 2698 ac
1680 2650 1940 2719 prorsus
1991 2627 2367 2718 repellendi,
2402 2634 2544 2718 qui,

257 2735 622 2805 recentibus
667 2735 863 2802 etiam
918 2737 1343 2827 temporibUS,
1371 2735 1804 2826 parochorum
1859 2734 2332 2801 institutionem
2386 2735 2549 2802 divi-

258 2861 408 2911 nam
441 2835 869 2932 jactitarunt;'
895 2844 1011 2931 qui
1056 2842 1214 2910 dum
1258 2841 1456 2910 unico
1500 2841 1790 2910 dioecesis
1823 2840 2088 2930 pastori,
2122 2862 2358 2931 nempe
2383 2840 2548 2931 Epi—

252 2971 473 3038 scop0,
507 2951 847 3038 praetensos
889 2949 1033 3016 illos
1058 2949 1216 3016 alios
1253 2953 1556 3039 pastoreS‚
1590 2970 1667 3015 ex
1690 2947 1975 3038 quodam
1999 2943 2158 3038 ipsis
2192 2949 2457 3037 proprio
2486 2956 2548 3014 et

244 3056 476 3144 divino
496 3055 671 3145 jure,
697 3054 826 3121 fere
858 3060 1218 3143 exaequant,
1251 3056 1446 3122 totius
1497 3054 1941 3124 ecclesiasticae
1976 3053 2358 3122 hierarchiae
2396 3053 2548 3120 sub-

252 3161 613 3229 versionem
641 3166 704 3226 et
746 3161 1008 3228 ruinam
1044 3161 1411 3228 moliuntur
1447 3160 1561 3251 (1).
1592 3160 1725 3229 Nec
1751 3163 2000 3227 mirum
2029 3158 2395 3226 istiusmodi
2425 3182 2544 3227 ve·-

253 3273 518 3335 nenatos
557 3267 898 3356 scriptores
926 3271 1168 3355 quanto
1216 3264 1548 3333 ardentius
1599 3266 1900 3357 parochis
1954 3263 2189 3346 favent,
2224 3285 2297 3331 eo
2330 3265 2543 3332 acrius

251 3374 321 3441 in
357 3372 649 3463 Capitula
689 3372 952 3462 injuriis
975 3377 1167 3459 atque
1197 3359 1556 3439 niendaciis
1585 3370 1994 3438 debacchari.
2030 3368 2328 3438 Genuina
2362 3369 2540 3436 enim

252 3480 330 3547 de
359 3478 840 3546 Canonicorum
884 3476 1288 3545 institutione
1315 3484 1594 3545 reserata
1643 3477 1937 3562 historia,
1967 3477 2107 3566 jam
2138 3481 2344 3543 totum
2378 3473 2534 3552 ruit,

253 3591 324 3651 ut
363 3583 753 3672 videbimuS‚
774 3587 964 3672 atque
986 3583 1056 3651 in
1075 3582 1336 3650 fumum
1357 3584 1681 3652 evanescit
1692 3584 2192 3675 jansenisticum
2216 3581 2543 3673 presbyte-

250 3690 547 3757 rianismi
577 3694 874 3780 systema.
942 3725 945 3728 ‡

1339 3813 1442 3891 §1

833 3979 960 4024 QUID
999 3977 1192 4017 FUERIT
1233 3976 1513 4020 ANTIQUUM
1558 3975 1954 4015 PRESBYTERIUM

348 4159 384 4199 ‹<
414 4131 641 4200 Petrus
667 4113 881 4222 (cujus
928 4152 1321 4201 successores
1360 4132 1734 4199 auctoritate
1774 4131 2061 4198 minores
2104 4150 2233 4196 non
2274 4125 2446 4217 sunt)
2477 4133 2543 4194 et

260 4265 297 4303 «
326 4236 629 4328 Episcopi
656 4233 1010 4302 Ecclesiam
1050 4240 1330 4323 regunt3
1384 4240 1574 4323 atque
1601 4236 1891 4303 universi
1930 4234 2106 4302 orbis
2134 4234 2205 4300 in
2231 4233 2541 4301 dioeceses

318 4389 390 4449 (ι)
425 4385 746 4437 confutatam
769 4383 908 4434 illam
927 4384 1386 4448 presbyteriauismi
1413 4386 1695 4437 doctrinam
1724 4386 1836 4437 vide
1863 4388 1916 4435 in
1938 4398 2053 4437 meo
2076 4384 2315 4435 Tractatu
2339 4382 2410 4432 De
2434 4382 2540 4431 Pa·

256 4464 416 4515 rocho·
