2930 4982
357 376 480 433 462
1331 380 1678 427 ‘tmen-rus

365 531 397 571 «
439 504 535 574 uti
567 503 1124 593 singuli3excepto
1157 500 1493 568 dumtaxat
1515 521 1665 567 casu
1692 496 2263 567 administrationis
2287 518 2646 567 sacramen-

365 637 397 675 «
439 615 678 690 torum,
725 630 895 697 quie,
934 612 1074 674 tum
1119 628 1197 674 ex
1242 606 1673 673 rubricarum
1719 605 2118 695 praescripto,
2162 609 2300 671 tum
2338 626 2413 670 ex
2443 602 2649 674 Sacrae

363 744 397 783 «
443 714 977 807 Congregationis
1005 712 1591 801 decretiS,exigunt
1606 733 1802 780 usum
1832 711 2283 803 superpellicei
2306 716 2370 777 et
2387 711 2644 780 stolae...

362 851 395 891 «
442 824 634 891 Haud
673 830 892 891 tamen
940 821 1229 912 idipsum
1282 821 1517 911 poterit
1552 818 1961 910 (canonicus)
1992 820 2063 886 in
2100 819 2332 886 alienis
2368 818 2652 889 ecclesiis

278 952 294 968 ‘
363 959 394 997 «
442 931 546 998 vel
580 931 754 997 intra
774 929 876 996 vel
905 933 1078 995 extra
1107 927 1522 995 dioecesim...
1550 926 1898 1015 Privilegia
1928 924 2653 995 deferendicanonica-

365 1064 398 1104 ι(
445 1038 533 1105 lia
577 1034 863 1125 insignia
888 1045 1083 1101 extra
1121 1033 1479 1125 propriam
1509 1032 1869 1117 ecelesiam,
1898 1033 1999 1100 ita‘
2018 1037 2172 1100 sunt
2205 1032 2646 1122 intelligenda,

366 1170 398 1209 «
442 1149 517 1211 ut
546 1144 608 1210 id
638 1142 829 1210 liceat
855 1139 1116 1230 quando
1149 1140 1450 1207 canonici
1490 1140 1932 1228 capitulariter
1982 1140 2053 1206 in
2099 1138 2326 1206 alienis
2371 1139 2650 1208 ecclesiis

367 1277 398 1315 «
446 1270 654 1318 sacras
673 1252 996 1338 peragunt
1022 1247 1414 1329 functiones,
1451 1251 1564 1314 aut
1592 1245 1821 1313 iisdem
1867 1243 2215 1326 assistunt;
2257 1247 2518 1336 corpori
2546 1246 2649 1315 -si-

363 1381 394 1421 «
443 1355 709 1445 quidem
734 1374 1035 1422 concessa
1068 1358 1243 1435 sunt,
1274 1374 1407 1420 non
1444 1352 1776 1420 canonicis
1795 1351 1894 1419 uti
1917 1350 2216 1440 singulis.
2252 1375 2288 1415 ›>

445 1461 547 1529 Ad
577 1460 951 1529 tollendum¹
967 1459 1249 1527 abusum
1289 1458 1694 1527 contrarium
1751 1458 2156 1526 abundanter
2209 1458 2507 1526 sufficere
2547 1459 2651 1528 de·

359 1569 649 1636 buissent
665 1567 1007 1657 prtecitatae
1031 1566 1512 1634 declarationes.
1537 1563 1984 1632 Nihilominus
2011 1585 2162 1632 cum
2191 1586 2448 1654 semper
2471 1587 2649 1638 novae

358 1676 578 1742 eadem
596 1676 674 1742 de
703 1696 773 1741 re
791 1672 1220 1741 dubitationes
1249 1678 1788 1762 proponerentur,
1832 1673 2080 1741 editum
2112 1678 2230 1756 est,
2278 1675 2644 1744 auctoritate

359 1780 456 1848 Pii
512 1778 631 1847 Vll
678 1766 1167 1860 confirmatum,
1223 1777 1592 1866 decretum,
1642 1801 1720 1846 ex
1781 1801 1913 1869 quo
1961 1779 2297 1870 sequentia
2346 1781 2647 1849 transcri-

357 1886 573 1954 bimus
615 1908 631 1951 :

455 2017 491 2057 «
537 1992 718 2060 Alias
745 2011 1031 2080 quoque,
1065 2010 1139 2057 ac
1165 1989 1501 2079 speciatim
1543 1988 1614 2056 in
1640 2011 1771 2057 una
1794 1988 2191 2077 Dubiorum‚
2225 1992 2332 2060 die
2393 1992 2479 2061 10
2514 2016 2654 2085 sep-

368 2126 400 2164 «
446 2098 718 2166 tembris
748 2097 944 2175 1650,
978 2098 1046 2163 in
1073 2095 1410 2185 Capuana,
1456 2095 1540 2163 15
1563 2096 1720 2186 julii
1748 2097 1947 2185 1651,
1972 2104 2036 2165 et
2068 2099 2135 2165 in
2164 2096 2649 2183 panormitana,

369 2228 402 2268 «ι
452 2203 534 2272 12
554 2204 769 2271 martii
798 2202 999 2290 1678,
1031 2201 1255 2269 eadem
1272 2200 1470 2270 Sacra
1496 2202 1921 2293 Congregatio
1949 2204 2229 2272 decrevit
2257 2211 2331 2272 ut
2361 2208 2653 2276 canonici

368 2335 401 2375 α
448 2312 563 2401 qui
592 2333 719 2380 usu
744 2331 965 2400 cappae
992 2314 1054 2377 et
1072 2309 1345 2376 rochetti
1374 2309 1594 2377 donati
1623 2314 1799 2396 sunt,
1828 2309 2007 2378 hisce
2053 2311 2270 2378 aliisve
2295 2313 2424 2381 sibi
2453 2315 2654 2383 tribu-

367 2443 399 2482 α
446 2418 527 2484 tis
547 2418 877 2485 honorum
907 2415 1278 2505 insignibus
1305 2421 1575 2483 utantur
1598 2417 1930 2484 dumtaxat
1959 2417 2026 2483 in
2056 2417 2318 2510 propria
2359 2421 2650 2490 ecclesia.

367 2546 399 2585 «
445 2520 635 2601 Quod
664 2524 716 2589 si
746 2522 1087 2612 privilegio
1137 2522 1424 2612 polleant
1450 2544 1526 2590 ea
1569 2523 1883 2592 induendi
1911 2524 2104 2592 etiam
2155 2530 2351 2612 extra,
2385 2527 2652 2595 nonnisi

363 2652 398 2692 «
445 2628 515 2693 in
546 2627 1125 2716 supplicationibus
1155 2627 1907 2716 aliisque-ecclesiasticis
1931 2632 2368 2700 functionibus
2395 2632 2641 2719 quibus

368 2759 401 2798 ι(
447 2732 913 2824 capitulariter,
954 2753 1089 2800 non
1116 2738 1337 2800 autem
1367 2729 1467 2800 uti
1495 2736 1742 2824 singuli
1770 2731 2117 2819 intersunt,
2149 2761 2217 2805 ea
2245 2738 2485 2828 possint
2526 2738 2646 2806 ad-

365 2864 399 2904 «
444 2840 692 2909 hibere.
734 2840 851 2908 Ast
894 2862 1047 2908 cum
1077 2839 1386 2908 adversus
1434 2840 1576 2908 haec
1605 2843 1861 2932 aliaque
1892 2845 1959 2912 id
1997 2868 2204 2935 genus
2243 2841 2449 2913 Sacrae
2471 2843 2650 2914 Con-

368 2972 401 3010 «
446 2949 838 3037 gregationis
877 2948 1129 3016 decreta
1151 2947 1391 3016 abusus
1435 2949 1612 3017 haud
1642 2951 1996 3020 mediocres
2031 2954 2363 3043 irrepsisse
2387 2954 2651 3044 dignos·

366 3079 399 3118 «
447 3060 679 3121 cantur
707 3053 1287 3144 (quemadmodum
1317 3061 1487 3145 patet
1514 3078 1591 3124 ex
1642 3058 2117 3145 quaestionibus
2145 3064 2207 3136 et
2252 3060 2477 3127 dubiis
2508 3079 2663 3150 quae-

365 3184 398 3223 «
446 3182 893 3252 saepenumero
930 3160 1266 3229 enodanda
1300 3159 1809 3259 proponuntur),
1872 3164 2111 3234 idcirco
2147 3166 2650 3235 eminentissimi

367 3289 400 3328 (ι
446 3264 664 3333 Patres
687 3266 895 3334 eidem
923 3265 1425 3356 Congregationi
1470 3270 1913 3359 praepositi...‚
1948 3276 2022 3339 ut
2045 3274 2100 3340 si
2124 3295 2647 3366 quaeperpemm

367 3392 400 3431 (ε
439 3366 839 3436 invaluerint
896 3372 1386 3457 auferantur..;,
1445 3376 1744 3462 generale
1817 3378 2191 3463 decretum,
2232 3380 2397 3450 facto
2448 3382 2648 3450 verbo

364 3498 396 3537 «
443 3494 594 3539 cum
619 3472 1047 3554 sanctissimo,
1102 3476 1443 3543 ferendum
1463 3482 1656 3567 atque
1685 3481 2011 3550 edendum
2040 3506 2174 3552 esse
2208 3491 2642 3571 censuerunt;

365 3606 397 3645 «
431 3581 576 3648 ideo
613 3578 1024 3647 declararunt
1060 3603 1076 3648 ι
1161 3582 1330 3649 1.“...“
1371 3582 1440 3650 2⁰
1495 3585 1968 3676 Diqnitatibus
2005 3613 2154 3658 vero
2196 3602 2261 3658 et
2302 3592 2646 3660 canonicis

365 3713 398 3751 (ι
449 3685 722 3755 etiamsi
768 3683 1110 3776 qaudeant
1157 3687 1434 3757 indulto*
1455 3689 1796 3782 deferendi
1838 3716 2127 3786 cappam
2152 3709 2219 3764 et
2266 3687 2644 3766 rochettum

363 3817 396 3857 «
446 3805 589 3860 tam
608 3795 682 3862 in
698 3792 988 3885 propria
1014 3816 1216 3882 quam
1254 3794 1325 3861 in
1358 3796 1592 3863 alienis
1637 3800 1939 3887 ecclesiis,
1975 3802 2363 3893 hujusmodi
2387 3816 2641 3891 tamen,

364 3922 398 3959 «
441 3899 864 3990 aliorumque
896 3899 1394 3968 canonicalium
1429 3903 1796 3993 insiqnium
1841 3929 2035 3975 usum
2057 3920 2250 3976 extra
2277 3910 2647 4000 propriam

362 4024 394 4064 «
436 4003 778 4072 eeclesiam
807 4004 1074 4071 licitum·
1098 4013 1229 4072 esse
1254 4005 1640 4094 dum-tamt,
1674 4010 1942 4101 quando
1967 4015 2449 4106 capitulariter
2471 4018 2648 4084 ince-

358 4131 393 4170 «
434 4104 606 4171 dunt
634 4110 742 4175 vel
766 4110 1085 4179 assistunt
1114 4124 1179 4179 et
1181 4128 1533 4206 per-ayunt
1559 4139 1781 4187 sacras
1802 4120 2179 4210 functiones
2207 4144 2238 4208 ;
2256 4148 2393 4192 non
2409 4136 2643 4192 autem

361 4239 395 4277 «
436 4210 497 4279 si
518 4208 834 4278 intersint
855 4217 1264 4309 utiasinquli,¹
1292 4223 1425 4292 nisi
1446 4225 1733 4317 speciale
1755 4229 2212 4321 privileqium,
2234 4230 2484 4299 nedum
2512 4231 2645 4301 col·-

359 4347 393 4386 «
444 4317 695 4410 leqium
721 4323 1255 4410 comprehendat,
1302 4354 1534 4399 verum
1558 4331 1763 4400 etiam
1784 4334 2216 4427 sinqulariter
2238 4351 2303 4406 et
2331 4338 2644 4406 distincte

360 4452 394 4490 «
438 4425 531 4494 ad
546 4445 863 4526 personas
890 4429 1319 4503 extendatur.
1354 4438 1434 4506 Et
1463 4435 1568 4508 ita'
1588 4430 2271 4529 declaravit,·decrevit
2298 4453 2361 4515 et
2396 4442 2639 4515 servari
