2930 4982
354 361 484 420 304
634 377 646 390 ·
1332 365 1677 413 'suenrus

347 489 620 585 psalmo,
648 506 735 557 an
752 484 1101 578 repetenda
1135 488 1267 553 tota
1283 484 1450 554 hora
1467 491 1581 554 aut
1602 491 1775 555 totus
1793 485 2124 577 psalmus?
2148 521 2238 537 —-
2258 483 2646 554 Affirmatur

351 620 391 667 a
409 596 830 688 quibusdam3
853 594 964 664 sed
985 591 1388 683 probabilior
1404 599 1468 661 et
1485 595 1902 663 communior
1921 598 2015 662 est
2036 593 2349 663 sententia
2370 614 2644 683 negans.

351 702 442 793 (S.
478 702 853 792 Liguorius,
891 701 1037 770 loco
1060 699 1206 779 cit„
1232 720 1304 767 n.
1345 698 1528 793 168.)

438 808 508 880 3⁰
530 808 904 879 Generatim
922 805 1108 874 nulla
1130 806 1546 897 interruptio,
1569 806 1720 875 licet
1738 806 1878 874 sine
1901 804 2276 874 rationabili
2300 825 2520 890 causa,
2547 827 2655 874 ex-

348 913 520 984 cedit
558 913 836 997 veniale,
888 911 1081 980 modo
1128 915 1337 979 totum
1384 910 1680 979 officium
1712 911 2117 1001 compleatur
2144 932 2183 977 a
2220 910 2434 978 media
2470 916 2658 980 nocte

346 1018 430 1090 ad
478 1018 768 1088 mediam
800 1022 1080 1087 noctem.
1125 1015 1300 1085 Etsi
1324 1016 1733 1108 interruptio
1759 1016 1874 1084 fiat
1920 1038 1999 1085 ex
2022 1038 2217 1085 causa
2255 1016 2655 1103 rationabili,

352 1125 535 1195 nullo
564 1126 758 1193 modo
784 1124 1132 1215 culpabilis
1160 1128 1280 1193 est.
1322 1122 1530 1193 Causa
1557 1129 1781 1192 autem
1807 1123 2208 1192 rationabilis
2237 1123 2653 1214 intelligitur,

354 1230 535 1300 verbi
570 1232 812 1320 gratia,
862 1230 1169 1321 quaelibet
1196 1230 1442 1300 utilitas
1472 1232 1743 1321 propria
1787 1231 1890 1298 vel
1919 1231 2153 1315 aliena,
2201 1253 2345 1320 quae
2388 1232 2534 1299 sine
2563 1232 2660 1299 in-

353 1338 699 1407 commodo
724 1337 970 1405 differri
1010 1342 1318 1427 nequeat;
1354 1337 1518 1405 item
1532 1339 1596 1406 si
1627 1338 1776 1427 quis
1805 1338 2236 1427 interrumpat
2255 1338 2558 1406 officium
2588 1361 2677 1406 ex-

354 1442 746 1526 urbanitate,
766 1443 868 1510 vel
886 1447 961 1509 ut
976 1447 1329 1530 exequatur
1352 1443 1656 1511 mandata
1675 1444 2023 1533 superioris
2040 1465 2183 1531 quae
2203 1452 2509 1533 urgeant,
2530 1453 2656 1516 etc.

1430 1729 1591 1805 §13

958 1898 1141 1938 CAUSAE
1175 1899 1513 1938 EXCUSANTES
1549 1901 1585 1938 A
1617 1900 1856 1939 SERVITIO
1893 1900 2053 1940 enom

445 2078 684 2148 Causas
730 2077 876 2146 illas
930 2078 1003 2144 in
1054 2076 1388 2167 duplicem
1435 2078 1704 2145 classem
1756 2077 2225 2144 distribuemus
2259 2100 2275 2144 t
2315 2075 2380 2144 1ο
2412 2077 2666 2169 Nempe

357 2184 894 2255 enumerabimus
938 2205 1045 2252 eas
1096 2204 1240 2273 quae
1289 2183 1377 2251 ita
1425 2187 1756 2271 excusant,
1801 2188 1875 2250 ut
1922 2183 2151 2252 absens
2193 2183 2491 2252 lucretur
2534 2191 2666 2253 tum

361 2293 611 2362 fructus
656 2291 1045 2382 praebendae,
1084 2296 1226 2357 tum
1262 2290 1753 2358 distributiones
1776 2290 2207 2378 quotidianas.
2243 2290 2313 2357 2⁰
2350 2289 2475 2358 Eas
2516 2290 2664 2359 rese-

360 2418 582 2466 remus
626 2419 772 2487 quae
824 2400 912 2464 ita
959 2401 1294 2483 excusant,
1344 2402 1419 2464 ut
1464 2396 1696 2465 absens
1743 2383 2040 2465 lucretur
2091 2398 2360 2486 quidem
2407 2399 2663 2466 fructus

355 2502 744 2593 praebendae,
763 2524 892 2571 non
916 2523 1065 2573 vero
1094 2501 1506 2591 quotidianas
1527 2501 2031 2570 distributiones.
2061 2501 2425 2593 Utrumque
2443 2509 2666 2572 autem

357 2624 704 2672 causarum
767 2625 973 2693 genus
1020 2608 1279 2672 excusat
1331 2603 1664 2672 absentem
1690 2605 1773 2672 ab
1813 2608 1997 2674 omni
2025 2614 2309 2697 peccato,
2342 2631 2451 2677 seu
2479 2608 2664 2699 quod

357 2708 535 2777 idem
551 2713 669 2791 est,
701 2709 784 2778 ab
814 2707 1207 2797 obligatione
1228 2729 1306 2776 ex
1330 2710 1723 2778 conscientia
1747 2711 2171 2783 interessendi
2192 2717 2426 2800 choro3
2459 2721 2531 2783 et
2546 2714 2663 2786 hoc

360 2817 434 2886 in
473 2815 723 2907 duplici
752 2814 1043 2906 sequenti
1078 2815 1566 2883 enumeratione
1591 2818 2005 2908 supponitur.
2036 2820 2196 2890 Item
2233 2823 2662 2914 supponimus

360 2921 575 3011 quoad
597 2942 671 2991 ea
697 2922 839 2991 loca
865 2921 935 2989 in
959 2919 1200 3011 quibus
1219 2925 1351 2988 tota
1376 2921 1724 3011 praebenda
1768 2926 2058 2995 consistit
2086 2926 2154 2994 in
2186 2927 2660 2998 distributioni·

361 3026 510 3108 buS,
569 3027 731 3095 duas
783 3027 998 3094 tertias
1047 3033 1257 3116 partes
1296 3025 1566 3094 illarum
1608 3028 2144 3100 distributionum
2176 3032 2499 3101 habendas
2529 3055 2663 3102 esse

362 3132 506 3200 loco
537 3130 930 3222 praebendae,
960 3133 1129 3199 sicut
1152 3131 1540 3222 dispositum
1562 3154 1599 3200 a
1613 3134 1764 3223 jure
1787 3135 1944 3204 alibi
1967 3142 2297 3207 ostensum
2323 3142 2433 3206 est.
2470 3136 2660 3207 Unde

362 3238 539 3326 quod
563 3238 803 3306 dicitur
822 3235 933 3303 hic
956 3237 1036 3304 de
1063 3236 1656 3326 distributionibuS,
1685 3263 1801 3331 pro
1825 3242 1984 3312 locis
2007 3243 2137 3313 illis
2164 3245 2660 3336 intelligendum

364 3346 457 3410 est
484 3342 563 3408 de
614 3342 798 3408 tertia
844 3346 1102 3409 tantum
1128 3349 1308 3433 parte
1337 3343 1899 3433 distributionum,
1943 3371 2100 3418 cum
2125 3351 2270 3429 duae
2286 3353 2431 3421 aliae
2455 3355 2658 3444 partes

366 3446 734 3523 habeantur
753 3445 833 3514 de
844 3447 998 3536 jure
1019 3454 1330 3537 tanquam
1355 3450 1773 3538 praebendam
1807 3455 2015 3545 ipsam
2041 3459 2525 3528 constituentes.

451 3553 743 3623 Pomorum
761 3552 812 3620 1.
839 3592 932 3606 —
958 3556 1194 3622 Causae
1208 3567 1590 3625 excusantes
1605 3557 1708 3625 ita
1731 3572 1809 3628 ut
1829 3562 2066 3632 absens
2084 3565 2379 3634 lueretur
2397 3576 2463 3640 et
2483 3566 2659 3656 sme-

365 3673 472 3729 tus
470 3658 857 3751 proebendoe
877 3672 942 3727 et
972 3658 1480 3730 distributiones
1518 3664 1977 3753 quotidianas.
2010 3709 2101 3723 -
2124 3670 2347 3741 Solent
2372 3677 2658 3740 auctores

361 3768 512 3838 illas
536 3768 616 3836 ad
646 3767 877 3858 triplex
905 3770 1099 3857 caput
1120 3768 1357 3837 referre
1385 3794 1402 3839 ι
1428 3769 1930 3863 infirmitatem,
1960 3779 2437 3848 rationabilem
2459 3797 2657 3848 neces-

364 3874 664 3956 sitatem,
720 3879 784 3943 et
830 3873 1147 3943 Ecelesioe
1196 3875 1596 3947 utilitatem.
1657 3880 1961 3970 Neglecta
2022 3885 2134 3954 illa
2196 3887 2654 3963 subdivisione,

366 3996 588 4048 causas
615 3981 786 4069 ipsas
813 4001 945 4048 una
974 4000 1107 4048 non
1137 3981 1498 4073 interrupta
1527 3985 1690 4054 serie
1718 4008 2199 4062 enumeramus.

455 4082 532 4149 1⁰,⁴
564 4083 844 4154 Excusat
883 4085 1236 4155 infirmitas
1286 4088 1529 4176 gravis,
1577 4091 1683 4160 vel
1724 4115 1871 4183 quae
1896 4099 2110 4188 gravis
2147 4101 2290 4170 fieri
2320 4106 2524 4192 potest
2544 4117 2656 4190 per

360 4209 698 4259 accessum
745 4191 828 4258 ad
856 4193 1217 4264 ecclesiam.
1249 4233 1341 4249 --
1367 4194 1477 4266 Sic
1506 4196 1787 4270 decrevit
1813 4202 2180 4275 Bonifacius
2210 4207 2478 4300 V111(in
2509 4226 2648 4296 cap.

375 4293 971 4382 Consuetudinem,
998 4300 1077 4366 de
1106 4301 1362 4372 clericis
1386 4326 1519 4373 non
1544 4307 1737 4378 resid.
1761 4310 1831 4377 in
1863 4309 1928 4401 6)
1963 4335 1979 4380 ε
2013 4317 2301 4406 exceptis
2327 4296 2478 4384 iltis‘
2499 4329 2656 4404 quos

368 4397 767 4487 infirmitas,
817 4420 934 4468 seu
938 4401 1136 4490 justa
1178 4417 1243 4472 et
1270 4410 1705 4482 rationabilis
1740 4418 2103 4508 corporalis
2127 4419 2501 4497 necessitas,
2534 4424 2655 4485 aut
