<?xml version="1.0" encoding="UTF-8"?>
<!DOCTYPE html PUBLIC "-//W3C//DTD XHTML 1.0 Transitional//EN"
    "http://www.w3.org/TR/xhtml1/DTD/xhtml1-transitional.dtd">
<html xmlns="http://www.w3.org/1999/xhtml" xml:lang="en" lang="en">
 <head>
  <title>
</title>
<meta http-equiv="Content-Type" content="text/html;charset=utf-8" />
  <meta name='ocr-system' content='tesseract 3.04.00' />
  <meta name='ocr-capabilities' content='ocr_page ocr_carea ocr_par ocr_line ocrx_word'/>
</head>
<body>
  <div class='ocr_page' id='page_1' title='image "./tractatusdecapi00bouigoog_0135.png"; bbox 0 0 2930 4982; ppageno 0'>
   <div class='ocr_carea' id='block_1_1' title="bbox 1086 443 2463 497">
    <p class='ocr_par' dir='ltr' id='par_1_1' title="bbox 1086 443 2463 497">
     <span class='ocr_line' id='line_1_1' title="bbox 1086 443 2463 497; baseline 0.004 -6"><span class='ocrx_word' id='word_1_1' title='bbox 1086 445 1167 491; x_wconf 80' lang='lat' dir='ltr'><strong>DE</strong></span> <span class='ocrx_word' id='word_1_2' title='bbox 1214 444 1536 493; x_wconf 61' lang='lat' dir='ltr'><strong>cunnus.</strong></span> <span class='ocrx_word' id='word_1_3' title='bbox 2337 443 2361 497; x_wconf 76' lang='grc'>1</span> <span class='ocrx_word' id='word_1_4' title='bbox 2383 443 2408 497; x_wconf 77' lang='grc'>1</span> <span class='ocrx_word' id='word_1_5' title='bbox 2428 444 2463 497; x_wconf 77' lang='grc'><strong>5</strong></span> 
     </span>
    </p>
   </div>
   <div class='ocr_carea' id='block_1_2' title="bbox 1255 694 1377 774">
    <p class='ocr_par' dir='ltr' id='par_1_2' title="bbox 1255 694 1377 774">
     <span class='ocr_line' id='line_1_2' title="bbox 1255 694 1377 774; baseline 0 -17"><span class='ocrx_word' id='word_1_6' title='bbox 1255 694 1377 774; x_wconf 78' lang='lat'><strong>§6</strong></span> 
     </span>
    </p>
   </div>
   <div class='ocr_carea' id='block_1_3' title="bbox 252 876 2390 1016">
    <p class='ocr_par' dir='ltr' id='par_1_3' title="bbox 252 876 2390 1016">
     <span class='ocr_line' id='line_1_3' title="bbox 252 876 2390 933; baseline 0.003 -14"><span class='ocrx_word' id='word_1_7' title='bbox 252 877 496 925; x_wconf 68' lang='lat' dir='ltr'><strong>QUOMODO</strong></span> <span class='ocrx_word' id='word_1_8' title='bbox 532 876 920 918; x_wconf 74' lang='lat' dir='ltr'><strong>PRocEnnNDtm</strong></span> <span class='ocrx_word' id='word_1_9' title='bbox 956 878 1040 917; x_wconf 83' lang='lat' dir='ltr'><strong>SIT</strong></span> <span class='ocrx_word' id='word_1_10' title='bbox 1077 877 1285 918; x_wconf 79' lang='lat' dir='ltr'>CONTRA</span> <span class='ocrx_word' id='word_1_11' title='bbox 1340 879 1817 920; x_wconf 62' lang='lat' dir='ltr'><strong>POENITENTumun</strong></span> <span class='ocrx_word' id='word_1_12' title='bbox 1834 906 1850 933; x_wconf 87' lang='lat'>‚</span> <span class='ocrx_word' id='word_1_13' title='bbox 1881 881 1927 920; x_wconf 78' lang='lat' dir='ltr'><strong>st</strong></span> <span class='ocrx_word' id='word_1_14' title='bbox 1968 882 2256 925; x_wconf 70' lang='lat' dir='ltr'>PRAEBENDA</span> <span class='ocrx_word' id='word_1_15' title='bbox 2293 887 2390 926; x_wconf 69' lang='grc' dir='ltr'><strong>ΒΕΑ</strong></span> 
     </span>
     <span class='ocr_line' id='line_1_4' title="bbox 1111 975 1534 1016; baseline 0.002 -1"><span class='ocrx_word' id='word_1_16' title='bbox 1111 975 1414 1016; x_wconf 75' lang='lat' dir='ltr'>PRIVANDUS</span> <span class='ocrx_word' id='word_1_17' title='bbox 1451 977 1534 1016; x_wconf 82' lang='lat' dir='ltr'><strong>sn·</strong></span> 
     </span>
    </p>
   </div>
   <div class='ocr_carea' id='block_1_4' title="bbox 199 1128 2477 1352">
    <p class='ocr_par' dir='ltr' id='par_1_4' title="bbox 199 1128 2477 1352">
     <span class='ocr_line' id='line_1_5' title="bbox 269 1128 2472 1244; baseline 0.002 -21"><span class='ocrx_word' id='word_1_18' title='bbox 269 1153 333 1223; x_wconf 94' lang='lat' dir='ltr'><strong>Si</strong></span> <span class='ocrx_word' id='word_1_19' title='bbox 377 1149 898 1243; x_wconf 78' lang='lat' dir='ltr'><strong>poenitentiarius</strong></span> <span class='ocrx_word' id='word_1_20' title='bbox 947 1150 1271 1220; x_wconf 87' lang='lat' dir='ltr'><strong>residendi</strong></span> <span class='ocrx_word' id='word_1_21' title='bbox 1348 1150 1730 1241; x_wconf 77' lang='lat' dir='ltr'><strong>obligationi</strong></span> <span class='ocrx_word' id='word_1_22' title='bbox 1788 1173 1920 1221; x_wconf 91' lang='lat' dir='ltr'><strong>non</strong></span> <span class='ocrx_word' id='word_1_23' title='bbox 1976 1128 2350 1244; x_wconf 76' lang='lat' dir='ltr'><strong>satisfaciat,</strong></span> <span class='ocrx_word' id='word_1_24' title='bbox 2410 1165 2472 1227; x_wconf 85' lang='lat' dir='ltr'><strong>et</strong></span> 
     </span>
     <span class='ocr_line' id='line_1_6' title="bbox 199 1257 2477 1352; baseline 0.002 -23"><span class='ocrx_word' id='word_1_25' title='bbox 199 1259 536 1352; x_wconf 80' lang='lat' dir='ltr'><strong>Episcopus</strong></span> <span class='ocrx_word' id='word_1_26' title='bbox 574 1258 731 1327; x_wconf 85' lang='lat' dir='ltr'><strong>velit</strong></span> <span class='ocrx_word' id='word_1_27' title='bbox 756 1257 1101 1348; x_wconf 85' lang='lat' dir='ltr'><strong>procedere</strong></span> <span class='ocrx_word' id='word_1_28' title='bbox 1123 1262 1346 1326; x_wconf 87' lang='lat' dir='ltr'><strong>contra</strong></span> <span class='ocrx_word' id='word_1_29' title='bbox 1368 1278 1525 1327; x_wconf 88' lang='lat' dir='ltr'><strong>eum</strong></span> <span class='ocrx_word' id='word_1_30' title='bbox 1575 1258 1658 1327; x_wconf 90' lang='lat' dir='ltr'><strong>ad</strong></span> <span class='ocrx_word' id='word_1_31' title='bbox 1681 1259 2110 1350; x_wconf 81' lang='lat' dir='ltr'><strong>privationem</strong></span> <span class='ocrx_word' id='word_1_32' title='bbox 2135 1264 2477 1334; x_wconf 89' lang='lat' dir='ltr'><strong>canonica-</strong></span> 
     </span>
    </p>
   </div>
   <div class='ocr_carea' id='block_1_5' title="bbox 199 1374 2495 2524">
    <p class='ocr_par' dir='ltr' id='par_1_5' title="bbox 199 1374 2495 2524">
     <span class='ocr_line' id='line_1_7' title="bbox 200 1374 2475 1465; baseline 0.001 -20"><span class='ocrx_word' id='word_1_33' title='bbox 200 1383 309 1456; x_wconf 90' lang='lat' dir='ltr'><strong>tus,</strong></span> <span class='ocrx_word' id='word_1_34' title='bbox 334 1380 591 1446; x_wconf 85' lang='lat' dir='ltr'><strong>tenetur</strong></span> <span class='ocrx_word' id='word_1_35' title='bbox 617 1395 866 1444; x_wconf 84' lang='lat' dir='ltr'><strong>servare</strong></span> <span class='ocrx_word' id='word_1_36' title='bbox 894 1374 1191 1464; x_wconf 81' lang='lat' dir='ltr'><strong>regulam</strong></span> <span class='ocrx_word' id='word_1_37' title='bbox 1212 1375 1666 1465; x_wconf 62' lang='lat' dir='ltr'><strong>praescriptam</strong></span> <span class='ocrx_word' id='word_1_38' title='bbox 1689 1376 1760 1443; x_wconf 93' lang='lat' dir='ltr'><strong>in</strong></span> <span class='ocrx_word' id='word_1_39' title='bbox 1794 1398 1975 1445; x_wconf 82' lang='lat' dir='ltr'><strong>sacro</strong></span> <span class='ocrx_word' id='word_1_40' title='bbox 2001 1379 2286 1447; x_wconf 86' lang='lat' dir='ltr'><strong>concilio</strong></span> <span class='ocrx_word' id='word_1_41' title='bbox 2317 1379 2475 1448; x_wconf 88' lang='lat' dir='ltr'><strong>Tri-</strong></span> 
     </span>
     <span class='ocr_line' id='line_1_8' title="bbox 201 1479 2477 1574; baseline 0.002 -24"><span class='ocrx_word' id='word_1_42' title='bbox 201 1483 445 1550; x_wconf 83' lang='lat' dir='ltr'><strong>dentino</strong></span> <span class='ocrx_word' id='word_1_43' title='bbox 483 1480 657 1572; x_wconf 90' lang='lat' dir='ltr'><strong>(sess.</strong></span> <span class='ocrx_word' id='word_1_44' title='bbox 686 1480 803 1568; x_wconf 78' lang='grc'><strong>24,</strong></span> <span class='ocrx_word' id='word_1_45' title='bbox 829 1503 886 1549; x_wconf 93' lang='lat' dir='ltr'><strong>c.</strong></span> <span class='ocrx_word' id='word_1_46' title='bbox 926 1479 1009 1548; x_wconf 89' lang='grc'><strong>12</strong></span> <span class='ocrx_word' id='word_1_47' title='bbox 1038 1479 1132 1565; x_wconf 89' lang='lat' dir='ltr'><strong>De</strong></span> <span class='ocrx_word' id='word_1_48' title='bbox 1152 1479 1331 1569; x_wconf 63' lang='grc' dir='ltr'><strong>τεεί),</strong></span> <span class='ocrx_word' id='word_1_49' title='bbox 1350 1485 1447 1546; x_wconf 71' lang='lat' dir='ltr'><strong>ut</strong></span> <span class='ocrx_word' id='word_1_50' title='bbox 1475 1481 1808 1570; x_wconf 87' lang='lat' dir='ltr'><strong>respondit</strong></span> <span class='ocrx_word' id='word_1_51' title='bbox 1831 1480 2026 1551; x_wconf 88' lang='lat' dir='ltr'><strong>Sacra</strong></span> <span class='ocrx_word' id='word_1_52' title='bbox 2049 1481 2477 1574; x_wconf 83' lang='lat' dir='ltr'><strong>Congregatio</strong></span> 
     </span>
     <span class='ocr_line' id='line_1_9' title="bbox 202 1585 2478 1678; baseline 0.001 -22"><span class='ocrx_word' id='word_1_53' title='bbox 202 1588 440 1657; x_wconf 83' lang='lat' dir='ltr'><strong>concilii</strong></span> <span class='ocrx_word' id='word_1_54' title='bbox 462 1587 784 1678; x_wconf 88' lang='lat' dir='ltr'><strong>Episcopo</strong></span> <span class='ocrx_word' id='word_1_55' title='bbox 820 1585 1143 1671; x_wconf 90' lang='lat' dir='ltr'><strong>Curiensi‚</strong></span> <span class='ocrx_word' id='word_1_56' title='bbox 1188 1589 1307 1675; x_wconf 81' lang='lat' dir='ltr'><strong>qui</strong></span> <span class='ocrx_word' id='word_1_57' title='bbox 1337 1608 1489 1654; x_wconf 90' lang='lat' dir='ltr'><strong>cum</strong></span> <span class='ocrx_word' id='word_1_58' title='bbox 1519 1586 1945 1677; x_wconf 86' lang='lat' dir='ltr'><strong>supplicasset</strong></span> <span class='ocrx_word' id='word_1_59' title='bbox 1966 1588 2275 1657; x_wconf 86' lang='lat' dir='ltr'><strong>declarari</strong></span> <span class='ocrx_word' id='word_1_60' title='bbox 2313 1615 2329 1657; x_wconf 77' lang='grc' dir='ltr'><strong><em>ε</em></strong></span> <span class='ocrx_word' id='word_1_61' title='bbox 2389 1614 2478 1658; x_wconf 85' lang='lat' dir='ltr'><strong>an</strong></span> 
     </span>
     <span class='ocr_line' id='line_1_10' title="bbox 200 1691 2477 1784; baseline 0.001 -22"><span class='ocrx_word' id='word_1_62' title='bbox 200 1694 445 1762; x_wconf 83' lang='lat' dir='ltr'><strong>absente</strong></span> <span class='ocrx_word' id='word_1_63' title='bbox 469 1693 786 1761; x_wconf 83' lang='lat' dir='ltr'><strong>canonico</strong></span> <span class='ocrx_word' id='word_1_64' title='bbox 813 1692 1311 1783; x_wconf 72' lang='lat' dir='ltr'><strong>poenitentiario</strong></span> <span class='ocrx_word' id='word_1_65' title='bbox 1335 1691 1527 1759; x_wconf 83' lang='lat' dir='ltr'><strong>ultra</strong></span> <span class='ocrx_word' id='word_1_66' title='bbox 1558 1703 1686 1759; x_wconf 84' lang='lat' dir='ltr'><strong>tres</strong></span> <span class='ocrx_word' id='word_1_67' title='bbox 1711 1714 1983 1770; x_wconf 80' lang='lat' dir='ltr'><strong>menses,</strong></span> <span class='ocrx_word' id='word_1_68' title='bbox 2022 1704 2088 1760; x_wconf 91' lang='lat' dir='ltr'><strong>et</strong></span> <span class='ocrx_word' id='word_1_69' title='bbox 2107 1717 2234 1784; x_wconf 83' lang='lat' dir='ltr'><strong>per</strong></span> <span class='ocrx_word' id='word_1_70' title='bbox 2263 1695 2477 1765; x_wconf 84' lang='lat' dir='ltr'><strong>alium</strong></span> 
     </span>
     <span class='ocr_line' id='line_1_11' title="bbox 199 1797 2477 1890; baseline 0.002 -23"><span class='ocrx_word' id='word_1_71' title='bbox 199 1801 497 1868; x_wconf 81' lang='lat' dir='ltr'><strong>inservire</strong></span> <span class='ocrx_word' id='word_1_72' title='bbox 513 1800 798 1890; x_wconf 82' lang='lat' dir='ltr'><strong>faciente</strong></span> <span class='ocrx_word' id='word_1_73' title='bbox 834 1797 1057 1890; x_wconf 82' lang='lat' dir='ltr'><strong>quoad</strong></span> <span class='ocrx_word' id='word_1_74' title='bbox 1080 1821 1323 1866; x_wconf 79' lang='lat' dir='ltr'><strong>munus</strong></span> <span class='ocrx_word' id='word_1_75' title='bbox 1342 1799 1852 1889; x_wconf 71' lang='lat' dir='ltr'><strong>poenitentiarii,</strong></span> <span class='ocrx_word' id='word_1_76' title='bbox 1885 1812 2120 1869; x_wconf 84' lang='lat' dir='ltr'><strong>contra</strong></span> <span class='ocrx_word' id='word_1_77' title='bbox 2157 1825 2313 1870; x_wconf 83' lang='lat' dir='ltr'><strong>eum</strong></span> <span class='ocrx_word' id='word_1_78' title='bbox 2340 1827 2477 1872; x_wconf 82' lang='lat' dir='ltr'><strong>ser-</strong></span> 
     </span>
     <span class='ocr_line' id='line_1_12' title="bbox 200 1902 2482 1998; baseline 0.003 -28"><span class='ocrx_word' id='word_1_79' title='bbox 200 1902 415 1972; x_wconf 87' lang='lat' dir='ltr'><strong>vanda</strong></span> <span class='ocrx_word' id='word_1_80' title='bbox 436 1905 524 1973; x_wconf 79' lang='lat' dir='ltr'><strong>sit</strong></span> <span class='ocrx_word' id='word_1_81' title='bbox 572 1906 811 1997; x_wconf 76' lang='lat' dir='ltr'><strong>requla</strong></span> <span class='ocrx_word' id='word_1_82' title='bbox 838 1929 880 1973; x_wconf 88' lang='lat' dir='ltr'><strong>a</strong></span> <span class='ocrx_word' id='word_1_83' title='bbox 927 1927 1115 1974; x_wconf 79' lang='lat' dir='ltr'><strong>sacro</strong></span> <span class='ocrx_word' id='word_1_84' title='bbox 1144 1904 1422 1972; x_wconf 84' lang='lat' dir='ltr'><strong>concilio</strong></span> <span class='ocrx_word' id='word_1_85' title='bbox 1477 1904 1861 1974; x_wconf 82' lang='lat' dir='ltr'><strong>Tridentino</strong></span> <span class='ocrx_word' id='word_1_86' title='bbox 1893 1907 2068 1998; x_wconf 81' lang='lat' dir='ltr'><strong>(sess,</strong></span> <span class='ocrx_word' id='word_1_87' title='bbox 2117 1908 2233 1990; x_wconf 78' lang='grc'><strong>24,</strong></span> <span class='ocrx_word' id='word_1_88' title='bbox 2271 1930 2331 1975; x_wconf 92' lang='lat' dir='ltr'><strong>c.</strong></span> <span class='ocrx_word' id='word_1_89' title='bbox 2373 1910 2482 1998; x_wconf 80' lang='lat'><strong>12)</strong></span> 
     </span>
     <span class='ocr_line' id='line_1_13' title="bbox 201 2010 2486 2103; baseline 0.004 -28"><span class='ocrx_word' id='word_1_90' title='bbox 201 2029 381 2099; x_wconf 79' lang='lat' dir='ltr'><strong>super</strong></span> <span class='ocrx_word' id='word_1_91' title='bbox 393 2011 776 2101; x_wconf 82' lang='lat' dir='ltr'><strong>privatione</strong></span> <span class='ocrx_word' id='word_1_92' title='bbox 799 2010 1230 2080; x_wconf 79' lang='lat' dir='ltr'><strong>canonicatus</strong></span> <span class='ocrx_word' id='word_1_93' title='bbox 1251 2010 1530 2078; x_wconf 68' lang='lat' dir='ltr'><strong>eeclesiae</strong></span> <span class='ocrx_word' id='word_1_94' title='bbox 1553 2011 1990 2091; x_wconf 77' lang='lat' dir='ltr'><strong>cathedralis;</strong></span> <span class='ocrx_word' id='word_1_95' title='bbox 2020 2014 2130 2080; x_wconf 77' lang='lat' dir='ltr'><strong>ve&#39;l</strong></span> <span class='ocrx_word' id='word_1_96' title='bbox 2150 2014 2375 2103; x_wconf 83' lang='lat' dir='ltr'><strong>potius</strong></span> <span class='ocrx_word' id='word_1_97' title='bbox 2400 2015 2486 2083; x_wconf 82' lang='lat' dir='ltr'><strong>sit</strong></span> 
     </span>
     <span class='ocr_line' id='line_1_14' title="bbox 204 2113 2486 2208; baseline 0.003 -27"><span class='ocrx_word' id='word_1_98' title='bbox 204 2113 622 2185; x_wconf 82' lang='lat' dir='ltr'><strong>diversimode</strong></span> <span class='ocrx_word' id='word_1_99' title='bbox 661 2115 1197 2208; x_wconf 78' lang='lat' dir='ltr'><strong>procedendum?</strong></span> <span class='ocrx_word' id='word_1_100' title='bbox 1245 2154 1337 2168; x_wconf 95' lang='grc'>-</span> <span class='ocrx_word' id='word_1_101' title='bbox 1367 2116 1486 2183; x_wconf 92' lang='lat' dir='ltr'><strong>Die</strong></span> <span class='ocrx_word' id='word_1_102' title='bbox 1539 2118 1578 2183; x_wconf 92' lang='grc'>7</span> <span class='ocrx_word' id='word_1_103' title='bbox 1604 2117 1965 2185; x_wconf 87' lang='lat' dir='ltr'><strong>decembris</strong></span> <span class='ocrx_word' id='word_1_104' title='bbox 2026 2119 2222 2201; x_wconf 81' lang='lat'><strong>1697,</strong></span> <span class='ocrx_word' id='word_1_105' title='bbox 2276 2123 2486 2187; x_wconf 84' lang='lat' dir='ltr'><strong>Sacra</strong></span> 
     </span>
     <span class='ocr_line' id='line_1_15' title="bbox 208 2220 2495 2312; baseline 0.001 -25"><span class='ocrx_word' id='word_1_106' title='bbox 208 2220 642 2312; x_wconf 75' lang='lat' dir='ltr'><strong>Conqreqatio</strong></span> <span class='ocrx_word' id='word_1_107' title='bbox 672 2223 947 2299; x_wconf 83' lang='lat' dir='ltr'><strong>censuit,</strong></span> <span class='ocrx_word' id='word_1_108' title='bbox 991 2222 1384 2289; x_wconf 82' lang='lat' dir='ltr'><strong>canonicum</strong></span> <span class='ocrx_word' id='word_1_109' title='bbox 1417 2221 2006 2309; x_wconf 73' lang='lat' dir='ltr'><strong>poenitentiarium</strong></span> <span class='ocrx_word' id='word_1_110' title='bbox 2033 2243 2166 2288; x_wconf 84' lang='lat' dir='ltr'><strong>esse</strong></span> <span class='ocrx_word' id='word_1_111' title='bbox 2197 2244 2495 2312; x_wconf 80' lang='lat' dir='ltr'><strong>compre-</strong></span> 
     </span>
     <span class='ocr_line' id='line_1_16' title="bbox 207 2323 2487 2417; baseline 0.002 -24"><span class='ocrx_word' id='word_1_112' title='bbox 207 2324 476 2394; x_wconf 80' lang='lat' dir='ltr'><strong>hensum</strong></span> <span class='ocrx_word' id='word_1_113' title='bbox 498 2326 621 2392; x_wconf 81' lang='lat' dir='ltr'><strong>sub</strong></span> <span class='ocrx_word' id='word_1_114' title='bbox 641 2325 1066 2414; x_wconf 81' lang='lat' dir='ltr'><strong>dispositione</strong></span> <span class='ocrx_word' id='word_1_115' title='bbox 1086 2323 1370 2390; x_wconf 86' lang='lat' dir='ltr'><strong>concilii.</strong></span> <span class='ocrx_word' id='word_1_116' title='bbox 1398 2323 1617 2413; x_wconf 89' lang='lat' dir='ltr'><strong>(Apud</strong></span> <span class='ocrx_word' id='word_1_117' title='bbox 1636 2323 2000 2414; x_wconf 82' lang='lat' dir='ltr'><strong>Monacelli‚</strong></span> <span class='ocrx_word' id='word_1_118' title='bbox 2021 2332 2184 2417; x_wconf 86' lang='lat' dir='ltr'><strong>part.</strong></span> <span class='ocrx_word' id='word_1_119' title='bbox 2214 2327 2239 2394; x_wconf 85' lang='lat'><strong>1</strong></span> <span class='ocrx_word' id='word_1_120' title='bbox 2257 2379 2277 2414; x_wconf 87' lang='lat'><strong><em>,</em></strong></span> <span class='ocrx_word' id='word_1_121' title='bbox 2302 2328 2396 2397; x_wconf 81' lang='lat' dir='ltr'><strong>tit.</strong></span> <span class='ocrx_word' id='word_1_122' title='bbox 2420 2327 2487 2411; x_wconf 87' lang='grc'><strong>2,</strong></span> 
     </span>
     <span class='ocr_line' id='line_1_17' title="bbox 206 2427 2153 2524; baseline 0.002 -25"><span class='ocrx_word' id='word_1_123' title='bbox 206 2432 390 2502; x_wconf 77' lang='lat' dir='ltr'><strong>form.</strong></span> <span class='ocrx_word' id='word_1_124' title='bbox 429 2430 498 2516; x_wconf 88' lang='grc'><strong>6,</strong></span> <span class='ocrx_word' id='word_1_125' title='bbox 529 2429 747 2500; x_wconf 83' lang='lat' dir='ltr'><strong>adnot.</strong></span> <span class='ocrx_word' id='word_1_126' title='bbox 780 2430 867 2499; x_wconf 91' lang='grc'><strong>27</strong></span> <span class='ocrx_word' id='word_1_127' title='bbox 891 2429 1170 2499; x_wconf 82' lang='lat' dir='ltr'><strong>-Edit.</strong></span> <span class='ocrx_word' id='word_1_128' title='bbox 1200 2427 1576 2513; x_wconf 72' lang='lat' dir='ltr'><strong>Venetiam,</strong></span> <span class='ocrx_word' id='word_1_129' title='bbox 1612 2432 1636 2500; x_wconf 79' lang='lat'><strong>1</strong></span> <span class='ocrx_word' id='word_1_130' title='bbox 1654 2430 1691 2497; x_wconf 94' lang='grc'>7</span> <span class='ocrx_word' id='word_1_131' title='bbox 1698 2431 1807 2517; x_wconf 89' lang='grc'><strong>72,</strong></span> <span class='ocrx_word' id='word_1_132' title='bbox 1831 2454 1980 2524; x_wconf 82' lang='lat' dir='ltr'><strong>pag.</strong></span> <span class='ocrx_word' id='word_1_133' title='bbox 2010 2432 2153 2524; x_wconf 83' lang='grc'>24.)</span> 
     </span>
    </p>
   </div>
   <div class='ocr_carea' id='block_1_6' title="bbox 1286 2708 1402 2788">
    <p class='ocr_par' dir='ltr' id='par_1_6' title="bbox 1286 2708 1402 2788">
     <span class='ocr_line' id='line_1_18' title="bbox 1286 2708 1402 2788; baseline 0 -19"><span class='ocrx_word' id='word_1_134' title='bbox 1286 2708 1402 2788; x_wconf 77' lang='lat'><strong>§7</strong></span> 
     </span>
    </p>
   </div>
   <div class='ocr_carea' id='block_1_7' title="bbox 448 2886 2250 2935">
    <p class='ocr_par' dir='ltr' id='par_1_7' title="bbox 448 2886 2250 2935">
     <span class='ocr_line' id='line_1_19' title="bbox 448 2886 2250 2935; baseline -0.002 -7"><span class='ocrx_word' id='word_1_135' title='bbox 448 2887 578 2934; x_wconf 86' lang='lat' dir='ltr'><strong>QUID</strong></span> <span class='ocrx_word' id='word_1_136' title='bbox 615 2886 761 2928; x_wconf 77' lang='lat' dir='ltr'><strong>Jmus</strong></span> <span class='ocrx_word' id='word_1_137' title='bbox 797 2888 976 2935; x_wconf 79' lang='lat' dir='ltr'><strong>QUOAD</strong></span> <span class='ocrx_word' id='word_1_138' title='bbox 1022 2889 1232 2930; x_wconf 73' lang='lat' dir='ltr'>STATUM</span> <span class='ocrx_word' id='word_1_139' title='bbox 1272 2889 1596 2929; x_wconf 70' lang='lat' dir='ltr'>PRAESENTEM</span> <span class='ocrx_word' id='word_1_140' title='bbox 1636 2889 2004 2929; x_wconf 68' lang='lat' dir='ltr'>ECCLESIARUM</span> <span class='ocrx_word' id='word_1_141' title='bbox 2041 2888 2250 2928; x_wconf 70' lang='lat' dir='ltr'>GALLIAE</span> 
     </span>
    </p>
   </div>
   <div class='ocr_carea' id='block_1_8' title="bbox 235 3060 2512 3899">
    <p class='ocr_par' dir='ltr' id='par_1_8' title="bbox 235 3060 2512 3899">
     <span class='ocr_line' id='line_1_20' title="bbox 298 3060 2497 3152; baseline 0 -21"><span class='ocrx_word' id='word_1_142' title='bbox 298 3062 472 3132; x_wconf 89' lang='lat' dir='ltr'><strong>Idem</strong></span> <span class='ocrx_word' id='word_1_143' title='bbox 512 3063 866 3133; x_wconf 90' lang='lat' dir='ltr'><strong>dicendum</strong></span> <span class='ocrx_word' id='word_1_144' title='bbox 903 3064 1157 3131; x_wconf 82' lang='lat' dir='ltr'><strong>videtur</strong></span> <span class='ocrx_word' id='word_1_145' title='bbox 1189 3062 1368 3152; x_wconf 89' lang='lat' dir='ltr'><strong>quod</strong></span> <span class='ocrx_word' id='word_1_146' title='bbox 1399 3084 1598 3152; x_wconf 88' lang='lat' dir='ltr'><strong>supra</strong></span> <span class='ocrx_word' id='word_1_147' title='bbox 1628 3063 1708 3132; x_wconf 90' lang='lat' dir='ltr'><strong>de</strong></span> <span class='ocrx_word' id='word_1_148' title='bbox 1738 3060 2124 3131; x_wconf 88' lang='lat' dir='ltr'><strong>canonicatu</strong></span> <span class='ocrx_word' id='word_1_149' title='bbox 2152 3061 2497 3152; x_wconf 82' lang='lat' dir='ltr'><strong>theologali</strong></span> 
     </span>
     <span class='ocr_line' id='line_1_21' title="bbox 235 3165 2497 3260; baseline 0 -23"><span class='ocrx_word' id='word_1_150' title='bbox 235 3165 576 3239; x_wconf 84' lang='lat' dir='ltr'><strong>innuimus.</strong></span> <span class='ocrx_word' id='word_1_151' title='bbox 649 3169 1034 3239; x_wconf 90' lang='lat' dir='ltr'><strong>Possibilem</strong></span> <span class='ocrx_word' id='word_1_152' title='bbox 1094 3169 1341 3238; x_wconf 88' lang='lat' dir='ltr'><strong>scilicet</strong></span> <span class='ocrx_word' id='word_1_153' title='bbox 1397 3170 1469 3237; x_wconf 92' lang='lat' dir='ltr'><strong>in</strong></span> <span class='ocrx_word' id='word_1_154' title='bbox 1526 3173 1691 3237; x_wconf 88' lang='lat' dir='ltr'><strong>statu</strong></span> <span class='ocrx_word' id='word_1_155' title='bbox 1739 3169 2041 3260; x_wconf 86' lang='lat' dir='ltr'><strong>praesenti</strong></span> <span class='ocrx_word' id='word_1_156' title='bbox 2087 3167 2497 3238; x_wconf 88' lang='lat' dir='ltr'><strong>ecclesiarum</strong></span> 
     </span>
     <span class='ocr_line' id='line_1_22' title="bbox 236 3271 2500 3367; baseline 0.002 -25"><span class='ocrx_word' id='word_1_157' title='bbox 236 3271 433 3346; x_wconf 84' lang='lat' dir='ltr'><strong>Galliae</strong></span> <span class='ocrx_word' id='word_1_158' title='bbox 456 3276 665 3346; x_wconf 73' lang='lat' dir='ltr'><strong>videri</strong></span> <span class='ocrx_word' id='word_1_159' title='bbox 691 3278 887 3346; x_wconf 88' lang='lat' dir='ltr'><strong>talem</strong></span> <span class='ocrx_word' id='word_1_160' title='bbox 928 3277 1346 3361; x_wconf 87' lang='lat' dir='ltr'><strong>erectionem,</strong></span> <span class='ocrx_word' id='word_1_161' title='bbox 1404 3297 1562 3344; x_wconf 91' lang='lat' dir='ltr'><strong>cum</strong></span> <span class='ocrx_word' id='word_1_162' title='bbox 1606 3275 1879 3366; x_wconf 86' lang='lat' dir='ltr'><strong>pendeat</strong></span> <span class='ocrx_word' id='word_1_163' title='bbox 1927 3275 2009 3344; x_wconf 88' lang='lat' dir='ltr'><strong>ab</strong></span> <span class='ocrx_word' id='word_1_164' title='bbox 2039 3273 2357 3367; x_wconf 85' lang='lat' dir='ltr'><strong>Episcopo</strong></span> <span class='ocrx_word' id='word_1_165' title='bbox 2384 3276 2500 3347; x_wconf 92' lang='lat' dir='ltr'><strong>de-</strong></span> 
     </span>
     <span class='ocr_line' id='line_1_23' title="bbox 241 3381 2500 3473; baseline 0.002 -26"><span class='ocrx_word' id='word_1_166' title='bbox 241 3398 473 3450; x_wconf 76' lang='lat' dir='ltr'><strong>cernere</strong></span> <span class='ocrx_word' id='word_1_167' title='bbox 493 3387 570 3450; x_wconf 88' lang='lat' dir='ltr'><strong>ut</strong></span> <span class='ocrx_word' id='word_1_168' title='bbox 594 3384 840 3473; x_wconf 88' lang='lat' dir='ltr'><strong>primus</strong></span> <span class='ocrx_word' id='word_1_169' title='bbox 859 3383 1279 3453; x_wconf 88' lang='lat' dir='ltr'><strong>canonicatus</strong></span> <span class='ocrx_word' id='word_1_170' title='bbox 1301 3403 1536 3451; x_wconf 85' lang='lat' dir='ltr'><strong>vacans</strong></span> <span class='ocrx_word' id='word_1_171' title='bbox 1554 3382 1644 3451; x_wconf 92' lang='lat' dir='ltr'><strong>hu</strong></span> <span class='ocrx_word' id='word_1_172' title='bbox 1652 3381 1710 3451; x_wconf 88' lang='lat' dir='ltr'><strong>ic</strong></span> <span class='ocrx_word' id='word_1_173' title='bbox 1730 3382 1995 3451; x_wconf 89' lang='lat' dir='ltr'><strong>muneri</strong></span> <span class='ocrx_word' id='word_1_174' title='bbox 2023 3382 2093 3451; x_wconf 93' lang='lat' dir='ltr'><strong>in</strong></span> <span class='ocrx_word' id='word_1_175' title='bbox 2113 3389 2500 3473; x_wconf 86' lang='lat' dir='ltr'><strong>perpetuum</strong></span> 
     </span>
     <span class='ocr_line' id='line_1_24' title="bbox 247 3475 2505 3580; baseline 0.001 -28"><span class='ocrx_word' id='word_1_176' title='bbox 247 3482 579 3574; x_wconf 85' lang='lat' dir='ltr'><strong>deputetur.</strong></span> <span class='ocrx_word' id='word_1_177' title='bbox 620 3488 831 3558; x_wconf 88' lang='lat' dir='ltr'><strong>Posita</strong></span> <span class='ocrx_word' id='word_1_178' title='bbox 874 3475 1024 3558; x_wconf 82' lang='lat' dir='ltr'><strong>vero</strong></span> <span class='ocrx_word' id='word_1_179' title='bbox 1049 3489 1492 3580; x_wconf 83' lang='lat' dir='ltr'><strong>possibilitate,</strong></span> <span class='ocrx_word' id='word_1_180' title='bbox 1521 3489 1874 3559; x_wconf 88' lang='lat' dir='ltr'><strong>desuetudo</strong></span> <span class='ocrx_word' id='word_1_181' title='bbox 1909 3489 1989 3557; x_wconf 89' lang='lat' dir='ltr'><strong>ab</strong></span> <span class='ocrx_word' id='word_1_182' title='bbox 2017 3510 2191 3557; x_wconf 91' lang='lat' dir='ltr'><strong>anno</strong></span> <span class='ocrx_word' id='word_1_183' title='bbox 2226 3509 2505 3556; x_wconf 87' lang='lat' dir='ltr'><strong>concor-</strong></span> 
     </span>
     <span class='ocr_line' id='line_1_25' title="bbox 251 3588 2512 3685; baseline 0 -29"><span class='ocrx_word' id='word_1_184' title='bbox 251 3588 383 3678; x_wconf 83' lang='lat' dir='ltr'><strong>dati,</strong></span> <span class='ocrx_word' id='word_1_185' title='bbox 413 3593 496 3661; x_wconf 90' lang='lat' dir='ltr'><strong>ob</strong></span> <span class='ocrx_word' id='word_1_186' title='bbox 521 3594 846 3664; x_wconf 82' lang='lat' dir='ltr'><strong>deductas·</strong></span> <span class='ocrx_word' id='word_1_187' title='bbox 871 3618 1070 3685; x_wconf 89' lang='lat' dir='ltr'><strong>supra</strong></span> <span class='ocrx_word' id='word_1_188' title='bbox 1093 3594 1394 3673; x_wconf 88' lang='lat' dir='ltr'><strong>rationes,</strong></span> <span class='ocrx_word' id='word_1_189' title='bbox 1424 3617 1556 3663; x_wconf 91' lang='lat' dir='ltr'><strong>non</strong></span> <span class='ocrx_word' id='word_1_190' title='bbox 1586 3597 1841 3663; x_wconf 84' lang='lat' dir='ltr'><strong>videtur</strong></span> <span class='ocrx_word' id='word_1_191' title='bbox 1872 3594 2217 3683; x_wconf 87' lang='lat' dir='ltr'><strong>impedire,</strong></span> <span class='ocrx_word' id='word_1_192' title='bbox 2253 3592 2512 3678; x_wconf 90' lang='lat' dir='ltr'><strong>quomi-</strong></span> 
     </span>
     <span class='ocr_line' id='line_1_26' title="bbox 256 3695 2508 3793; baseline -0.001 -28"><span class='ocrx_word' id='word_1_193' title='bbox 256 3712 357 3765; x_wconf 90' lang='lat' dir='ltr'><strong>nus</strong></span> <span class='ocrx_word' id='word_1_194' title='bbox 381 3707 773 3793; x_wconf 84' lang='lat' dir='ltr'><strong>praeceptum</strong></span> <span class='ocrx_word' id='word_1_195' title='bbox 793 3699 1253 3768; x_wconf 89' lang='lat' dir='ltr'><strong>Tridentinum</strong></span> <span class='ocrx_word' id='word_1_196' title='bbox 1281 3720 1465 3766; x_wconf 91' lang='lat' dir='ltr'><strong>nunc</strong></span> <span class='ocrx_word' id='word_1_197' title='bbox 1492 3721 1728 3785; x_wconf 85' lang='lat' dir='ltr'><strong>urgere</strong></span> <span class='ocrx_word' id='word_1_198' title='bbox 1753 3698 2044 3784; x_wconf 89' lang='lat' dir='ltr'><strong>incipiat.</strong></span> <span class='ocrx_word' id='word_1_199' title='bbox 2082 3695 2272 3774; x_wconf 85' lang='lat' dir='ltr'><strong>Quod</strong></span> <span class='ocrx_word' id='word_1_200' title='bbox 2298 3699 2508 3762; x_wconf 81' lang='lat' dir='ltr'><strong>tamen</strong></span> 
     </span>
     <span class='ocr_line' id='line_1_27' title="bbox 255 3800 2034 3899; baseline -0.003 -30"><span class='ocrx_word' id='word_1_201' title='bbox 255 3801 398 3872; x_wconf 80' lang='lat' dir='ltr'><strong>salvo</strong></span> <span class='ocrx_word' id='word_1_202' title='bbox 417 3827 671 3899; x_wconf 84' lang='lat' dir='ltr'><strong>semper</strong></span> <span class='ocrx_word' id='word_1_203' title='bbox 696 3808 1109 3899; x_wconf 86' lang='lat' dir='ltr'><strong>superiorum</strong></span> <span class='ocrx_word' id='word_1_204' title='bbox 1135 3803 1390 3894; x_wconf 88' lang='lat' dir='ltr'><strong>judicio</strong></span> <span class='ocrx_word' id='word_1_205' title='bbox 1418 3802 1677 3870; x_wconf 84' lang='lat' dir='ltr'><strong>dictum</strong></span> <span class='ocrx_word' id='word_1_206' title='bbox 1705 3800 2034 3868; x_wconf 86' lang='lat' dir='ltr'><strong>volumus.</strong></span> 
     </span>
    </p>
   </div>
  </div>
 </body>
</html>
