2930 4982
397 320 523 378 396
1367 322 1712 370 mammos

394 460 458 517 et
478 446 818 515 canonicos
849 443 1154 512 obeunda
1180 444 1441 530 munia,
1469 466 1596 534 pro
1619 439 1995 510 eorumdem
2021 439 2663 533 Archiepiscoporum

393 565 457 619 et
488 552 966 641 Episcoporum
1014 548 1305 618 arbitrio
1357 560 1420 615 et
1453 545 1834 639 prudentia
1872 544 2291 635 definiantur
2335 555 2401 611 et
2451 545 2668 612 consti·

395 668 716 740 tuantur;
758 655 991 723 relicta
1047 666 1275 724 tamen
1305 677 1535 722 eorum
1571 653 2044 721 successoribus
2081 661 2491 718 statutorum
2536 651 2671 719 illo-

390 784 541 828 rum
579 759 1096 851 respectivorum
1142 758 1726 828 immutandorum
1766 758 2122 849 facultate,
2151 755 2475 846 requisito
2498 756 2672 847 prius

391 868 841 958 capitulorum
871 866 1165 962 consilio,
1195 867 1256 934 si
1291 866 1571 934 attentis
1593 863 2119 934 circumstantiis
2159 860 2236 930 id
2259 862 2431 945 utile
2472 875 2536 930 et
2575 886 2672 953 op-

378 986 761 1066 portunum
777 970 1264 1064 judicaverint.
1307 975 1391 1040 In
1420 973 1581 1064 ipsis
1616 983 1845 1040 autem
1886 970 2167 1038 statutis
2196 969 2306 1036 vel
2333 967 2669 1036 condendis

393 1079 504 1147 vel
524 1077 988 1160 immutandis,
1007 1078 1325 1168 reliqiosa
1353 1100 1703 1146 sacrorum
1726 1099 2056 1145 canonum
2076 1074 2509 1143 observantia
2537 1074 2668 1141 reti-

391 1197 655 1265 neatur,
682 1206 1050 1273 usuumque
1075 1207 1152 1251 ac
1171 1183 1722 1251 consuetudinum
1747 1164 2205 1250 laudabilium
2231 1192 2437 1248 antea
2467 1181 2666 1271 viqen-

392 1291 590 1371 tium,
623 1290 1187 1381 praesentibusque
1236 1289 1758 1357 circumstantiis
1805 1287 2464 1356 accommodatarum
2511 1286 2666 1354 ratio

391 1396 741 1464 habeatur.
802 1399 1020 1479 Quam
1060 1396 1327 1487 quidem
1373 1396 1832 1486 capitulorum
1882 1394 2298 1475 erectionem,
2328 1405 2667 1484 caeteraque

392 1505 619 1572 omnia
665 1501 760 1571 ad
798 1503 944 1593 ipsa
987 1502 1310 1594 capitula.
1313 1502 1738 1594 pertinentia
1788 1501 2055 1592 sinquli
2091 1500 2581 1590 Archiepiscopi
2616 1511 2667 1565 et

390 1611 714 1699 Episcopi
737 1632 889 1676 cum
903 1609 1211 1699 primum
1246 1609 1676 1700 perfecerint,
1710 1607 2058 1676 erectionis
2104 1605 2511 1698 hujusmodi,
2542 1630 2666 1673 om-

389 1715 711 1805 niumque
756 1716 928 1782 lianc
956 1715 1027 1781 in
1059 1737 1196 1780 rem
1244 1715 1768 1783 constitutorum
1790 1727 1967 1795 acta,
2025 1715 2420 1782 authentica
2463 1715 2664 1803 forma

389 1832 695 1901 exarata,
739 1820 933 1887 nobis
955 1818 1293 1887 reddenda
1339 1833 1592 1904 curent,
1624 1832 1702 1888 ut
1747 1819 1842 1888 ad
1855 1823 2234 1911 perfectam
2263 1819 2664 1911 Apostolico-

389 1949 542 1994 rum
580 1927 960 1994 litterarum
1007 1928 1452 1995 executionem
1489 1927 1649 1995 lzuic
1678 1939 1906 1995 nostro
1943 1925 2198 1994 decreto
2230 1927 2504 1994 inserere
2515 1946 2658 2015 pos-

385 2036 619 2102 simus.
672 2033 967 2125 (Bullarii
1006 2034 1284 2102 Romani
1331 2043 1504 2102 cont.
1544 2041 1703 2103 tom.
1756 2035 1869 2118 xl,
1911 2057 2059 2125 pag.
2093 2033 2287 2124 263.)

479 2139 586 2207 111.
641 2140 714 2206 ln
746 2141 929 2208 bulla
958 2132 1327 2208 concordati
1366 2142 1727 2209 Commissa
1773 2140 2132 2223 divinituS,
2179 2140 2266 2208 25
2300 2141 2453 2229 julii
2486 2138 2657 2223 1817,

386 2245 479 2313 sic
507 2246 889 2314 decernebat
918 2246 1073 2314 Pius
1103 2245 1214 2314 Vll
1254 2270 1270 2313 :

476 2351 1012 2442 Arclziepiscopis
1041 2364 1103 2419 et
1129 2354 1195 2418 E
1192 2353 1486 2443 piscopis
1525 2352 1785 2420 sedium
1809 2375 1968 2420 mox
1995 2363 2364 2420 erectarum
2391 2353 2483 2443 (1)
2513 2372 2658 2418 com-

391 2454 734 2525 mittimus
785 2468 849 2524 et
895 2457 1326 2544 mandamus,
1368 2471 1446 2526 ut
1479 2471 1732 2549 quanto
1779 2458 1970 2527 citius
2004 2458 2158 2548 fieri
2192 2459 2412 2550 possit
2457 2455 2660 2526 eadem

387 2560 687 2649 capitula
723 2557 806 2626 et*
830 2562 1195 2628 seminaria
1233 2564 1365 2629 rite
1405 2564 1903 2633 constituant...
1974 2568 2059 2632 Ut
2080 2565 2274 2654 felici
2308 2561 2663 2631 eorumdem

387 2667 846 2758 capitulorum
876 2667 1094 2734 statui
1123 2668 1558 2759 acreqimini
1591 2671 2049 2761 prospiciant,
2064 2668 2433 2763 peculiaria
2456 2691 2500 2735 a
2530 2668 2655 2734 sin·

388 2773 577 2865 qulis
645 2773 1115 2841 canonicorum
1172 2774 1465 2865 colleqiis
1510 2786 1768 2843 statuta
1825 2774 2086 2844 decerni
2135 2786 2380 2860 curent,
2421 2772 2662 2864 sibique

382 2893 617 2971 postea
661 2879 1019 2948 sancienda
1047 2902 1123 2947 ac
1150 2878 1504 2970 probanda
1518 2882 1820 2973 proponi
1833 2902 1865 2966 ,·
1907 2883 2148 2972 quibus
2184 2880 2575 2973 cumprimis
2599 2876 2658 2945 de

388 2997 560 3053 recto
608 2986 823 3055 divini
855 2987 1079 3055 cultus
1127 2988 1417 3068 servitio,
1448 2987 1527 3056 de
1580 2989 1784 3057 sacris
1831 2989 2086 3079 officiis
2136 2986 2549 3071 ordinandis,
2596 2982 2656 3052 de

377 3092 684 3182 propriis
736 3095 1118 3162 muneribus
1148 3094 1280 3161 rite
1328 3093 1643 3163 obeundis
1669 3106 2062 3186 {opportuna
2074 3108 2444 3187 praecepta,
2477 3091 2565 3160 ad
2581 3091 2651 3158 le-

385 3220 550 3285 qum
586 3199 1175 3267 ecclesiasticarum
1221 3212 1420 3290 atque
1465 3199 1561 3267 ad
1590 3200 2026 3291 synodalium
2059 3199 2466 3291 decretorum
2499 3217 2652 3289 proe-

389 3301 666 3384 stituta,
694 3304 1155 3394 imponantur.
1197 3306 1442 3373 Curent
1468 3319 1828 3397 praeterea,
1863 3318 1941 3374 ut
1971 3307 2045 3374 in
2087 3327 2475 3396 unoquoque
2497 3299 2646 3392 capi-

388 3406 533 3473 tulo
579 3407 708 3480 duo
742 3408 967 3476 adsint
1000 3411 1326 3494 canonici,
1382 3434 1669 3501 quorum
1721 3413 1898 3480 alter
1938 3411 2471 3504 poenitentiarii,
2502 3406 2642 3475 alter

390 3513 685 3603 theoloqi
714 3515 930 3605 officio
957 3519 1319 3607 funqatur.
1361 3517 1681 3586 Volumus
1706 3530 1958 3604 autem,
1985 3531 2061 3585 ut
2080 3516 2539 3607 cumprimum
2557 3530 2641 3577 ca-

380 3620 772 3709 pitulorum
811 3623 1204 3689 erectionem
1231 3626 1667 3714 perfecerint,
1707 3625 2055 3693 erectionis
2074 3620 2463 3715 hujusmodi
2483 3618 2643 3686 docu-

388 3740 712 3816 mentum,
737 3727 1078 3819 desiqnato
1097 3727 1292 3817 diqni
1297 3741 1517 3799 tatum
1538 3743 1601 3799 et
1625 3732 2093 3800 canonicorum
2117 3752 2422 3808 numero,
2447 3724 2532 3794 ad
2551 3740 2643 3790 nos

389 3834 695 3903 mittant.
736 3834 1131 3924 (Bullatium
1168 3834 1244 3902 R.
1292 3839 1773 3921 continuatum,
1812 3845 1858 3905 t.
1901 3837 2017 3920 Xl,
2046 3859 2194 3927 pag.
2231 3834 2417 3925 372.)

473 3935 588 4004 IV.
624 3938 810 4006 Bulla
840 3941 1149 4008 Paterna?
1182 3940 1458 4030 pietatis
1508 3940 1919 4021 sollicitudO,
1946 3942 1988 4010 6
2026 3941 2307 4009 octobris
2368 3936 2553 4005 1822.
2578 3963 2650 3982 --

382 4034 477 4103 De
520 4039 633 4107 illo
690 4047 1077 4116 concordato
1128 4048 1623 4139 praenotandum
1674 4055 1791 4135 est,
1851 4049 2017 4115 illud
2079 4046 2274 4114 fuisse
2329 4040 2650 4134 quamdam

456 4218 517 4281 (¹)
547 4216 649 4267 HOC
672 4220 973 4271 concordam
1010 4232 1131 4277 anni
1169 4207 1281 4281 1817
1321 4230 1545 4293 erigebat
1573 4229 1814 4280 Summus
1841 4228 2070 4279 Pontifex
2094 4239 2253 4277 novas
2281 4226 2453 4285 sedes;
2484 4225 2531 4272 et
2559 4221 2652 4266 tum

384 4310 445 4351 0¹
471 4300 591 4363 1Ρὸῖὸ
619 4298 868 4359 termini-²²,
900 4303 1012 4350 tum
1046 4317 1107 4353 ex
1132 4314 1403 4371 contextu,
1428 4324 1544 4373 quae
1569 4312 1807 4361 dicuntur
1841 4308 1911 4359 de·
1941 4307 2176 4372 capitulis
2211 4306 2450 4357 videntur
2479 4300 2539 4352 ad
2565 4292 2653 4347 sola

389 4380 612 4443 capitula
635 4378 821 4429 harum
843 4389 1091 4430 novarum
1110 4385 1308 4436 sedium
1332 4389 1615 4441 referenda.
