2930 4982
356 350 435 408 34
1325 360 1664 409 τιιΑοτΑτυε

352 488 486 570 tur,
529 482 900 550 meminisse
946 487 1189 572 quanta
1217 481 1502 551 vicissim
1544 483 2082 575 ex-capitulorum
2111 490 2429 556 attentatis
2452 487 2635 556 moli-

240 580 243 581 ⁷
352 589 641 659 minibus
679 612 809 658 non
846 612 991 659 raro
1023 612 1209 682 passa
1237 591 1321 660 sit
1354 591 1648 681 legitima
1671 597 1863 681 atque
1888 593 2255 663 indubitata
2279 596 2634 687 praesulum

349 696 717 765 auctoritas,

1293 855 1577 919 CAPUT
1625 858 1685 917 II

625 1038 701 1081 DE
739 1036 1171 1082 INSTITUTIONIS
1194 1037 1375 1083 HUJUS
1404 1034 1746 1084 ESSEN'HALI
1775 1039 1851 1084 ΕΤ
1879 1039 2173 1086 PRAEGIPUO
2206 1014 2346 1085 FINE

430 1218 809 1286 Pnoposmo
851 1239 895 1285 1.
925 1256 1013 1269 -
1048 1219 1237 1286 Finis
1274 1219 1640 1288 essentialis
1677 1232 1741 1287 et
1758 1222 2139 1312 primarius
2179 1220 2646 1312 capitulorum-

338 1325 832 1394 cathedralium
857 1337 979 1413 est,
1007 1325 1343 1393 auaeiliari
1361 1339 1426 1395 et
1442 1328 1747 1420 supplere
1765 1329 2097 1420 Episcopo
2122 1327 2197 1395 in
2216 1326 2503 1395 ecclesiae
2519 1348 2633 1395 seu

336 1431 628 1501 dioecesis
673 1431 1013 1521 reqimine.
1071 1469 1161 1483 -
1206 1432 1463 1501 Dicitur
1512 1433 1868 1523 auxiliari,
1922 1455 2154 1525 nempe
2199 1433 2346 1502 sede
2398 1434 2625 1524 plena;

332 1538 664 1628 supplere,
705 1560 938 1627 nempe
980 1544 1241 1606 vacante
1269 1538 1436 1608 sede.
1474 1539 1618 1619 Quo
1648 1542 1717 1606 in
1742 1546 2144 1610 antecessum
2174 1542 2506 1630 adnotato,
2536 1542 2628 1610 sic

330 1645 643 1734 probatur
679 1646 1050 1735 propositio.
1088 1642 1092 1647 ’
1558 1704 1567 1713 .

416 1749 509 1817 Ex
547 1752 810 1840 synopsi
838 1750 1144 1818 historica
1171 1751 1242 1817 in
1283 1751 1564 1819 sectione
1612 1753 1999 1842 praecedenti
2027 1752 2349 1821 delineata
2397 1754 2619 1822 mani·

322 1857 561 1924 festum
591 1857 664 1923 fit
691 1856 1079 1947 capitulum,
1113 1856 1195 1924 ab
1222 1856 1380 1946 ipsis
1408 1857 1711 1926 Ecclesiae
1742 1858 2193 1939 incunabuliS‚
2224 1865 2287 1927 et
2311 1860 2516 1930 fuisse
2540 1861 2621 1929 de

321 1963 508 2047 fact0,
543 1969 606 2033 et
631 1970 933 2032 vocatum
973 1963 1169 2032 fuisse
1213 1963 1566 2032 consilium
1595 1965 1916 2055 Episcopi
1922 1988 1950 2047 ,·
1999 1965 2154 2033 item
2192 1966 2623 2034 manifestum

321 2074 414 2136 est
464 2067 823 2161 capitulum
871 2069 952 2137 ab
1001 2068 1287 2138 Ecclesia
1330 2070 1631 2137 habitum
1663 2072 1862 2140 fuisse
1902 2077 2215 2160 tanquam
2268 2073 2626 2163 cujuslibet

314 2174 600 2243 ecclesiae
632 2175 1046 2265 particularis
1079 2197 1193 2243 seu
1217 2161 1512 2245 dioecesis
1542 2189 1889 2260 senatum;
1926 2179 2086 2246 item
2116 2185 2369 2247 certum
2394 2186 2492 2250 est
2518 2203 2623 2249 ca-

315 2281 523 2371 pitula
549 2281 618 2349 id
646 2281 940 2349 muneris
973 2301 1226 2371 semper
1269 2283 1655 2366 exercuisse,
1702 2285 2063 2354 auxiliandi
2099 2306 2334 2376 nempe
2378 2293 2621 2377 etsup-

314 2386 537 2475 plendi
562 2387 881 2479 Episcopo
912 2387 983 2453 in
1012 2387 1297 2455 ecclesiae
1333 2408 1470 2456 suae
1498 2387 1844 2477 regimine.

402 2490 603 2562 Porro
643 2496 769 2563 hoc
815 2496 1039 2585 ipsum
1070 2516 1319 2564 munus
1365 2502 1461 2563 est
1494 2495 1645 2563 finis
1690 2493 2070 2585 principalis
2120 2499 2181 2560 et
2223 2495 2608 2579 essentiam,

313 2605 574 2689 propter
610 2622 810 2689 quem
845 2600 1139 2669 instituta
1169 2602 1347 2669 fuere
1375 2600 1680 2692 capitula,
1724 2598 1899 2688 quod
1940 2600 2033 2665 sic
2059 2598 2380 2688 probatur
2413 2622 2430 2667 ι
2464 2599 2612 2669 Nisi

312 2712 574 2797 propter
601 2707 851 2774 dictum
882 2708 1084 2775 finem
1108 2707 1400 2774 instituta
1428 2705 1722 2788 fuissent,
1764 2704 2115 2782 dicendum
2154 2710 2315 2782 esset
2344 2704 2461 2773 illa
2501 2707 2615 2773 in-

311 2810 530 2878 stituta
549 2811 744 2880 fuisse
759 2813 1223 2904 principaliter,
1241 2811 1344 2879 vel
1361 2816 1435 2878 ut
1455 2810 1656 2878 vitam
1675 2811 2044 2901 regularem
2058 2818 2169 2879 aut
2179 2827 2616 2881 communem

312 2916 648 3002 ducerent,
679 2920 784 2987 vel
823 2926 899 2987 ut
920 2919 1199 3011 publicae
1228 2918 1426 2986 officii
1443 2918 1653 2986 divini
1701 2919 2120 2988 celebrationi
2152 2925 2479 3009 vacarent,
2509 2921 2614 2988 vel

311 3029 383 3090 ut
401 3023 778 3092 fruerentur
801 3025 1196 3113 quibusdam
1215 3025 1402 3093 honis
1422 3025 1919 3115 temporalihuS‚
1937 3047 2181 3116 nempe
2199 3026 2607 3116 praebendis5

312 3131 479 3199 nihil
502 3134 683 3201 enim
710 3132 889 3199 aliud
919 3132 1268 3219 excogitari
1297 3137 1507 3221 potest
1529 3137 1845 3221 tanquam
1877 3124 2038 3199 “finis
2062 3131 2143 3199 ah
2174 3129 2463 3198 Ecclesia
2509 3133 2615 3198 in-

309 3238 520 3305 tentus
547 3241 618 3305 in
644 3237 1081 3328 capitulorum
1107 3235 1537 3303 institutione.
1571 3236 1774 3326 Atqui
1795 3236 2023 3327 triplex
2038 3236 2211 3327 ⁸dieta
2229 3236 2611 3325 hypothesis

310 3344 657 3433 rejicienda
677 3349 789 3410 est.
819 3342 988 3412 Nam
1017 3342 1579 3433 quodcapitulum
1608 3343 1896 3411 induerit
1921 3342 2199 3409 formam
2228 3342 2373 3406 vitae
2400 3362 2609 3429 regu-

307 3450 464 3517 laris
497 3456 558 3517 et
585 3449 980 3533 communis,
1014 3448 1135 3515 fuit
1155 3446 1401 3539 aliquid
1430 3450 1553 3540 ipsi
1579 3447 1991 3517 accidentale.
2038 3446 2232 3514 Initio
2262 3445 2440 3514 enim
2498 3469 2632 3517 ex·-

309 3555 513 3623 stabat
565 3555 913 3623 consilium
953 3554 1272 3645 Episcopi
1298 3577 1374 3622 ex
1421 3554 1808 3645 presbyteris
1864 3558 1927 3620 et
1973 3553 2263 3621 diaconis
2322 3553 2608 3622 civitatis

307 3662 686 3753 episcopalis
730 3661 1108 3748 conflatum,
1140 3660 1293 3729 licet
1329 3661 1434 3728 isti
1469 3660 1771 3728 nondum
1811 3659 1884 3727 in
1926 3659 2152 3728 eadem
2187 3660 2381 3726 domo
2418 3682 2609 3729 com-

309 3770 697 3837 munitatem
743 3768 1228 3851 constituerent‚
1272 3773 1345 3833 ut
1369 3766 1588 3835 videre
1634 3773 1727 3836 est
1773 3767 1944 3856 apud
1997 3763 2512 3832 Thomassinum
2542 3772 2608 3833 et

307 3875 463 3941 alios
481 3873 561 3941 de
586 3875 705 3942 hac
729 3874 994 3942 materia
1010 3878 1371 3941 tractantes
1403 3872 1626 3940 Postea
1649 3871 1914 3959 quidem
1941 3869 2373 3960 multiplicato
2392 3870 2599 3955 clere,

306 3982 574 4072 quidam
603 3981 787 4050 electi
815 3986 968 4049 sunt
996 3980 1073 4048 ad
1103 3979 1276 4045 idem
1310 3999 1556 4044 munus
1599 3977 1917 4067 Episcopo
1942 3975 2297 4044 auxiliandi
2327 3976 2398 4043 in
2435 3977 2601 4045 dioe—

307 4088 466 4158 cesis
494 4088 836 4177 regimine,
871 4090 932 4151 et
969 4083 1041 4150 hi
1085 4083 1165 4150 ab
1207 4082 1348 4152 aliis
1378 4083 1699 4173 segregati
1728 4084 1799 4150 in
1828 4083 2022 4152 domo
2045 4081 2351 4173 Episcopi
2386 4082 2599 4150 vitam

306 4216 729 4266 communem
757 4193 1060 4280 egerunt3
1085 4189 1194 4257 sed
1214 4189 1334 4257 hac
1360 4212 1527 4258 nova
1544 4190 1752 4257 forma
1772 4211 1905 4257 non
1935 4195 2225 4258 creatum
2243 4188 2367 4253 fuit
2384 4189 2604 4255 consi-

302 4304 474 4371 lium
497 4298 816 4391 Episcopi
842 4301 904 4363 et
935 4304 1202 4362 senatus
1229 4296 1542 4378 ecclesiae,
1581 4297 1692 4365 sed
1710 4298 1851 4386 jam
1891 4298 2198 4365 exsistens
2226 4292 2601 4382 perfectiori

305 4412 367 4471 et
383 4407 628 4473 utiliori
647 4400 992 4491 disciplina
1020 4399 1391 4471 ordinatum
1421 4410 1537 4473 est.
1568 4402 1859 4471 Tandem
1892 4403 2023 4470 vita
2050 4400 2164 4467 illa
2187 4397 2507 4488 regularis
2532 4404 2602 4465 et
