2930 4982
389 380 422 434 9
433 379 469 433 0
1359 382 1708 432 TRAGTATUS

476 507 582 574 An
621 506 701 573 ad
746 506 1078 592 eumdem,
1118 504 1380 596 quando
1420 508 1517 571 est
1545 503 1758 595 prima
1793 503 1896 571 vel
1942 503 2077 572 sola
2121 502 2429 593 dignitaS,
2483 504 2675 594 perti-

389 615 537 678 neat
574 609 819 678 deferre
859 610 1138 702 pluviale
1174 611 1244 677 in
1279 610 1685 701 processione
1726 610 2001 678 solemni
2043 608 2345 700 Corporis
2386 607 2674 680 Christi?

390 716 457 786 S.
499 716 923 809 Congregatio
954 719 1226 787 Rituum
1255 718 1587 809 respondit
1614 720 2008 787 servandum
2037 739 2171 787 esse
2198 718 2666 808 caeremoniale,

386 823 435 890 l.
463 822 531 908 2,
567 846 622 891 c.
658 823 767 893 33.
809 825 1027 916 (Apud
1053 823 1439 908 Gardellini,
1467 846 1536 892 n.
1568 822 1798 915 3209.)

478 927 998 998 Archidiaconus
1051 930 1265 1022 prima
1320 931 1630 1019 dignitas,
1687 931 1946 999 absente
1999 930 2104 999 vel
2161 929 2474 1021 impedito
2530 928 2674 1022 Epi-

392 1055 608 1123 scopo,
641 1035 828 1103 debet
855 1058 1157 1127 peragere
1186 1038 1547 1105 functiones
1574 1038 1653 1105 ad
1680 1059 1981 1104 normam
2012 1059 2150 1128 cap.
2194 1036 2402 1104 Alma
2430 1047 2669 1118 mater,

394 1141 504 1208 sed
532 1140 591 1207 ei
625 1141 894 1210 debetur
923 1149 1179 1211 tantum
1218 1145 1576 1211 assistentia
1614 1143 1868 1211 diaconi
1896 1148 1957 1211 et
1988 1142 2392 1210 subdiaconi.
2434 1140 2527 1208 lta
2563 1142 2675 1209 de·

392 1245 601 1313 cisum
633 1266 670 1312 a
697 1244 764 1314 S.
804 1245 1316 1336 Congregatione
1356 1246 1628 1315 Rituum
1662 1248 1881 1338 (Apud
1909 1246 2295 1330 Gardellini‚
2339 1268 2409 1314 n.
2445 1245 2674 1333 3224.)

481 1348 666 1429 Quod
710 1351 1210 1440 intelligendum
1256 1358 1351 1419 est
1387 1351 1599 1441 quoad
1641 1352 1797 1419 festa
1825 1372 2118 1443 expressa
2146 1353 2217 1419 in
2245 1351 2678 1420 caeremoniali

396 1453 892 1546 Episcoporum.
931 1456 1228 1548 (Ibidem,
1267 1479 1338 1526 n.
1371 1456 1606 1548 3235.)

480 1558 613 1628 Nec
641 1562 793 1629 licet
820 1563 1275 1631 archidiacono
1307 1585 1423 1654 pro
1454 1584 1572 1630 suo
1600 1563 1868 1631 arbitrio
1910 1563 2282 1631 solemniter
2328 1561 2679 1650 celebrare,

394 1666 504 1735 sed
578 1673 834 1738 tantum
908 1670 979 1737 in
1035 1670 1264 1739 diebus
1331 1671 1648 1762 expressis
1705 1670 1777 1739 in
1837 1669 2299 1741 caeremoniali.
2365 1667 2679 1757 (Ibidem,

394 1794 462 1842 n.
495 1773 724 1865 3280.)

482 1881 997 1950 Archidiaconus
1070 1882 1557 1973 pontificalibus
1623 1882 1922 1951 assistens
1996 1883 2224 1974 nequit
2300 1902 2559 1950 sumere
2623 1885 2686 1947 et

398 2007 630 2055 exuere
673 1996 1052 2078 paramenta
1105 1991 1176 2057 in
1224 1990 1383 2058 solio
1439 1996 1503 2057 et
1546 1989 1689 2059 loco
1734 1990 1984 2082 proprii
2042 1989 2318 2069 scamni,
2354 1988 2464 2055 sed
2497 1984 2690 2054 debet

393 2092 778 2162 descendere
822 2095 903 2162 ad
949 2095 1405 2164 immediatum
1454 2096 1758 2185 gradum.
1820 2096 1910 2164 lta
1958 2095 2027 2165 S.
2085 2094 2517 2185 Congregatio
2568 2090 2689 2160 Ri-

400 2203 611 2266 tuum.
648 2200 867 2292 (Apud
895 2201 1281 2283 Gardellini‚
1316 2226 1385 2271 n.
1429 2201 1663 2293 4207.)

491 2306 557 2372 7⁰
593 2305 763 2386 Quid
812 2329 963 2375 vero
1018 2310 1432 2377 sentiendum
1475 2309 1554 2377 de
1604 2308 2078 2377 archidiaconis
2121 2307 2202 2376 ad
2244 2312 2486 2374 nutum
2534 2303 2696 2395 Epi·

400 2410 577 2499 scopi
631 2412 1131 2494 revocabilibus‚
1178 2419 1243 2482 et
1288 2416 1407 2507 qui
1451 2418 1769 2483 moriente
1823 2415 2143 2505 Episcopo
2181 2435 2374 2481 suum
2416 2411 2694 2478 titulum

401 2517 729 2600 amittunt,
767 2518 986 2606 quales
1028 2519 1271 2588 alicubi
1312 2523 1382 2588 in
1409 2520 1619 2589 Gallia
1646 2521 1927 2611 reperire
1957 2518 2096 2586 est?
2134 2515 2400 2585 Alicubi
2436 2515 2698 2584 scilicet

400 2620 760 2713 Episcopus
798 2625 1065 2693 titulum
1108 2628 1549 2695 archidiaconi
1593 2626 1726 2694 suis
1763 2624 2014 2692 vicariis
2056 2621 2464 2712 generalibus
2506 2619 2701 2690 addi·

402 2727 520 2794 dit.
555 2727 632 2795 Et
673 2751 826 2796 cum
862 2732 1086 2798 vicarii
1132 2734 1460 2822 generales
1504 2731 1894 2800 revocabiles
1945 2730 2077 2797 sint
2117 2728 2198 2796 ad
2243 2731 2485 2794 nutum
2530 2724 2697 2817 Epi-

405 2835 607 2924 scopi,
637 2837 893 2926 quando
918 2839 1064 2927 quis
1093 2862 1165 2907 ex
1194 2840 1286 2907 eis
1310 2863 1349 2907 a
1374 2860 1646 2907 munere
1676 2860 1793 2906 suo
1833 2842 2197 2919 amovetur,
2225 2833 2468 2902 amittit
2489 2831 2697 2899 simul

403 2941 506 3006 sui
532 2943 1088 3012 archidiaconatus
1113 2946 1403 3032 titulum,
1436 2946 1637 3034 etqui
1665 2945 1725 3012 ei
1751 2944 2038 3013 succedit
2079 2945 2151 3010 in
2184 2941 2497 3011 vicariatu
2534 2959 2697 3006 suc-

405 3046 573 3112 cedit
638 3050 832 3116 etiam
882 3051 952 3118 in
1004 3052 1363 3120 honorifico
1421 3052 1534 3120 illo
1602 3050 2155 3120 archidiaconatu.
2228 3047 2478 3116 Mortuo
2536 3063 2698 3112 vero

406 3148 749 3243 EpiscopO,
793 3155 959 3222 sicut
999 3157 1384 3225 vicariatum
1427 3157 1797 3246 generalem
1840 3158 2152 3225 amittunt
2189 3148 2554 3220 istiusmodi
2593 3169 2697 3214 ar-

408 3257 799 3342 chidiaconi,
848 3263 936 3329 ita
968 3267 1029 3328 et
1059 3263 1686 3332 archidiaconatum.
1739 3262 1938 3331 Porro
1985 3262 2064 3329 ad
2103 3260 2243 3327 haec
2286 3278 2493 3346 usque
2531 3258 2697 3320 tem·

408 3381 564 3450 pora
592 3363 657 3428 id
672 3365 1043 3435 inauditum
1067 3375 1129 3435 et
1146 3370 1219 3436 in
1243 3368 1452 3452 Gallia
1471 3375 1534 3437 et
1556 3372 1628 3437 in
1657 3374 1787 3438 toto
1808 3369 1963 3436 orbe
1996 3365 2315 3435 catholico
2344 3364 2548 3431 fuerat
2573 3360 2692 3452 (1).

409 3464 520 3532 Est
557 3473 777 3536 autem
817 3493 1080 3561 prorsus
1115 3477 1674 3543 anticanonicum.
1722 3472 2309 3541 Archidiaconatus
2350 3468 2526 3536 enim
2559 3470 2697 3533 tam

411 3595 485 3639 ex
531 3580 761 3642 natura
798 3599 913 3645 sua
951 3586 1299 3670 perpetuus
1341 3588 1434 3649 est
1470 3603 1669 3670 quam
1709 3580 2150 3648 canonicatuS.
2196 3576 2377 3645 Sicut
2403 3593 2557 3662 ergo
2587 3571 2699 3639 ab·

413 3702 648 3749 sonum
700 3690 795 3751 est
838 3684 1054 3752 dicere
1102 3688 1443 3755 canonicos
1489 3708 1623 3755 esse
1669 3687 1749 3754 ad
1800 3691 2041 3753 nutum
2089 3682 2393 3774 Episcopi
2434 3697 2698 3746 revoca-

416 3787 602 3875 biles,
669 3796 732 3858 et
779 3793 1138 3881 capitulum
1194 3794 1487 3862 desinere
1540 3800 1602 3862 et
1648 3795 1784 3882 jam
1836 3814 1967 3859 non
2019 3791 2311 3857 exsistere
2361 3786 2579 3854 statim
2628 3803 2699 3851 ac

418 3895 695 3960 moritur
731 3896 1117 3988 EpiscopuS‚
1158 3900 1244 3965 ita
1275 3899 1846 3964 contradictorium
1886 3902 1982 3964 est
2005 3895 2292 3983 aliquem
2333 3915 2468 3961 esse
2492 3889 2700 3959 archi-

417 3997 795 4086 diaconum,
853 4009 916 4068 et
964 4005 1167 4094 ipsius
1232 4001 1835 4070 archidiaconatum
1910 4023 2064 4069 cum
2134 4007 2341 4068 morte
2395 3993 2699 4089 Episcopi

418 4103 737 4193 expirare.
766 4105 846 4172 Et
880 4109 1005 4176 hoc
1045 4131 1274 4178 verum
1303 4113 1396 4176 est
1423 4109 1618 4176 etiam
1647 4108 1725 4175 de
1752 4108 2271 4175 archidiaconatu
2301 4104 2698 4174 considerato

418 4215 735 4299 quatenus
762 4233 939 4280 mere
968 4215 1349 4286 honorifico.
1398 4215 1569 4285 Nam
1610 4221 1929 4306 quatenus
1974 4214 2119 4282 talis
2167 4209 2587 4301 consequitur
2623 4207 2701 4276 de

491 4443 554 4505 (1)
582 4442 682 4504 Ego
710 4440 890 4492 saltem
921 4440 1119 4492 nullum
1147 4443 1261 4494 talis
1286 4446 1625 4499 subversionis
1651 4448 1913 4511 vestigium
1937 4445 2155 4511 reperire
2178 4446 2341 4510 potui.
