2930 4982
381 376 504 430 228
1351 368 1693 418 'suenrus

379 501 645 587 sufficit,
680 497 807 565 nisi
853 497 1199 564 concurrat
1237 489 1440 558 simul
1485 489 1656 556 bona
1698 484 1853 552 fides
1898 482 2176 551 civiliter
2214 500 2326 547 seu
2354 478 2660 568 juridice,

379 613 642 699 propter
668 603 985 672 rationem
1019 599 1383 687 allegatam.
1413 617 1450 658 ι»

469 715 538 780 4⁰
573 715 763 778 Bona
785 704 951 797 fides
977 726 1059 771 ea·
1084 700 1472 792 iqnorantia
1485 698 1666 789 juris
1692 719 1827 765 non
1852 693 2039 777 certi,
2073 692 2281 772 idest,
2312 692 2487 760 inter
2524 689 2673 758 doc-

384 833 553 888 tores
583 810 1006 889 controversi,
1043 807 1299 898 suffi'cit
1315 806 1528 897 juata
1553 802 1798 870 multos
1830 798 2210 868 canonistas
2246 797 2341 865 ad
2381 797 2675 887 leqitime

377 917 1055 1017 praescribendum.--
1071 913 1138 982 Id
1161 913 1307 981 vide
1322 916 1624 979 testatum
1639 907 1811 998 apud
1834 903 2253 974 Reiffenstuel
2275 902 2438 994 (loco
2454 904 2670 987 citato,

384 1053 452 1098 n.
500 1027 611 1119 77)
637 1077 654 1105 ,
698 1030 761 1092 et
801 1021 976 1112 apud
1025 1018 1316 1088 Ferraris
1355 1018 1521 1103 (loco
1553 1014 1744 1093 citato
1775 1065 1793 1103 ,
1833 1033 1902 1078 n.
1937 1008 2074 1101 20).
2110 1008 2180 1077 Id
2218 1015 2437 1078 tamen
2464 1007 2675 1099 rejicit

384 1132 691 1202 dominus
714 1126 997 1217 Troplon
1006 1147 1073 1215 g,
1098 1130 1161 1192 et
1178 1123 1335 1191 dicit
1351 1145 1387 1190 a
1408 1119 1850 1189 tribunalibus
1874 1116 2292 1186 saecularibus
2315 1138 2450 1184 non
2478 1116 2672 1185 fuisse

383 1236 738 1307 admissum
779 1232 944 1323 tloco
972 1233 1190 1317 citato,
1219 1250 1289 1295 n.
1324 1226 1509 1317 926).

474 1343 541 1411 5⁰
577 1344 662 1409 In
688 1335 1033 1430 Episcopis
1068 1333 1318 1403 Gallice
1356 1333 1473 1423 qui
1500 1331 1634 1399 sibi
1657 1328 2007 1411 exclusive,
2040 1338 2272 1395 contra
2284 1326 2402 1417 jus
2426 1337 2674 1394 certum

385 1445 763 1518 collationis
784 1441 987 1512 simul
993 1453 1227 1523 taneoe,
1256 1438 1765 1507 canonicatuum
1785 1434 2213 1503 collationem
2233 1443 2669 1524 usurparunt,

391 1554 564 1622 bona
591 1550 783 1641 fides,
815 1570 951 1617 non
977 1569 1059 1614 ea·
1084 1544 1473 1637 iqnorantia
1490 1541 1683 1633 facti,
1711 1539 1827 1609 sed
1844 1560 1928 1607 ex
1954 1562 2172 1607 errore
2194 1540 2368 1607 circa
2376 1539 2496 1628 jus
2510 1560 2677 1629 pro-

390 1659 636 1730 venisse
664 1652 981 1725 censenda
1005 1664 1126 1721 est.
1158 1650 1433 1719 Nullum
1465 1651 1644 1716 enim
1675 1648 1987 1736 allegatur
2016 1647 2256 1714 sactum
2285 1668 2360 1714 ex
2385 1667 2511 1734 quo
2547 1667 2680 1735 po·-

388 1766 585 1835 tuerit
610 1785 789 1832 error
812 1761 935 1829 ille·
951 1758 1208 1826 exoriri.
1242 1756 1430 1837 Quod
1455 1756 1510 1823 si
1530 1752 2058 1838 existimaverint,
2086 1753 2219 1821 sive
2239 1774 2315 1820 ex
2332 1754 2480 1842 jure
2502 1771 2685 1819 com-

391 1872 609 1957 muni,
639 1870 773 1939 sive
818 1889 894 1934 ex
941 1869 1115 1933 textu
1155 1862 1397 1931 decreti
1439 1860 1780 1929 erectionis
1822 1858 2173 1949 cujuslibet
2206 1859 2524 1944 dioecesis,
2555 1856 2683 1925 sive

393 2000 469 2047 ex
495 1975 804 2068 temporis
832 1971 1323 2041 difficultatibus
1349 2020 1368 2056 ,
1418 1969 1666 2036 dictum
1712 1966 2115 2035 exclusivum
2138 1967 2249 2055 jus
2277 1966 2403 2034 sibi
2433 1984 2683 2054 compe-

394 2092 549 2171 tere,
580 2083 648 2152 id
672 2081 798 2150 suit
823 2101 1004 2149 error
1026 2079 1223 2168 juris,
1255 2097 1387 2144 non
1421 2075 1597 2142 facti.

486 2190 659 2280 Ergo
681 2207 904 2257 revera
926 2189 1279 2254 caruerunt
1302 2182 1461 2251 dicti
1486 2180 1802 2249 Praesules
1827 2201 1900 2247 ea
1925 2178 2138 2270 specie
2157 2178 2346 2246 bonae
2371 2178 2521 2248 fidei
2544 2197 2684 2266 quae

399 2297 477 2366 ad
507 2295 797 2386 legitime
824 2290 1381 2384 praescribendum
1415 2288 1774 2356 necessaria
1801 2291 1917 2354 est.

496 2400 799 2490 Oincies.
817 2435 909 2450 -
936 2396 1341 2487 Iniuriosum
1369 2401 1462 2463 est
1492 2393 1771 2485 praefatis
1793 2391 2019 2461 Galliae
2037 2389 2433 2460 Praesulibus
2456 2412 2689 2482 suppo·

403 2529 556 2575 nere
589 2507 737 2574 illos
764 2526 840 2572 ex
867 2503 1234 2592 ignorantia
1262 2502 1435 2592 juris
1476 2521 1742 2590 errasse.
1760 2493 1866 2551 ‘—
1901 2497 2276 2590 Respondeo
2304 2522 2321 2566 :
2350 2520 2692 2588 perperam

404 2611 709 2681 nonnulli
749 2609 1066 2678 invidiam
1094 2609 1165 2675 in
1193 2630 1299 2676 me
1316 2659 1335 2687 ‚
1374 2607 1652 2697 hujusce
1680 2607 2056 2696 quaestionis
2083 2606 2433 2691 occasione,
2465 2606 2698 2673 conci-

405 2722 652 2803 tarunt,
682 2714 870 2805 quasi
896 2714 1103 2783 dictos
1125 2713 1439 2784 Praesules
1462 2719 1527 2782 et
1550 2711 1779 2781 Galliae
1805 2714 2056 2782 clerum
2092 2718 2402 2802 tanquam
2429 2711 2699 2800 iqnaros

408 2823 829 2918 traduxerim.
879 2820 1081 2889 Aliud
1131 2821 1375 2911 quippe
1422 2828 1519 2887 est
1566 2820 1788 2888 virum
1832 2819 2118 2910 aliquem
2169 2819 2477 2909 ignarum
2504 2871 2523 2901 ,
2581 2838 2700 2886 seu

411 2931 678 3000 scientia
714 2928 1094 2998 destitutum
1135 2928 1581 3017 pronuntiare,
1616 2932 1679 2994 et
1703 2926 1885 2995 aliud
1907 2926 2122 2995 dicere
2144 2926 2339 2995 illum
2367 2946 2605 2995 errasse
2630 2925 2701 2992 in

414 3034 632 3123 aliqua
659 3034 1033 3125 particulari
1053 3032 1223 3123 juris
1251 3032 1550 3102 canonici
1575 3032 1949 3121 quaestione.
1978 3031 2144 3100 Noto
2171 3032 2391 3101 notius
2418 3037 2512 3100 est
2538 3030 2701 3099 insi-

417 3138 564 3227 gnis
582 3158 657 3206 ac
678 3138 1222 3228 praestantissimae
1240 3137 1554 3206 doctrinae
1565 3138 1736 3205 viros
1760 3137 1831 3204 in
1851 3137 2187 3205 nonnullis
2209 3137 2700 3227 quaestionibUS,

420 3243 779 3332 praesertim
808 3243 1046 3333 quibus
1072 3265 1311 3335 parum
1335 3242 1726 3323 studuerint,
1753 3263 1967 3311 errare
1994 3265 2198 3334 posse.
2244 3243 2565 3313 Caeterum
2587 3243 2707 3333 qui

421 3348 578 3415 adeo
631 3349 862 3417 acriter
924 3349 1236 3441 reJiciunt
1284 3349 1524 3417 dictam
1575 3348 1983 3439 hypothesim
2041 3347 2226 3418 bona>
2269 3350 2434 3440 fidei
2474 3372 2559 3419 esc
2604 3372 2708 3417 er-

422 3475 571 3548 rore
619 3453 791 3522 circa
826 3453 947 3544 jus
972 3506 992 3535 ,
1048 3455 1306 3524 faveant
1349 3454 1475 3546 ipsi
1533 3454 1727 3523 aliam
1777 3454 2060 3545 pandere
2110 3457 2486 3545 quaestionis
2531 3454 2709 3524 solu-

422 3559 689 3629 tionem.
745 3559 1095 3630 Enimvero
1145 3566 1393 3630 certum
1426 3565 1521 3627 est
1562 3560 1887 3651 imprimis
1915 3563 2028 3651 Jus
2079 3563 2442 3632 collationis
2483 3560 2717 3631 simul-

425 3673 630 3738 taneae
660 3670 882 3736 revera
911 3689 1046 3736 esse
1068 3669 1180 3757 jus
1205 3687 1578 3735 commune.
1607 3664 1889 3733 Aliunde
1913 3688 2121 3757 neque
2149 3690 2385 3757 negare
2415 3672 2714 3759 possunt,

424 3777 600 3864 quod
676 3774 1114 3867 propositione
1168 3772 1455 3843 secunda
1512 3773 1964 3863 probavimuS,
2029 3775 2324 3844 videlicet
2376 3771 2720 3866 Episcopis

428 3877 683 3957 Galliae,
733 3902 907 3948 anno
956 3879 1158 3959 1802,
1208 3878 1542 3948 indultum
1587 3879 1784 3947 fuisse
1816 3881 1928 3969 jus
1982 3880 2380 3950 exclusivum
2435 3878 2729 3949 collatio-

426 3984 532 4049 nis
559 4005 688 4072 pro
707 3986 945 4074 prima
975 3984 1115 4052 vice
1151 3984 1510 4064 dumtaxat3
1557 4006 1633 4053 ac
1680 3985 1975 4076 proinde,
2024 3991 2166 4077 post
2210 3988 2499 4077 primam
2536 3985 2731 4054 illam

430 4087 865 4174 collationem,
900 4092 1159 4160 eosdem
1192 4090 1507 4159 Praesules
1535 4089 1660 4159 hoc
1696 4092 2017 4160 exclusivo
2037 4094 2188 4182 jure
2215 4095 2518 4162 caruisse.
2551 4091 2736 4160 Cum

429 4199 647 4261 tamen
694 4193 821 4264 hoc
877 4198 1280 4268 exclusivum
1323 4200 1436 4289 jus
1479 4198 1605 4268 sibi
1661 4198 2153 4290 usurpaverint,
2209 4200 2338 4268 nisi
2381 4197 2606 4267 dicatis
2659 4197 2742 4266 id

424 4321 532 4369 eos
580 4299 861 4368 errando
904 4301 1077 4370 bona
1118 4302 1253 4393 fide
1290 4308 1632 4396 peregisse,
1666 4327 1778 4373 oro
1811 4306 2067 4395 amab0,
2102 4306 2262 4396 quid
2293 4306 2474 4374 aliud
2505 4302 2743 4371 dicere

431 4404 713 4495 potestis,
753 4406 881 4475 nisi
903 4427 1010 4474 eos
1038 4408 1311 4477 scienter
1339 4432 1412 4479 ac
1436 4411 1708 4501 proinde
1746 4411 2062 4481 malitiose
2095 4413 2208 4501 jus
2251 4411 2537 4481 alienum
2575 4407 2746 4484 vio-
