2930 4982
1142 381 1224 426 nn
1268 380 1594 427 cunnus.
2390 373 2513 429 525

312 498 502 569 Unde
530 520 674 586 quae
701 497 872 565 dicta
896 502 1050 583 suant
1074 495 1152 564 de
1176 503 1412 574 extem,
1437 498 1633 564 etiam
1650 497 1893 565 vicario
1913 498 2199 587 generali
2224 499 2514 571 defuncti

222 605 524 696 Episcopi
545 602 931 694 applicanda
955 603 1229 672 veniunt
1246 603 1510 694 quando
1531 624 1663 670 non
1684 609 1777 669 est
1796 604 1993 671 simul
2012 608 2389 676 canonicus.

313 711 394 777 Et
425 711 598 777 idem
628 709 976 778 dicendum
1008 709 1088 777 de
1120 732 1273 778 casu
1313 709 1383 777 in
1413 729 1546 798 quo
1574 707 1855 775 vicarius
1894 709 2175 779 defuncti
2210 713 2517 805 Episcopi

225 821 435 885 careat
461 816 765 905 qualitate
798 814 1079 883 doctoris
1107 839 1124 883 ε
1170 816 1447 883 minime
1479 815 1729 883 scilicet
1758 812 1881 903 ipsi
1924 816 2314 906 suffragatur
2341 820 2519 909 quod

224 922 422 990 suerit
455 922 736 989 vicarius
774 923 1122 1010 generalis,
1153 922 1207 989 si
1239 922 1514 990 existant
1547 922 1617 988 in
1657 918 1944 1008 capitulo
1989 926 2100 988 aut
2146 923 2216 989 in
2257 924 2517 995 dioecesi

224 1028 516 1097 doctores
549 1028 789 1096 idonei.
835 1027 1086 1107 «Quod
1133 1029 1186 1096 si
1223 1028 1582 1119 Episcopus
1626 1027 2005 1095 demortuus
2034 1027 2303 1115 reliquit
2341 1032 2517 1099 vica-

230 1159 267 1199 «
303 1134 507 1212 rium,
553 1155 751 1222 quem
788 1133 1070 1221 elegerat
1108 1156 1258 1201 cum
1305 1155 1437 1201 non
1481 1138 1645 1201 esset
1684 1133 1930 1215 doctor,
1974 1134 2337 1223 capitulum
2382 1157 2519 1206 non

229 1264 267 1305 «
301 1239 488 1311 debet
523 1261 679 1307 eum
711 1239 1123 1319 confirmare,
1156 1240 1266 1307 sed
1301 1239 1504 1307 alium
1537 1240 1653 1327 qui
1685 1239 1769 1306 sit
1809 1238 2032 1305 doctor
2060 1238 2318 1328 eligere.
2354 1266 2387 1305 »
2425 1240 2520 1310 Ita

221 1343 570 1433 Pignatelli
602 1344 783 1436 (tom.
819 1343 963 1428 Vll,
997 1344 1275 1413 consult.
1322 1345 1389 1431 4,
1423 1367 1490 1411 n.
1536 1343 1632 1435 9),
1676 1344 1790 1433 qui
1832 1343 2115 1410 affirmat
2158 1345 2223 1411 id
2261 1347 2401 1413 erui
2440 1368 2518 1414 ex

220 1451 546 1518 decisione
566 1449 846 1538 quadam
867 1449 1080 1518 Sacrae
1100 1450 1639 1538 Congregationis
1658 1449 1944 1535 concilii,
1968 1454 2030 1514 et
2049 1450 2204 1515 citat
2221 1449 2519 1518 Garziam

223 1555 346 1649 (De
375 1557 737 1647 beneficiiS,
770 1563 931 1646 part.
987 1556 1056 1635 5,
1090 1579 1146 1624 c.
1187 1555 1255 1644 7,
1304 1578 1370 1622 n.
1415 1552 1550 1645 10),
1595 1559 1656 1623 et
1701 1553 2052 1622 Barbosam
2087 1553 2230 1645 (Jus
2264 1555 2512 1633 coclea..

221 1663 271 1730 l.
321 1685 366 1747 1,
405 1686 462 1731 c.
514 1662 628 1747 32,
656 1684 725 1731 n.
772 1661 886 1748 50,
920 1668 965 1729 t.
1017 1662 1082 1749 l;
1116 1664 1326 1729 —De
1367 1659 1729 1742 canoniciS,
1765 1682 1822 1728 c.
1873 1660 1985 1746 42,
2019 1683 2089 1727 n.
2137 1659 2257 1743 50;
2306 1698 2397 1712 —-
2423 1662 2519 1728 De

225 1768 452 1858 officio
499 1767 731 1858 episc,
762 1772 928 1858 part.
961 1767 1029 1855 3,
1062 1769 1255 1857 alleg.
1286 1768 1399 1848 54,
1442 1791 1512 1834 n.
1554 1767 1720 1855 1683
1766 1805 1857 1821 -—
1891 1767 1970 1835 ad
2001 1789 2144 1859 cap.
2187 1768 2269 1836 16
2298 1766 2512 1855 Trid.,

225 1897 297 1942 n.
334 1873 421 1941 26
449 1873 519 1939 in
547 1870 725 1962 fine).

1122 2052 1414 2139 CAPUT
1463 2054 1623 2112 xm

482 2223 563 2266 AN
603 2222 668 2266 IN
710 2221 1000 2267 VICARIUM
1042 2221 1457 2267 CAPITULAREM
1498 2220 1655 2266 ELIGI
1698 2222 1893 2266 Possl'r
1937 2210 2278 2269 PAROGHUS?

319 2400 505 2467 Hanc
532 2399 958 2488 quaestionem
993 2400 1129 2467 fuse
1157 2400 1451 2469 tractavit
1480 2399 1823 2488 Pignatelli
1856 2399 2055 2491 (tomo
2078 2399 2228 2485 VII,
2258 2402 2523 2470 consul-

226 2507 470 2575 tatione
497 2506 590 2596 4),
627 2527 825 2594 quem
853 2512 1113 2574 secutus
1142 2513 1235 2574 est
1259 2506 1538 2574 breviori
1570 2507 1775 2574 forma
1803 2506 2169 2576 Leurenius
2197 2508 2521 2599 (Tractatu

226 2614 325 2679 De
363 2612 683 2702 capitula,
724 2610 870 2679 sede
897 2634 1073 2693 vac„
1107 2635 1165 2680 c.
1200 2613 1268 2696 4,
1316 2635 1382 2701 q.
1423 2612 1606 2701 558).
1640 2611 1911 2681 Summa
1952 2618 2170 2683 autem
2214 2616 2522 2685 doctrinae

225 2739 457 2786 eorum
492 2720 632 2785 haec
661 2726 753 2784 est
785 2741 801 2785 ε

324 2825 388 2892 1⁰
429 2823 654 2903 Quoad
702 2823 1064 2911 parochum
1108 2829 1428 2906 exterum,
1463 2824 1532 2891 id
1572 2829 1692 2902 est,
1741 2823 1857 2912 qui
1904 2826 2282 2915 parochiam
2333 2826 2525 2895 habet

224 2936 406 2999 extra
434 2930 752 2997 civitatem
778 2928 1238 3018 episcopalem,
1267 2934 1329 2995 et
1353 2950 1388 2996 a
1408 2928 1655 3002 fortiori
1680 2934 1852 2996 extra
1881 2930 2242 3013 dioecesim,
2271 2937 2524 3001 certum

223 3042 326 3106 est
356 3036 575 3127 ipsum
607 3055 741 3101 non
790 3055 973 3123 posse
1003 3034 1157 3123 eligi
1208 3036 1278 3100 in
1317 3034 1642 3103 vicarium
1687 3036 2138 3125 capitularem.
2175 3037 2264 3105 lta
2305 3043 2525 3107 tenent

227 3144 522 3211 doctores
560 3137 1025 3220 communiter,
1077 3142 1300 3205 contra
1344 3160 1587 3228 paucos
1634 3138 1751 3228 qui
1801 3144 2117 3228 putarunt
2163 3141 2524 3229 parochum

226 3245 523 3317 excusari
544 3267 581 3311 a
598 3242 943 3310 residentia
965 3242 1048 3308 ob
1067 3243 1500 3310 exercendum
1523 3242 1686 3309 illud
1706 3265 1971 3312 munus.
1998 3244 2185 3325 Quod
2206 3251 2280 3312 ut
2296 3248 2524 3336 probet

227 3351 601 3441 Pignatelli‚
630 3352 948 3416 memorat
963 3348 1220 3438 primO,
1247 3349 1436 3414 talem
1461 3348 1848 3438 parochum,
1879 3371 1952 3417 eo
1977 3352 2151 3439 quod
2178 3373 2310 3419 non
2330 3354 2413 3420 sit
2439 3353 2520 3423 de

228 3458 484 3548 gremio
509 3454 798 3545 capituli,
828 3474 961 3519 non
993 3474 1173 3543 posse
1198 3453 1352 3541 eligi
1377 3454 1631 3542 quoties
1653 3444 1877 3521 essent‘
1897 3455 1967 3520 in
1996 3455 2279 3544 capitulo
2309 3459 2521 3526 ornati

227 3563 647 3654 qualitatihus
672 3583 708 3628 a
729 3559 1112 3627 Tridentina
1138 3560 1382 3647 synodo
1406 3560 1770 3648 requisitis3
1798 3583 1954 3627 nam
1977 3562 2226 3628 coeteris
2236 3563 2523 3651 paribus

228 3675 534 3740 tenentur
564 3667 946 3757 capitulares
988 3664 1227 3752 eligere
1267 3664 1554 3753 aliquem
1593 3666 1671 3733 de
1715 3667 1989 3754 gremio.
2043 3666 2377 3749 SecundO,
2420 3691 2524 3735 ra-

230 3777 406 3843 tione
431 3795 602 3841 curae
620 3772 990 3839 animarum
1013 3770 1359 3859 praedictus
1382 3771 1705 3860 parochus
1731 3777 1988 3839 tenetur
2007 3772 2084 3838 ad
2107 3772 2524 3843 residentiam

226 3884 377 3971 jure
401 3882 624 3947 divino
651 3884 840 3966 atque
875 3878 1210 3962 canonico,
1244 3900 1319 3945 ex
1348 3878 1556 3967 capite
1585 3879 1611 3943 1
1647 3878 1947 3946 sessionis
1971 3877 2056 3945 23
2091 3879 2352 3946 concilii
2374 3881 2524 3950 Tri-

232 3987 509 4066 dentini,
550 3990 623 4052 ut
665 3988 889 4052 tenent
922 3982 1210 4050 doctores
1248 3985 1712 4051 communiter.
1746 3984 1879 4052 Nec
1913 3988 2120 4075 potest
2162 3986 2527 4075 capitulumr

233 4117 268 4161 a
291 4092 638 4162 residentia
659 4091 851 4157 illum
872 4089 1267 4177 dispensare,
1288 4110 1442 4156 cum
1464 4112 1584 4157 nec
1603 4089 2001 4180 Episcopus
1985 4112 2121 4179 ipse
2146 4096 2522 4180 potestatem

233 4200 464 4269 haheat
507 4197 886 4287 hujusmodi
933 4194 1433 4286 dispensationis
1484 4194 1931 4286 impertiendae
1982 4219 1999 4263 z
2056 4219 2090 4262 «
2138 4193 2344 4286 Super
2393 4216 2522 4283 quo

244 4334 277 4375 α
301 4309 663 4400 Episcopus
688 4325 821 4371 non
854 4306 1061 4392 potest
1087 4300 1486 4391 dispensare,
1520 4307 1597 4369 ut
1632 4300 1982 4369 declaraxit
2008 4300 2215 4371 Sacra
2242 4302 2525 4385 Congre-

246 4437 278 4480 α
306 4415 476 4505 gatio
505 4408 766 4479 concilii
809 4406 880 4473 in
924 4405 1336 4495 Eginatensi3
1377 4426 1499 4473 nec
1544 4407 1641 4496 ips
1647 4427 1683 4476 e
1729 4405 2095 4498 (parochus)
2138 4399 2524 4492 acceptando
