2930 4982
440 333 512 387 23
526 333 560 386 0
1406 331 1751 378 TRACTATL'S

1508 583 1658 662 §11

536 772 791 820 QUOMODO
829 771 900 809 Ex
927 768 1153 819 REGULls
1183 766 1565 806 CANCELLARIAE
1602 764 1961 805 COLLATIONES
2004 763 2196 803 MULTAE
2227 764 2298 802 AD
2339 764 2599 806 ROMANUM

1231 868 1550 908 PONTIFICEM
1589 866 1926 906 PERTINEANT

520 1049 678 1130 Quae
702 1049 1044 1138 hucusque
1063 1047 1141 1115 de
1163 1049 1314 1138 jure
1344 1044 1717 1114 conferendi
1745 1043 2149 1119 canonicales
2177 1044 2554 1135 praebendas
2582 1047 2688 1116 dis-

434 1154 784 1239 seruimuS,
832 1155 1266 1223 intelleximus
1302 1154 1380 1221 de
1412 1155 1563 1242 jure
1601 1150 2096 1219 ordinariorum
2128 1150 2532 1237 collatorum,
2571 1153 2691 1222 abs-

434 1260 752 1331 trahendo
777 1282 815 1328 a
835 1261 985 1350 jure
1041 1258 1318 1329 Romani
1368 1257 1701 1326 Pontificis
1758 1257 2141 1347 hujusmodi
2197 1257 2567 1326 collationes
2594 1259 2689 1326 sibi

436 1365 832 1435 reservandi.
876 1364 944 1433 Si
985 1366 1163 1432 enim
1196 1365 1387 1434 Sedes
1427 1363 1798 1454 Apostolica
1823 1363 1948 1431 sibi
1987 1363 2266 1453 alicujus
2301 1362 2595 1432 beneficii
2616 1387 2693 1433 re-

439 1472 786 1542 servaverit
827 1472 1261 1550 collationem,
1312 1493 1349 1538 a
1392 1470 1576 1539 nullo
1627 1469 1753 1538 alio
1801 1469 2036 1562 poterit
2069 1468 2211 1537 haec
2256 1470 2506 1539 collatio
2554 1472 2688 1539 fieri.

439 1580 623 1649 Hanc
651 1578 1162 1647 reservationum
1201 1582 1572 1669 potestatem
1604 1576 1895 1644 Romano
1925 1574 2227 1645 Pontifici
2254 1576 2696 1645 vindicavimus

438 1684 508 1753 in
535 1691 806 1753 tractatu
834 1688 930 1751 De
942 1682 1303 1775 principiis
1316 1681 1498 1773 juris
1526 1682 1831 1751 canonici
1853 1681 1995 1773 (ubi
2022 1681 2446 1750 disseruimus
2463 1682 2536 1749 de
2563 1705 2696 1750 can-

438 1791 724 1860 cellarioe
761 1790 1011 1882 requlis·
1044 1795 1352 1878 tanquam
1384 1788 1556 1878 juris
1585 1789 1886 1866 canonici
1920 1786 2142 1878 fonte).
2183 1787 2279 1857 De
2308 1787 2470 1857 facto
2509 1793 2691 1856 autem

439 1920 556 1989 per
586 1897 786 1966 dictas
827 1897 1086 1986 regulas
1118 1896 1429 1965 Summus
1465 1895 1760 1964 Pontifex
1783 1894 1909 1963 sibi
1955 1900 2259 1979 reservat,
2313 1899 2455 1963 tum
2507 1893 2697 1985 omnia

441 2003 755 2074 beneficia
795 2002 1088 2070 vacantia
1128 2002 1199 2068 in
1242 1987 1446 2084 curia,
1484 2005 1627 2067 tum
1664 2001 1947 2091 primam
1997 1999 2381 2088 dignitatem
2430 2001 2697 2068 omnium

442 2109 935 2192 cathedralium,
987 2115 1136 2176 tum
1187 2108 1499 2176 beneficia
1555 2107 1847 2174 vacantia
1902 2110 2044 2174 octo
2084 2107 2526 2182 determinatis
2567 2104 2698 2175 anni

447 2215 805 2299 mensibus,
838 2216 943 2283 vel
989 2216 1213 2283 saltem
1250 2214 1586 2282 mensibus
1619 2236 1749 2299 seX,
1783 2214 1837 2281 si
1883 2213 1965 2281 ab
2009 2212 2325 2304 Episcopo
2368 2219 2700 2305 acceptetur

445 2322 843 2391 alternativa.
1602 2403 1607 2407 ,

534 2427 774 2517 Vigere
815 2449 1003 2518 porro
1046 2426 1448 2500 cancellariae
1497 2427 1755 2517 regulas
1799 2424 1914 2494 ubi
1953 2447 2067 2517 per
2108 2425 2485 2496 concordata
2525 2425 2706 2494 aliove

446 2535 637 2600 modo
677 2535 766 2602 eis
797 2556 928 2601 non
960 2539 1055 2601 est
1097 2535 1500 2623 derogatum,
1534 2532 1604 2599 in
1637 2532 1962 2624 praecitato
2003 2538 2275 2601 tractatu
2303 2533 2703 2601 ostendimus.

443 2636 520 2705 ln
565 2637 772 2707 Gallia
801 2644 1019 2710 autem
1058 2641 1266 2728 quoad
1299 2639 1618 2707 beneficia
1646 2639 2041 2729 parochialia
2069 2639 2365 2707 videmus
2389 2661 2427 2706 a
2455 2658 2706 2706 concor-

446 2745 591 2823 dato
615 2744 774 2812 anni
796 2743 960 2812 1801
1001 2744 1235 2811 factam
1255 2745 1763 2833 derogationem,
1789 2766 1924 2813 non
1955 2750 2179 2813 autem.
2199 2745 2410 2835 quoad
2439 2742 2707 2836 praeben-

448 2851 562 2921 das
601 2850 1029 2919 canonicales.

534 2957 614 3023 Et
631 2957 780 3026 licet
804 2958 981 3048 praxi
1001 2959 1144 3047 jam
1167 2957 1678 3047 quadragenaria
1707 2956 2008 3049 Episcopi
2032 2958 2256 3027 Galliae
2281 2981 2504 3027 omnes
2529 2975 2707 3025 cano-

447 3061 701 3130 nicatus
739 3068 801 3129 et
834 3063 1175 3151 dignitates
1217 3063 1550 3131 conferant
1598 3063 1781 3153 quasi
1827 3066 2068 3153 regulae
2109 3065 2506 3134 cancellariae
2541 3059 2711 3130 nullo

448 3169 638 3236 modo
686 3168 756 3236 in
795 3191 869 3237 ea
910 3168 1172 3257 regione
1198 3171 1338 3258 jam
1375 3171 1693 3259 vigerent,
1731 3192 1955 3259 graves
1995 3173 2411 3263 exposuimus
2454 3169 2709 3238 rationes

444 3273 787 3341 dubitandi
814 3298 897 3343 an
925 3276 991 3343 id
1020 3281 1191 3344 recte
1218 3284 1539 3366 ageretur.

534 3379 816 3447 Difficile
872 3384 1230 3472 praesertim
1280 3382 1470 3450 nobis
1522 3384 1982 3473 persuademus
2041 3385 2405 3452 consentire
2449 3383 2713 3473 Aposto-

443 3484 639 3554 licam
671 3485 925 3571 Sedem,
964 3493 1039 3555 ut
1066 3488 1294 3579 primae
1338 3488 1564 3556 saltem
1611 3489 1942 3579 dignitatis
1971 3491 2041 3558 in
2082 3489 2552 3559 cathedralibus
2578 3481 2711 3549 col-

431 3592 595 3661 ·latio
630 3594 755 3685 ipsi
786 3594 988 3682 libera
1029 3616 1162 3686 non
1205 3595 1635 3685 relinquatur.
1685 3596 1992 3664 Nondum
2040 3597 2313 3687 quidem
2356 3586 2715 3664 reclamavit

440 3698 750 3793 Summus
785 3702 1115 3791 Pontifex5
1146 3703 1256 3771 sed
1296 3704 1778 3772 oeconomicum
1818 3704 2025 3780 videri
2058 3703 2223 3771 illud
2253 3702 2600 3779 silentium,
2628 3693 2716 3758 ita

437 3816 511 3874 ut
541 3810 802 3876 nullum
839 3808 1109 3876 tacitum
1150 3830 1540 3877 consensum
1580 3810 1887 3894 involvat,
1925 3809 2033 3877 sed
2065 3808 2526 3900 opportuniora
2560 3805 2719 3868 tem-

439 3933 595 3999 pora
626 3914 706 3998 ad
742 3915 1230 3984 reclamandum
1272 3915 1620 4004 exspectari
1657 3920 1914 3983 tantum
1961 3915 2215 4007 probet,
2250 3915 2322 3982 in
2349 3912 2609 3981 tractatu
2640 3900 2722 3968 de

423 4018 777 4108 principiis
790 4022 973 4111 juris
1000 4022 1321 4109 canonici,
1354 4022 1830 4090 adnotavimuS.
