2930 4982
412 338 539 396 480
1395 338 1740 393 mactmus

422 492 457 531 α
501 468 597 533 De
633 462 844 555 officio
886 459 1153 546 vicarii,
1199 457 1421 550 1.V1)‚
1468 458 1692 528 diceus
1733 456 2069 549 Episcopo
2112 457 2708 544 excommmucato,

419 596 456 637 α
497 592 611 639 nec
636 572 777 660 ejus
804 566 1182 659 officialem,
1211 587 1328 634 nec
1354 564 1573 634 alium
1603 586 1795 656 posse
1811 565 1934 655 jus
1968 562 2234 633 reddere
2262 564 2392 634 nisi
2412 566 2705 653 Papam.

420 703 456 743 α
501 676 678 747 Idem
710 673 922 743 tenuit
952 673 1163 764 glom
1198 671 1294 764 (in
1318 672 1702 763 praedictum
1739 693 1799 739 c.
1847 694 1895 758 1,
1936 675 2033 741 De
2061 671 2272 763 officio
2302 671 2605 761 vicaria:
2637 672 2717 740 Si

421 809 456 850 α
496 783 865 874 Episcopus
890 791 985 848 est
1011 779 1645 863 excommunicatae,
1688 799 1808 846 nec
1833 776 1972 869 ipse
2005 799 2120 846 nec
2162 777 2372 868 ipsius
2406 777 2716 868 officialis

420 916 457 956 α
500 888 581 959 de
620 888 834 957 causis
874 897 1284 978 coquoscem.
1339 883 1527 969 Quid
1575 906 1729 976 erqo
1778 896 1941 952 tunc
1976 884 2143 974 fiet?
2180 882 2485 952 Adeatur
2519 886 2714 974 Papa

421 1023 456 1062 οι
501 1006 581 1065 ut
597 991 1044 1087 provideat...
1078 990 1411 1080 Secundo,
1441 991 1569 1061 hoc
1597 991 1825 1083 probat
1853 996 2050 1081 caput
2077 993 2384 1058 Romana
2412 988 2534 1081 (De
2557 1011 2712 1080 sup-

422 1129 457 1170 α
501 1101 738 1193 plenda
764 1098 1162 1188 negligentia
1180 1095 1468 1184 praelat„
1492 1096 1564 1165 in
1594 1093 1690 1186 6),
1713 1095 1831 1163 ubi
1855 1094 2709 1184 deciditurjurisdictionem

419 1236 458 1277 α
498 1207 891 1297 suffraganei
930 1205 1478 1274 excommunicati
1513 1202 1594 1271 ad
1636 1202 2210 1293 metropolitanum
2244 1222 2376 1270 non
2419 1201 2702 1288 devolvi3

421 1343 457 1383 α
502 1321 565 1384 et
600 1313 894 1382 redditur
928 1311 1117 1388 ratio,
1151 1332 1305 1380 cum
1341 1308 1421 1378 id
1451 1331 1591 1379 non
1627 1307 2020 1377 inveniatur
2049 1329 2094 1375 a
2110 1306 2269 1397 jure
2304 1330 2698 1378 concessum.

421 1447 458 1487 «ι
499 1420 568 1490 Si
612 1417 980 1509 jurisdictio
1019 1415 1275 1485 Praelati
1313 1416 1611 1506 suspensi
1655 1414 1954 1484 devoluta
1989 1419 2153 1483 esset
2193 1414 2274 1482 ad
2313 1416 2700 1506 capitulum,

422 1554 459 1595 α
503 1525 676 1617 Papa
720 1544 854 1593 non
893 1523 1273 1592 reddidisset
1304 1543 1450 1591 eam
1484 1521 1827 1606 rationem,
1857 1521 2029 1612 quod
2050 1519 2419 1610 jurisdictio
2441 1543 2574 1590 non
2609 1525 2710 1592 in·

424 1658 459 1697 «
503 1632 804 1700 veniatur
834 1628 1329 1720 metropolitano
1358 1649 1394 1696 a
1415 1629 1568 1717 jure
1598 1647 1917 1714 concessa,
1948 1627 2058 1696 sed
2085 1626 2300 1718 potius
2332 1628 2711 1700 reddidisset

420 1764 457 1805 ι(
503 1739 738 1824 aliam,
774 1758 1012 1827 nempe
1046 1735 1221 1823 quod
1245 1733 1617 1824 jurisdictio
1653 1733 2023 1803 inveniatur
2049 1756 2088 1803 a
2109 1736 2260 1823 jure
2287 1755 2575 1803 concessa
2607 1738 2714 1804 al-

419 1868 457 1912 «
504 1845 649 1928 teri,
681 1841 921 1910 scilicet
947 1838 1257 1930 capitulo.
1288 1863 1327 1922 »-
1364 1838 1618 1925 Tertio,
1648 1845 2143 1929 argumentatur
2165 1838 2512 1929 Fagnanus
2536 1863 2576 1909 a
2597 1842 2712 1911 de-

414 1950 636 2022 cretali
664 1946 982 2016 Bonifacii
1019 1945 1193 2029 Vlll,
1237 1945 1324 2014 Si
1352 1948 1729 2038 Episcopus
1773 1969 1816 2013 a
1846 1946 2252 2036 paqanz's...,
2279 1969 2481 2036 quam
2509 1969 2711 2041 supra

414 2055 969 2148 transcripsimuS,
1001 2052 1071 2120 in
1095 2053 1276 2123 hunc
1304 2073 1609 2121 sensum:
1646 2052 1918 2138 Quando
1942 2052 2319 2121 conceditur
2346 2055 2614 2123 facultas
2637 2057 2707 2124 in

416 2186 570 2234 casu
602 2160 886 2253 speciali,
931 2161 1320 2251 supponitur
1355 2159 1423 2227 id
1451 2158 1626 2248 quod
1664 2159 2043 2229 conceditur
2077 2181 2209 2228 non
2242 2181 2379 2228 esse
2425 2161 2504 2230 de
2524 2163 2700 2252 jure,

417 2289 629 2357 neque
657 2267 728 2333 in
756 2266 881 2334 hoc
908 2264 1170 2355 speciali
1199 2285 1377 2348 casu,
1409 2284 1624 2354 neque
1653 2264 1724 2331 in
1752 2264 2102 2333 similibus
2154 2289 2188 2330 «
2219 2267 2502 2350 Quarto,
2531 2267 2705 2335 sedes

423 2397 459 2438 «
501 2394 685 2461 aeque
714 2375 890 2438 vacat
919 2370 1395 2460 interpretative
1413 2390 1529 2459 per
1549 2369 2291 2438 excommunicationem
2311 2370 2412 2437 vel
2435 2393 2706 2462 suspen·-

422 2503 459 2544 ι(
501 2479 750 2548 sionem
791 2474 1074 2563 Praelati,
1103 2497 1180 2543 ac
1216 2498 1330 2567 per
1368 2475 1574 2567 ipsius
1615 2476 2134 2564 inhabilitatem3
2176 2476 2286 2544 sed
2330 2499 2487 2546 cum
2528 2479 2710 2547 sedes

423 2608 457 2648 «
507 2588 688 2649 vacat
715 2581 1194 2669 interpretative
1225 2603 1339 2670 per
1366 2580 1841 2651 inhabilitatem
1871 2582 2147 2665 Praelati,
2175 2583 2532 2672 jurisdictio
2564 2606 2716 2652 non

420 2710 457 2751 ι(
503 2684 871 2753 devolvitur
896 2685 978 2752 ad
1006 2685 1396 2774 capitulum,
1428 2687 1540 2754 sed
1565 2685 1737 2779 Papa
1764 2689 2058 2777 providet
2083 2688 2287 2758 dando
2312 2689 2403 2756 illi
2427 2690 2585 2757 coad
2582 2691 2615 2779 j
2625 2713 2716 2760 u-

424 2816 460 2855 «
507 2797 714 2859 torem
740 2788 1209 2881 (quodprobat
1232 2791 1598 2881 Faqmmus
1613 2790 1936 2881 pluribus
1950 2793 2135 2884 juris
2170 2791 2498 2883 textibus§;
2541 2816 2715 2885 ergo

427 2923 463 2964 «
508 2919 628 2966 nec
661 2897 1024 2966 devolvitur
1067 2896 1146 2964 ad
1200 2896 1562 2989 capitulum
1602 2918 1756 2966 cum
1796 2899 1976 2968 sedes
2016 2905 2195 2968 vacat
2230 2901 2710 2990 interpretative

426 3029 458 3068 (ι
503 3025 618 3093 per
669 2989 1413 3072 excommunicationem
1464 3001 1570 3070 vel
1629 3004 2119 3094 suspensionem
2174 3004 2382 3095 ipsius
2422 3003 2701 3074 Praelati.

420 3134 457 3177 «
506 3108 784 3196 Quinto,
810 3108 968 3176 huic
992 3108 1323 3176 sententiae
1354 3108 1747 3198 suffragatur
1774 3110 2085 3179 diuturna
2100 3110 2531 3197 observantia,
2559 3132 2705 3200 quae

421 3241 456 3280 «
500 3221 593 3282 est
626 3214 871 3304 optima
905 3214 1133 3304 legum
1162 3214 1500 3304 interpres.
1536 3214 1704 3283 Nam
1734 3215 2069 3307 Episcopis
2098 3223 2363 3308 propter
2391 3216 2702 3287 delictum

419 3344 455 3382 «
502 3317 606 3384 vel
630 3317 1104 3386 inhabilitatem
1125 3338 1162 3385 a
1170 3318 1622 3407 jurisdictione
1647 3320 1996 3409 suspensiS‚
2026 3343 2156 3389 non
2174 3322 2584 3390 administrat
2604 3342 2703 3389 ca-

421 3448 455 3486 «
497 3422 826 3511 pitulum3
864 3424 974 3489 sed
1016 3420 1211 3491 Sedes
1243 3423 1616 3513 Apostolica
1641 3428 1974 3496 consuevit
2007 3429 2399 3498 constituere
2431 3428 2700 3497 vicarios

419 3552 453 3593 α
494 3525 916 3618 ApostolicOS.
960 3549 997 3589 »

1523 3671 1584 3733 II

416 3838 497 3883 AN
534 3834 894 3881 JURISDICTIO
921 3834 1087 3887 QUAM
1126 3835 1324 3881 ΗΑΒΕΤ
1356 3836 1712 3898 ΟΑΡῙΤΠΗΙΜ,
1755 3839 1902 3888 SEDE
1923 3840 2243 3906 YAGANTE,
2273 3841 2428 3886 TUNG
2453 3840 2703 3886 TANTUM

494 3933 751 3979 INCIPIAT
778 3934 840 3976 IN
877 3913 1160 3979 CAPITULO
1188 3934 1478 3980 EXISTERE
1508 3936 1743 3987 QUANDO
1775 3936 2040 3983 MORITUR
2068 3939 2392 3997 EPISGOPUS,
2436 3940 2519 3984 AN
2544 3937 2705 3984 VERO

489 4032 603 4074 JAM
629 4030 831 4073 ANTEA
860 4030 1305 4076 HABITUALITER
1332 4031 1397 4076 IN
1440 4031 1723 4079 CAPITULO
1752 4035 2037 4081 EXISTENS
2058 4036 2323 4081 INCIPIAT
2351 4035 2705 4083 soLUMMODo

406 4114 415 4119 ’
488 4124 550 4169 IN
575 4125 704 4172 ILLO
733 4125 1122 4174 CONSOLIDARI
1144 4128 1222 4173 ΕΤ
1242 4129 1539 4175 TRANSIRE
1577 4130 1658 4177 AD
1685 4132 1886 4180 AGTUM
1909 4134 2019 4180 SEU
2047 4135 2415 4180 EXERCITIUM
2450 4137 2464 4143 ’

497 4272 669 4342 Dicit
692 4272 1050 4352 Cardinalis
1085 4278 1163 4344 de
1184 4278 1364 4347 Luca
1385 4278 1872 4371 (Annotationes
1905 4285 2228 4374 practicae,
2251 4285 2550 4352 discursu
2575 4283 2702 4369 31,

411 4383 480 4450 in
506 4381 635 4449 fine
663 4379 821 4448 tomi
848 4379 1023 4469 XIV)
1044 4384 1531 4470 juridictionem
1555 4395 1746 4479 atque
1769 4391 2048 4459 ecclesiae
2075 4389 2711 4461 administrationem
