2930 4982
1155 341 1235 388 nn
1281 340 1605 389 cuncus.
2403 336 2529 394 305

269 460 504 530 evidens
539 459 855 529 Ecclesia»
892 457 1169 528 utilitas
1217 474 1584 529 ecccusaret.
1618 460 2037 529 Confirmavit
2061 460 2529 538 Tridentinum

268 566 421 658 (sesS.
450 567 556 651 24,
589 589 650 635 c.
701 568 807 658 12)
841 591 862 635 τ
891 571 1102 634 Juxta
1132 567 1495 658 Bonifacii
1532 568 1696 634 VIII
1716 564 2042 635 decretum
2068 569 2250 659 quod
2273 571 2527 664 incipit

267 672 785 742 Consuetudinem
797 726 814 757 ‚
835 674 1019 764 quod
1030 685 1266 741 sancta
1288 672 1597 764 synodus
1619 674 1693 741 in
1710 694 1905 740 usum
1924 688 2207 744 revocat.¹
2226 676 2318 745 Ex
2336 699 2530 748 causa

265 784 456 847 autem
493 780 886 846 infirmitatis
932 780 1230 872 absentes
1280 779 1671 869 (generatim
1712 780 2061 871 loquendo)
2113 781 2348 852 lucrari
2398 807 2530 854 non

262 890 493 953 tantum
527 886 777 954 fructus
807 886 1198 976 praebendae,
1227 887 1344 954 sed
1371 891 1433 954 et
1459 886 1948 955 distributiones
1972 889 2401 976 quotidianas,
2427 891 2535 961 de-

261 989 506 1059 claravit
531 990 729 1061 Sacra
752 990 1180 1081 Congregatio
1202 991 1483 1059 concilii
1506 991 1619 1082 <15
1649 993 1876 1081 aprilis
1911 992 2110 1074 1611,
2139 993 2308 1062 libro
2337 1017 2380 1062 ιι
2425 998 2536 1065 de-

255 1091 593 1181 cretorum,
622 1098 735 1166 fol.
771 1098 858 1165 98
886 1121 923 1165 a
952 1096 1153 1188 tergo)
1186 1120 1201 1164 τ
1229 1100 1380 1165 Eos
1401 1141 1406 1150 ·
1424 1099 1548 1188 qui
1592 1099 1835 1166 absunt
1856 1121 1900 1174 a
1934 1098 2207 1166 servitio
2240 1099 2428 1167 chori
2459 1102 2539 1172 ob

257 1202 741 1293 infirmitatem.
756 1256 770 1272 .
786 1256 800 1272 .
816 1204 1160 1295 percipere
1180 1203 1414 1272 debere
1439 1203 1950 1274 distributiones
1971 1204 2406 1296 quotidianas
2426 1209 2543 1278 sm·

253 1309 699 1392 canonicatus,
739 1308 1027 1400 perinde
1072 1333 1152 1378 ac
1189 1310 1250 1377 si
1279 1322 1389 1379 sta
1402 1311 1494 1379 tis
1533 1310 1716 1379 horis
1759 1312 2178 1392 interessent,
2200 1314 2541 1404 percipere

254 1415 440 1483 etiam
459 1428 905 1507 aucmentum
926 1415 1492 1483 distributionum
1527 1438 1693 1506 quas
1717 1418 2058 1483 amittunt
2081 1416 2203 1483 illi
2220 1418 2342 1506 qui
2363 1417 2539 1485 divi·
2590 1479 2608 1496 ⁴

253 1520 348 1586 nis
387 1544 522 1590 non
549 1523 1033 1613 interfuerant.
1065 1522 1147 1590 -ld
1175 1529 1405 1589 autem
1433 1521 1826 1611 intelligitur
1860 1544 1996 1590 non
2041 1527 2296 1590 tanturn
2325 1522 2408 1592 de
2439 1546 2544 1594 ca·

254 1629 503 1710 noniciS,
546 1630 662 1697 sed
705 1630 899 1698 etiam
927 1630 1008 1696 de
1045 1628 1478 1713 beneficiatiS,
1515 1634 1586 1697 ut
1614 1633 1868 1697 constat
1913 1628 2345 1697 declaratione
2366 1632 2541 1721 ejus-

252 1726 383 1802 dem
423 1734 960 1825 Congregationis
1009 1736 1073 1819 (2
1118 1735 1486 1803 decembris
1539 1734 1766 1827 1666),
1818 1757 2021 1825 quam
2069 1735 2216 1804 vide
2261 1737 2531 1806 relatam

252 1841 405 1928 apud
446 1841 876 1909 Benedictum
927 1840 1083 1911 xlv
1130 1842 1401 1933 (Institu
1424 1841 1630 1910 tiones
1681 1842 2157 1929 ecclesiastiae,
2189 1844 2338 1932 inst.
2380 1842 2533 1929 107,

251 1941 466 2036 gviii).
492 1946 684 2016 Unde
728 1948 1255 2016 concludendum
1298 1949 1668 2035 generatim
1697 1948 2050 2036 loquendo,
2094 1969 2204 2015 eos
2226 1947 2541 2038 qui-leqi-

249 2049 398 2120 time
440 2054 681 2122 absunt
723 2077 798 2122 ex
842 2076 1037 2122 causa
1063 2054 1283 2121 infirm
1304 2054 1503 2137 itatis,
1535 2055 1757 2121 eadem
1790 2057 2067 2121 omnino
2109 2055 2350 2121 lucrari
2396 2075 2541 2144 qpae

245 2152 643 2226 lucrarentur
700 2159 755 2228 si
803 2166 1154 2251 praesentes
1213 2164 1453 2228 essent.
1509 2157 1700 2246 (Vide
1750 2159 1948 2226 etiam
1999 2157 2069 2225 S.
2122 2160 2539 2245 Lignorium‚

245 2260 283 2326 l.
320 2262 392 2348 4,
421 2285 479 2329 c.
513 2264 590 2340 2,·
615 2265 691 2331 n.'
729 2265 910 2354 130.)
1636 2289 1661 2294 ··
1732 2273 1739 2279 '

326 2366 398 2433 2⁰
444 2367 711 2440 Dictum
748 2376 839 2438 est
883 2368 1255 2460 qeneratim
1298 2366 1624 2459 loquendo
1639 2387 1670 2451 ;
1705 2370 1864 2456 quia
1889 2373 1982 2435 est
2007 2367 2296 2458 exceptio
2332 2370 2540 2457 quoad

245 2493 339 2540 eos
376 2472 676 2543 infirmos
703 2475 819 2566 qui
853 2480 1002 2542 ante
1037 2461 1483 2542 infirmitatem
1521 2474 1694 2542 soliti
1716 2478 1905 2542 erant
1933 2473 2172 2543 abesse.
2208 2472 2538 2555 Quod-fir-

246 2585 417 2648 mant
464 2588 800 2671 sequentes
840 2581 1313 2671 Congregation
1328 2584 1382 2650 is
1427 2581 1688 2649 concilii
1733 2580 2218 2665 declarationes,
2254 2598 2289 2649 a·
2316 2581 2534 2652 -Bene-

244 2683 399 2754 dicto
440 2685 595 2757 xlv
637 2676 803 2777 (loco
829 2690 1044 2776 citato)
1079 2688 1322 2757 relatae:
1368 2686 1914 2755 Distributiones
1961 2685 2399 2775 quotidianas
2432 2687 2535 2752 ita

242 2786 505 2858 demum
525 2795 785 2860 oratori
815 2793 1344 2883 oeqrotodeber'i,
1373 2793 1434 2859 si
1474 2792 1651 2859 azias
1679 2791 1958 2857 ecclesiae
1993 2790 2119 2854 soli
2127 2800 2233 2853 tus
2260 2799 2405 2852 erat
2427 2787 2541 2852 in-

239 2895 502 2977 servire,
525 2898 721 2984 cujus
738 2899 1142 2987 justificatio
1168 2899 1549 2965 remittitur
1605 2895 2037 2963 conscientiae
2063 2886 2411 2981 Episcopi.
2443 2926 2536 2944 --

250 3003 952 3094 Ganonz'cosinfirmos
971 3020 1109 3070 non
1134 3004 1386 3070 lucrari
1410 3000 1925 3068 distributiones
1943 2997 2381 3088 quotidianas
2396 3021 2527 3088 pro

249 3104 493 3178 duabus
505 3110 693 3177 lzoris
702 3109 986 3200 primis,
1012 3109 1254 3203 quibus
1272 3109 1577 3175 interesse
1603 3104 1894 3174 minime
1913 3116 2410 3173 consueverunt.
2441 3143 2532 3158 -—

247 3215 515 3283 ‘Orator-i
557 3213 853 3282 dandam
898 3235 1028 3283 esse
1068 3213 1591 3282 declarationem
1648 3211 1824 3280 alias
1876 3209 2159 3307 editam,
2193 3211 2522 3301 sequentis

254 3321 482 3388 tenoris
524 3342 549 3388 .·
594 3308 1039 3411 Conqreqatio
1085 3320 1360 3387 concilii
1391 3319 1659 3387 censuit·
1701 3316 2021 3385 canonico
2063 3317 2359 3401 infirme,
2394 3316 2524 3384 du-

246 3436 426 3493 rante
450 3428 595 3517 ejus
616 3427 1036 3523 infirmitate,
1063 3427 1370 3516 quamvis
1394 3426 1591 3494 choro
1616 3440 1751 3492 non
1778 3424 2070 3507 incenit,
2105 3422 2329 3491 deberi·
2343 3426 2524 3513 fruc-

256 3537 346 3594 tus
369 3554 602 3600 omnes·
622 3532 733 3598 sui
761 3532 1217 3613 canonicatus,
1240 3552 1503 3598 necnon
1526 3530 2037 3597 distributiones
2064 3528 2517 3619 quotidianas,

254 3654 368 3703 non
405 3660 706 3706 secus-ac
748 3637 809 3705 si
843 3637 1151 3703 omnibus
1194 3634 1373 3703 horis
1393 3636 1654 3702 divinis
1674 3635 2124 3724 personaliter
2154 3634 2517 3717 interesset,

257 3736 592 3812 dummodo
637 3755 797 3811 ante
823 3742 1295 3834 infirmitatem
1323 3739 1541 3831 fuerit
1568 3741 1802 3807 solitus
1823 3740 2162 3807 inservire.
2192 3740 2518 3805 Caeterum

249 3843 714 3934 ‘infirmitatem
741 3848 959 3938 ipsam
984 3868 1207 3917 coram
1223 3845 1458 3936 judice
1468 3840 1917 3935 probandam.

328 3951 734 4037 3⁰Quaenam
760 3956 1098 4021 infirmitas
1122 3953 1270 4020 satis
1296 3954 1513 4039 gravis
1534 3950 1933 4018 aestimanda
1958 3951 2041 4015 sit
2070 3953 2142 4014 ut
2185 3949 2521 4037 praedictos

257 4050 851 4129 effectusobtineat?
879 4096 969 4110 -—
996 4057 1137 4126 Non
1167 4044 1369 4147 potest
1397 4059 1522 4123 alia
1543 4056 1860 4142 assignari
1884 4053 2110 4138 regula
2136 4070 2333 4140 quam
2350 4057 2523 4148 oeSfi·

255 4154 434 4236 matio
452 4167 791 4258 prudentis
812 4169 929 4234 viri
949 4191 964 4243 ;
985 4171 1048 4232 et
1075 4165 1144 4231 in
1186 4164 1441 4231 casibus
1465 4162 2033 4233 contestationum,
2054 4165 2524 4230 recurrendum

260 4266 325 4332 ad
365 4271 651 4340 tribunal
705 4258 1098 4360 legitimum,
1159 4268 1346 4357 quodi
1397 4288 1517 4356 pro
1579 4263 1891 4350 capitulis
1917 4284 2047 4330 non
2081 4271 2391 4354 exem-ptis
2433 4267 2529 4355 est

255 4373 529 4444 tribunal
558 4376 884 4466 Episcopi.
933 4374 1124 4466 (Vide
1151 4373 1586 4441 Benedictum
1616 4367 1799 4449 XIV,
1833 4370 1973 4438 loco
2003 4372 2219 4451 citat0,
2267 4392 2336 4434 n.
2381 4360 2519 4447 48.)

2175 4486 2244 4531 20
