2930 4982
371 326 397 378 1
416 323 496 377 52
1336 330 1677 378 'mAcrArns

370 477 404 516 «
438 450 660 517 tersint
716 471 867 519 cum
929 450 1155 520 habitu
1208 450 1667 542 protonotarii,
1725 449 2215 520 distributiones
2266 472 2397 520 non
2440 454 2652 543 perci-

359 558 574 647 piunt.

450 663 557 730 12ο
589 688 623 727 «
654 662 838 744 Quod
866 664 1224 731 canonicus
1253 665 1368 751 qui
1399 663 1637 730 surdus
1676 664 1899 743 evasit,
1922 669 1996 731 ut
2032 664 2322 753 acquirat
2345 663 2654 735 distribu-

362 799 398 843 ,α
428 771 660 858 tioneS,
704 770 1113 860 praesentiam
1152 768 1221 836 in
1249 769 1447 837 choro
1476 775 1780 860 praestare
1824 770 2034 857 debet,
2081 775 2158 839 ut
2182 772 2435 839 censuit
2460 770 2651 841 Sacra

361 900 395 937 «
425 876 849 964 Congregatio
892 874 1362 964 Episcoporum
1407 880 1469 943 et
1514 897 1651 965 reg.
1686 876 1781 967 (in
1806 877 2245 963 Theaunensi,
2297 876 2380 945 12
2430 880 2650 946 martii

360 1007 392 1044 «
429 981 718 1070 1619)-
732 1002 913 1048 secus
935 981 989 1048 si
1017 981 1286 1054 evaserit
1303 1003 1535 1065 caecus,
1559 981 1715 1070 quia
1741 983 1849 1051 hic
1873 982 2352 1052 distributiones
2370 986 2653 1073 acquirit

363 1114 394 1150 «
426 1089 727 1178 quamvis
757 1109 888 1155 non
913 1088 1201 1176 intersit3
1238 1110 1394 1156 cum
1433 1089 1553 1155 iste
1583 1095 2091 1157 connumeretur
2115 1090 2285 1156 inter
2309 1091 2648 1159 miserabi-

359 1221 393 1259 «
425 1196 515 1262 les
541 1215 868 1283 personaS‚
891 1192 1191 1282 quamvis
1217 1193 1392 1261 dives
1416 1194 1524 1276 sit,
1552 1199 1627 1261 ut
1643 1193 1834 1284 plene
1855 1195 2081 1285 probat
2103 1192 2453 1283 Fagnanus
2481 1195 2648 1264 hanc

361 1326 393 1365 «
428 1300 758 1369 miseriam
789 1320 1012 1390 passus
1035 1297 1127 1389 (in
1151 1321 1208 1366 c.
1238 1298 1445 1387 Licet,
1467 1298 1561 1367 De
1587 1301 1821 1390 praeb.,
1842 1323 1910 1369 n.
1943 1301 2072 1370 143
2095 1338 2184 1351 —-
2206 1308 2267 1368 et
2289 1302 2355 1368 in
2380 1323 2439 1368 c.
2475 1301 2644 1368 Cum

360 1434 392 1472 «
410 1428 750 1498 percusso,
781 1404 877 1474 De
906 1406 1057 1474 cler.
1089 1411 1311 1495 aegrot.
1352 1427 1421 1472 n.
1447 1406 1536 1485 26
1555 1445 1645 1457 —
1669 1412 1731 1476 et
1759 1408 1823 1475 in
1848 1430 1903 1476 c.
1945 1407 2525 1499 Siqnificantibus,
2554 1407 2645 1475 De

360 1540 393 1579 «
422 1516 641 1583 officio
676 1513 884 1602 deleg.
915 1535 986 1581 n.
1032 1514 1169 1603 50).

446 1623 581 1691 130.
605 1648 637 1687 «
662 1621 849 1703 Quod
890 1621 1238 1710 dignitates
1268 1626 1331 1689 et
1368 1623 1692 1705 canonici,
1736 1643 1869 1690 non
1905 1623 2197 1691 obstante
2230 1624 2405 1714 quod
2447 1624 2648 1691 velint

359 1756 392 1795 «
420 1731 716 1797 amittere
741 1730 996 1797 tertiam
1020 1733 1270 1818 partem
1308 1727 1643 1795 fructuum
1673 1729 2173 1818 praebendarum
2200 1752 2318 1822 pro
2345 1729 2649 1798 distribu-

417 1836 707 1905 tionibus
745 1834 1155 1926 applicatam,
1202 1834 1417 1902 adhuc
1455 1835 1540 1902 ab
1566 1834 1889 1926 Episcopo
1941 1836 2245 1926 compelli
2273 1841 2547 1926 possunt
2572 1837 2650 1903 ad

424 1941 845 2011 residendum
917 1940 1361 2030 personaliter,
1426 1945 1504 2008 ut
1556 1941 1901 2009 declaravit
1971 1940 2167 2010 Sacra
2224 1941 2651 2031 Congregatio

357 2074 391 2111 «
421 2048 707 2116 concilii.
743 2045 1095 2114 Decretum
1134 2053 1350 2114 autem
1399 2069 1476 2115 ex
1518 2047 1704 2114 libris
1740 2048 2098 2116 secretariae
2148 2052 2523 2137 excerptum
2559 2049 2652 2116 sic

360 2182 393 2218 α
420 2154 712 2243 loquitur
739 2176 755 2219 x
793 2152 1239 2243 Conqreqatio
1281 2153 1531 2221 censuit
1568 2150 1933 2244 diqnitates
1960 2153 2032 2220 in
2061 2151 2551 2221 cathedralibus
2584 2165 2650 2220 et

361 2286 393 2323 «
427 2260 800 2350 colleqiatis
816 2281 1012 2351 posse
1049 2260 1357 2350 compelli
1394 2258 1491 2328 ad
1525 2259 1942 2329 residendum
1953 2259 2407 2352 personaliter
2427 2261 2647 2351 poenis

359 2394 392 2430 «
418 2367 727 2455 proefixis
777 2365 1032 2434 decreto
1078 2366 1339 2434 concilii
1382 2366 1761 2435 Tridentini
1807 2367 2118 2456 (sessione
2161 2367 2249 2439 24
2270 2419 2289 2454 ,
2336 2389 2477 2457 cap.
2536 2368 2646 2449 14,

360 2497 394 2535 α
423 2470 465 2560 ἓ
500 2469 880 2561 Praeterea),
913 2493 1046 2538 non
1072 2470 1375 2539 obstante
1403 2470 1582 2562 quod
1607 2471 1817 2539 velint
1847 2472 2154 2541 amittere
2194 2471 2653 2562 tertiampar-

364 2599 394 2638 ι(
426 2587 557 2643 tem
588 2578 943 2665 fructuum
971 2599 1107 2666 pro
1133 2577 1715 2646 distributionibus
1752 2579 2160 2669 quotidianis
2197 2576 2644 2669 applicatam.

446 2682 554 2748 14ο
587 2707 619 2748 «
649 2681 724 2749 In
755 2683 1027 2749 materia
1068 2681 1608 2750 distributionum
1638 2685 1917 2752 notanda
1950 2690 2042 2752 est
2079 2683 2440 2752 differentia
2470 2683 2648 2750 inter

358 2815 392 2852 «
424 2794 617 2879 caput
644 2786 684 2855 3
717 2787 1032 2856 sessionis
1046 2787 1163 2866 22,
1197 2788 1459 2857 concilii
1491 2789 1885 2876 Tridentini,
1928 2796 1992 2858 et
2013 2791 2193 2859 aliud
2220 2795 2415 2880 caput
2440 2788 2480 2858 3
2513 2811 2653 2858 ses-

363 2920 394 2957 «
424 2896 619 2962 sionis
649 2895 758 2976 21,
789 2894 859 2961 in
902 2915 1188 2983 quorum
1234 2895 1666 2985 intelligentia
1702 2897 2008 2965 nonnulli
2045 2898 2385 2984 falluntur,
2417 2903 2481 2965 et
2508 2897 2653 2967 haec

363 3028 394 3065 ι(
427 3006 519 3069 est
548 3025 564 3067 ε
613 3001 786 3089 quod
810 3000 973 3068 illud
1009 3001 1299 3091 loquitur
1324 3002 1402 3069 de
1434 3001 1879 3091 dignitatibuS,
1913 3026 1949 3072 a
1977 3026 2259 3094 quarum
2283 3002 2655 3094 praebendis

361 3132 393 3170 «
428 3105 757 3173 Ordinarii
785 3108 1039 3174 tertiam
1064 3114 1316 3196 partem
1355 3108 1693 3176 fructuum
1727 3111 1798 3176 in
1826 3110 2312 3179 distributiones
2336 3110 2660 3199 quotidia-

364 3240 396 3277 «
426 3236 540 3281 nas
565 3214 1063 3281 convertendam
1090 3234 1384 3304 separare
1420 3223 1716 3305 possunt,
1746 3218 1891 3285 dato
1914 3219 2109 3285 etiam
2134 3219 2310 3307 quod
2341 3217 2657 3285 distribu-

322 3371 330 3376 .
361 3345 394 3383 «
427 3319 632 3387 tiones
655 3319 1048 3408 quotidianae
1074 3341 1207 3388 non
1231 3322 1363 3387 sint
1385 3326 1612 3390 tenues
1636 3347 1652 3402 ;
1682 3329 1743 3389 et
1772 3323 1836 3389 id
1860 3324 1930 3391 in
1959 3325 2184 3392 odium
2208 3324 2654 3392 obtinentium

362 3451 397 3490 ι(
425 3424 768 3512 dignitates
802 3429 864 3491 et
892 3424 1367 3514 negligentium
1398 3428 1709 3512 residere;
1752 3433 1815 3495 et
1850 3432 2114 3519 quando
2138 3432 2256 3500 ista
2284 3430 2468 3499 tertia
2497 3452 2654 3519 pars

361 3531 510 3598 «ita
553 3531 875 3599 subtracta
918 3553 1034 3622 per
1075 3554 1208 3601 non
1257 3534 1761 3616 intervenientes
1806 3535 2147 3621 amittitur,
2201 3536 2359 3604 locis
2400 3535 2528 3626 piis
2557 3542 2654 3603 est

360 3665 392 3702 «
420 3637 824 3730 applicanda.

444 3746 551 3813 150
599 3743 868 3835 «Caput
909 3743 949 3812 3
999 3744 1296 3814 sessionis
1324 3746 1403 3813 21
1450 3746 1743 3837 loquitur
1773 3751 1984 3818 solum
2031 3747 2293 3839 quando
2330 3747 2656 3816 distrihu-

358 3877 391 3914 «
420 3854 622 3920 tiones
665 3854 752 3920 ita
781 3859 933 3922 sunt
957 3859 1180 3921 tenues
1206 3859 1280 3921 ut
1322 3855 1737 3944 negligantur
1771 3880 1787 3923 ε
1832 3862 1895 3924 et
1915 3857 2040 3924 hoc
2070 3877 2219 3924 casu
2246 3854 2431 3921 tertia
2462 3853 2654 3922 fruc-

359 3985 391 4024 «
419 3945 607 4024 tuum
649 3959 1148 4049 praebendarum
1189 3981 1337 4049 pars
1382 3961 1471 4026 ita
1513 3967 1803 4051 separata
1830 3969 1892 4031 et
1929 3964 1998 4030 in
2046 3961 2535 4031 distributiones
2566 3960 2656 4027 ab

361 4089 392 4126 «
422 4061 768 4132 Ordinario
802 4087 1141 4150 concursa,
1174 4065 1226 4132 si
1251 4087 1367 4155 per
1403 4087 1536 4133 non
1561 4066 1980 4138 inservientes
1999 4069 2343 4151 amittitur,
2375 4069 2658 4155 propor-

357 4195 392 4234 «
424 4170 748 4238 tionaliter
765 4173 1197 4262 servientibus
1214 4174 1544 4259 accrescit,
1566 4196 1696 4242 non
1715 4174 2003 4244 obstante
2024 4173 2348 4243 contraria
2368 4193 2656 4240 consue·

359 4305 391 4342 «
423 4276 663 4345 tudine.
695 4301 729 4340 ))

439 4384 552 4454 His
572 4407 607 4452 a
631 4382 986 4454 Monacello
1013 4382 1289 4462 traditis,
1312 4392 1649 4476 sequentes
1672 4388 2114 4458 adnotationes
2137 4382 2639 4476 subjungimus
