2930 4982
366 342 494 399 620
1399 345 1607 392 iunssx.

361 471 568 522 CAPUT
603 471 666 521 11.
703 470 769 520 De
795 472 907 531 jure
940 465 1075 530 quod
1099 464 1255 515 hahet
1281 462 1564 529 capitulum
1593 468 1649 513 ut
1678 464 1947 528 Episcopus
1967 465 2193 527 requirat
2211 465 2369 527 ipsius
2388 475 2503 514 con·

424 552 593 602 silium
604 576 2498 604 .............................................................
2566 546 2655 593 344

427 631 458 693 ξ
497 635 539 679 1.
572 629 638 678 De
664 630 778 689 jure
803 624 1069 676 communi
1096 626 1302 673 tenetur
1334 621 1614 687 Episcopus
1650 625 1702 671 in
1739 622 1969 686 pluribus
1997 622 2268 673 consilium
2295 621 2500 685 capituli

487 708 739 769 requirere
748 734 2213 757 ...............................................
2228 727 2233 734 ·
2233 735 2494 758 .........
2569 703 2655 749 344

426 789 457 851 5
489 790 535 836 2.
572 785 755 836 Utrum
779 796 869 847 per
887 781 1306 833 consuetudinem
1332 783 1487 831 eximi
1517 782 1675 845 possit
1703 780 1975 844 Episcopus
1994 794 2025 831 a
2046 782 2353 844 requirendo
2376 784 2504 850 capi·

486 867 583 916 tuli
612 864 819 915 consilio
875 893 2498 916 ....................................................
2570 863 2658 912 345

425 943 457 1006 g
492 948 538 995 3.
570 941 881 1003 Quibusnam
907 943 959 990 in
984 939 1181 990 casibus
1213 938 1276 988 de
1299 940 1414 1001 jure
1436 941 1697 989 communi
1727 942 1964 988 teneatur
1991 937 2270 1002 Episcopus
2296 938 2501 1003 capituli

489 1022 754 1073 consilium
785 1023 1039 1084 requirere
1062 1053 2500 1071 .............................................
2571 1022 2656 1069 345

492 1102 782 1165 propositio
820 1111 884 1150 ιι.
920 1100 1180 1162 Tanquam
1214 1103 1351 1148 certa
1382 1098 1701 1149 admittenda
1725 1103 1804 1148 est
1831 1097 2005 1160 regula
2025 1098 2291 1159 generalis,
2320 1098 2503 1148 debere

556 1179 857 1243 Episcopum
893 1181 944 1227 in
972 1178 1207 1228 omnibus
1236 1178 1407 1226 arduis
1433 1179 1648 1239 negotiis
1672 1176 1936 1227 consilium
1966 1176 2170 1238 capituli
2202 1178 2464 1239 exquirere
2488 1198 2502 1226 ε

555 1263 609 1309 at
635 1258 787 1309 simul
817 1263 1014 1308 certum
1039 1262 1115 1307 est
1145 1257 1253 1307 dari
1285 1269 1430 1320 posse
1463 1257 1884 1307 consuetudinem
1907 1269 2019 1318 quae
2041 1256 2343 1320 Episcopum
2368 1270 2400 1306 a
2421 1256 2509 1308 tali

555 1339 746 1402 regula.
772 1351 833 1389 ex
860 1342 1003 1402 parte
1024 1337 1203 1388 saitem
1223 1374 1235 1398 ‚
1274 1339 1461 1386 eximat
1473 1369 2502 1388 .................................
2573 1339 2657 1385 346

500 1419 786 1483 Propositio
817 1422 887 1468 2¹.
921 1417 1116 1466 Dantur
1134 1416 1373 1478 speciales
1391 1428 1541 1466 casus
1562 1419 1612 1465 in
1637 1416 1821 1480 quibus
1836 1418 1952 1476 jura
1975 1428 2209 1477 expresse
2232 1416 2512 1465 decernunt

555 1497 918 1561 requirendum
937 1508 1045 1547 esse
1066 1495 1130 1545 ab
1145 1495 1394 1559 Episcopo
1414 1496 1681 1545 consilium
1701 1495 1909 1559 capituli
1936 1515 1950 1546 ι
1978 1499 2060 1545 ast
2081 1498 2237 1545 ¹etiam
2257 1497 2308 1544 in
2325 1486 2406 1544 his
2430 1508 2513 1545 ca-

554 1579 694 1628 sibus
726 1580 892 1639 potest
921 1576 1193 1640 Episcopus
1227 1589 1257 1625 a
1289 1575 1378 1625 tali
1414 1575 1718 1639 obligatione
1740 1589 1831 1639 per
1858 1575 2280 1625 consuetudinem
2312 1577 2508 1625 contra-

556 1657 685 1706 riam
716 1656 937 1718 legitime
974 1659 1316 1718 praescriptam
1347 1657 1499 1704 eximi
1512 1688 2504 1707 ................................
2574 1655 2656 1703 346

497 1735 785 1798 Propositio
817 1739 886 1785 3⁸.
924 1735 1032 1785 Non
1078 1735 1278 1784 videtur
1323 1733 1486 1782 valida
1531 1735 1875 1793 consuetudo,
1911 1736 2063 1784 etiam
2091 1733 2510 1797 quadragenaria,

559 1827 825 1874 nunquam
850 1818 900 1862 et
927 1817 977 1861 in
1006 1813 1159 1861 nuliis
1182 1812 1332 1862 rebus
1357 1812 1564 1876 capituli
1582 1814 1851 1863 consilium
1876 1813 2230 1878 expostulandi
2242 1848 2505 1865 .........
2574 1814 2659 1862 348

433 1903 464 1964 ξ
498 1901 545 1951 4.
577 1902 654 1950 An
674 1902 725 1950 in
746 1905 884 1952 statu
908 1903 1145 1964 praesenti
1167 1901 1493 1950 ecclesiarum
1515 1900 1687 1952 Galliae
1717 1905 1989 1952 teneantur
2017 1901 2248 1966 Episcopi
2275 1901 2517 1965 capitulo—

495 1992 611 2030 rum
636 1981 903 2030 consilium
930 1981 1183 2042 requirere
1194 2013 2509 2033 ..........................................
2576 1981 2659 2028 349

436 2061 466 2123 ἓ
498 2063 546 2112 5.
582 2058 794 2121 Quando
822 2060 1101 2123 Episcopus
1125 2063 1324 2110 tenetur
1357 2061 1566 2122 capituli
1599 2061 1862 2110 consilium
1896 2064 2171 2124 requirere,
2191 2073 2257 2110 an
2283 2062 2517 2111 teneatur

499 2143 651 2189 etiam
674 2139 799 2189 iliud
820 2142 963 2201 sequi
974 2173 2507 2193 .................................................
2577 2140 2653 2188 351

373 2236 579 2287 CAPUT
614 2235 697 2286 lli.
734 2236 800 2286 De
819 2239 934 2297 jure
952 2235 1157 2298 capituli
1182 2239 1240 2285 ut
1262 2238 1551 2299 requiratur
1567 2238 1729 2300 ipsius
1748 2249 2036 2288 consensus.
2052 2273 2063 2287 .
2082 2273 2094 2286 .
2116 2274 2127 2285 .
2141 2272 2159 2286 .
2176 2249 2215 2288 τ’
2209 2269 2508 2287 ..........
2578 2237 2658 2285 351

437 2315 467 2378 ἓ
508 2320 549 2366 1.
586 2315 644 2364 ln
672 2315 855 2378 quibus
882 2318 1159 2378 generatim
1184 2318 1472 2378 requiratur
1499 2329 1774 2366 consensus
1803 2316 2010 2379 capituli
2020 2350 2507 2368 ...............
2577 2317 2660 2364 351

438 2394 468 2456 ξ
501 2399 549 2444 2.
587 2397 661 2445 De
686 2397 927 2457 requisito
955 2407 1203 2444 consensu
1226 2395 1433 2458 capituli
1462 2408 1552 2458 pro
1576 2396 1878 2445 alienatione
1907 2408 2078 2452 rerum
2105 2394 2325 2450 ecclesias
2338 2430 2507 2445 ......
2577 2396 2664 2444 353

438 2473 468 2535 ἓ
503 2477 549 2525 3.
584 2473 662 2523 An
698 2478 748 2524 et
778 2473 998 2537 qualiter
1026 2474 1091 2524 de
1117 2476 1233 2536 iure
1267 2478 1528 2527 communi
1566 2478 1858 2538 requiratur
1891 2486 2166 2527 consensus
2198 2472 2408 2537 capituli
2449 2472 2515 2522 ad

499 2556 806 2603 erectionem
832 2567 976 2603 nova>
997 2554 1266 2616 parochiae.
1289 2557 1637 2615 canonicatuS,
1658 2555 1742 2604 vel
1767 2556 2046 2617 dignitatis,
2065 2557 2118 2605 et
2144 2553 2209 2607 ad
2236 2553 2509 2603 conceden-

499 2631 619 2680 dam
638 2631 792 2681 alicui
816 2635 1126 2682 monasterio
1146 2634 1408 2684 eeclesiam
1431 2634 1771 2698 parochialem
1800 2668 2503 2686 ......................
2579 2635 2665 2683 358

438 2710 470 2773 ἓ
503 2714 551 2762 4.
588 2711 647 2760 In
674 2711 916 2771 exigendo
933 2710 1158 2760 subsidio
1179 2716 1442 2763 caritativo
1470 2714 1659 2775 indiget
1677 2715 1954 2777 Episcopus
1975 2728 2222 2765 consensu
2239 2669 2499 2774 capituli..
2574 2714 2665 2761 359

440 2790 471 2852 ἓ
504 2792 553 2840 5.
586 2791 664 2839 An
693 2793 978 2851 requiratur
1004 2803 1280 2841 consensus
1311 2792 1521 2855 capituli
1548 2792 1614 2843 ad
1648 2793 1874 2843 unienda
1906 2793 1986 2843 vel
2016 2790 2342 2855 disjungenda
2357 2791 2512 2841 bene-

505 2867 638 2927 flcia,
663 2873 710 2917 et
735 2880 801 2918 an
828 2869 892 2918 ad
915 2870 1023 2931 ipsa
1045 2871 2506 2933 supprimenda?........................‚........;
2579 2865 2664 2915 359

441 2946 472 3008 ἓ
507 2951 553 2996 6.
589 2948 666 2997 An
694 2951 985 3011 requiratur
1010 2962 1288 3001 consensus
1305 2952 1512 3015 capItuii
1532 2956 1591 3002 ut
1610 2953 1885 3016 Episcopus
1905 2954 2067 3015 possit
2087 2952 2271 3015 ,punire
2294 2948 2515 2999 subdito·

505 3038 622 3076 rum
653 3039 886 3079 excessus
897 3061 2508 3085 ...................................................
2578 3027 2662 3076 362

443 3104 474 3167 5
508 3109 554 3155 7.
592 3106 865 3158 Necessitas
887 3121 1164 3158 consensus
1195 3108 1401 3174 capituli
1433 3113 1486 3159 in
1511 3111 1877 3161 constituendis
1900 3109 2325 3161 examinatoribus
2347 3117 2524 3170 prosy-

503 3185 771 3237 nodaIIbus
781 3220 2259 3244 ...............................................
2269 3236 2272 3239 .
2274 3221 2448 3240 ......
2461 3219 2507 3235 ..
2575 3183 2662 3231 369

443 3263 473 3326 ἓ
508 3267 553 3314 8.
591 3266 762 3329 Qualis
788 3278 898 3317 esse
922 3267 1103 3318 debeat
1127 3269 1331 3332 capituli
1350 3282 1625 3319 consensus
1649 3270 1852 3333 quando
1871 3272 2146 3333 requiritur
2154 3296 2507 3319 ............
2576 3262 2662 3312 369

378 3359 585 3408 CAPUT
621 3362 706 3410 lv.
744 3362 810 3412 De
833 3366 952 3423 jure
985 3365 1194 3427 capituli
1220 3365 1472 3416 condendi
1505 3369 1697 3416 statuta
1710 3397 2126 3419 ..............
2152 3403 2159 3410 .
2175 3396 2509 3416 ...........
2577 3360 2662 3408 3Ἲο

444 3433 475 3496 ἓ
513 3437 554 3483 1.
591 3433 971 3491 Praemittuntur
998 3440 1146 3485 vaiioe
1178 3443 1501 3491 auctoritates
1522 3476 1663 3492 .....
1680 3482 1684 3489 .
1712 3479 1724 3492 .
1742 3480 1755 3493 .
1769 3478 1787 3492 .
1806 3479 1818 3491 .
1840 3478 1882 3492 ..
1903 3481 1915 3494 .
1932 3479 1945 3492 .
1961 3478 1974 3491 .
1992 3477 2006 3491 .
2026 3480 2038 3493 .
2057 3480 2082 3492 .
2087 3480 2100 3492 .
2118 3476 2131 3490 .
2150 3479 2163 3493 .
2178 3476 2192 3489 .
2212 3476 2226 3488 .
2241 3472 2256 3487 .
2276 3476 2320 3490 ..
2340 3468 2353 3490 .
2369 3473 2511 3489 .....
2579 3434 2663 3483 3¹10

507 3513 544 3563 1.
577 3514 792 3574 Insignis
824 3513 1000 3576 glossae
1035 3519 1204 3565 textus
1232 3519 1324 3579 qui
1360 3530 1450 3579 per
1483 3531 1811 3571 communem
1832 3521 2096 3572 doctorum
2126 3521 2435 3570 sententiam
2465 3518 2519 3565 et

570 3591 735 3642 Curiae
764 3591 999 3645 Romanae
1025 3596 1219 3656 praxim
1242 3599 1440 3651 transiit
1457 3599 1511 3653 in
1529 3600 1755 3662 reguiam
1769 3602 1915 3662 juris.
1928 3638 1950 3651 .
1960 3630 2510 3654 .................
2580 3594 2664 3643 3¹10

508 3673 573 3723 ΙΙ.
609 3673 770 3723 Sacrae
798 3673 940 3724 Rotae
967 3676 1202 3726 Romanae
1225 3677 1503 3730 decisiones
1532 3681 1684 3733 variae
1690 3709 2515 3734 .........................
2581 3674 2659 3727 371

509 3751 596 3801 111.
632 3751 782 3802 Sacra
825 3753 1154 3818 Congregatio
1205 3755 1428 3817 concilii,
1474 3761 1525 3806 et
1576 3759 1846 3817 concilium
1892 3728 2196 3813 Romanum
2217 3757 2317 3813 sub
2351 3756 2517 3811 Rene·

571 3829 705 3881 dicto
733 3831 838 3881 xlii
847 3867 1819 3890 ................................
1830 3880 1834 3885 .
1836 3874 1978 3890 .....
1991 3870 2292 3895 ..........
2308 3868 2513 3885 .......
2583 3832 2663 3881 374

510 3908 592 3960 IV.
626 3909 872 3962 Doctrinae
893 3912 1119 3963 Suaresii
1144 3914 1364 3979 anaiysis
1374 3951 2197 3970 ...........................
2215 3960 2228 3969 ,
2247 3948 2513 3969 .........
2543 3960 2546 3963 ,
2583 3911 2669 3960 376

511 3986 569 4035 V.
603 3989 832 4039 Citantur
858 3990 1088 4041 nonnulli
1111 3992 1196 4041 aiii
1220 3993 1448 4045 doctores
1455 4024 2515 4049 ..................................
2585 3991 2667 4038 377

406 4072 480 4134 ἓ
515 4076 560 4121 2
596 4073 968 4128 Determinatur
991 4083 1078 4142 jus
1098 4094 1374 4131 commune
1399 4084 1531 4132 circa
1560 4087 1863 4147 potestatem
1889 4083 2224 4146 legislativam
2247 4079 2511 4144 capituli..
2579 4079 2668 4129 386

511 4155 794 4217 Proposi'tzo
827 4165 892 4207 ιι.
927 4159 1220 4222 Capitulum
1240 4165 1406 4224 potest
1425 4165 1617 4212 statuta
1636 4163 1805 4225 aliqua
1823 4164 1916 4213 sibi
1936 4163 2150 4213 condere
2157 4192 2511 4212 ............
2581 4158 2669 4206 386

514 4235 807 4298 Propositio
837 4240 909 4284 2⁸.
943 4239 1233 4302 Capitulum
1272 4245 1440 4303 potest
1482 4242 1652 4305 aliqua
1692 4246 1883 4292 statuta
1932 4243 2029 4292 sibi
2067 4241 2280 4292 condere
2324 4237 2517 4300 absque

575 4314 805 4379 Episcopi
825 4319 1133 4367 auctoritate
1141 4324 1232 4369 aut
1247 4333 1496 4371 consensu
1519 4350 2509 4375 ................................
2581 4314 2668 4364 38]·

519 4395 805 4458 Propositio
839 4399 909 4445 3⁸.
943 4392 1231 4453 Capitulum
1259 4402 1426 4461 potest
1447 4399 1635 4464 absque
1661 4400 1889 4465 Episcopi
1922 4412 2170 4452 consensu
2191 4401 2414 4453 statuere
2432 4405 2496 4456 8⁹
