2930 4982
474 385 601 445 468
1454 391 1794 438 ‘suenrus

482 542 516 582 a
561 515 641 585 ad
669 514 867 582 altare
887 513 960 581 in
978 510 1211 579 habitu
1241 510 1564 579 diaconali
1589 514 1651 578 et
1666 508 2133 593 subdiaconali,
2160 507 2510 600 respective
2528 507 2722 577 habeat

477 649 513 690 α
532 665 539 672 -
558 622 630 691 in
662 621 850 690 dictis
869 618 1154 688 scamnis
1177 616 1608 690 assistentium
1624 616 1886 685 ultimos
1901 621 2184 707 quatuor
2205 615 2570 698 canonicOS,
2595 615 2721 685 duos

477 754 514 796 α
558 729 819 797 indutos
852 723 1219 796 dalmaticis
1262 729 1328 794 et
1372 724 1536 794 duos
1577 723 1949 793 tunicellis?
1985 761 2077 776 -
2113 722 2194 791 Et
2231 728 2547 813 quatenus
2582 723 2722 791 affir-

471 835 732 906 mative.

565 968 602 1008 α
625 941 694 1009 2⁰
722 938 961 1010 Utrum
981 938 1051 1005 in
1078 936 1191 1005 tali
1218 935 1598 1020 cathedrali,
1630 935 1743 1005 ubi
1770 958 1904 1006 non
1932 942 2089 1033 sunt
2104 936 2421 1005 distinctae
2466 936 2722 1028 praeben-

476 1071 513 1115 α
551 1047 674 1131 dae,
699 1044 897 1137 possit
924 1043 1283 1136 Episcopus
1319 1048 1596 1115 statuere
1630 1044 1806 1135 quod
1831 1065 1908 1113 ex
1926 1038 2255 1136 prioribus
2282 1044 2606 1113 canonicis
2621 1045 2720 1111 sint

473 1176 509 1223 c
547 1150 960 1223 determinati
987 1150 1109 1237 illi,
1146 1150 1350 1240 qui...

557 1285 593 1325 α
640 1258 711 1329 3⁰
738 1256 978 1327 Utrum
1011 1257 1165 1327 dicti
1212 1261 1495 1348 quatuor
1514 1257 1812 1326 canonici
1839 1255 1957 1347 qui
1982 1256 2205 1326 ultimi
2232 1261 2409 1343 sunt,
2441 1256 2718 1346 figuram·

467 1389 503 1432 α
550 1387 681 1456 que
726 1365 976 1433 faciunt
1030 1365 1464 1434 diaconorum
1499 1369 1563 1431 et
1611 1363 2189 1453 subdiaconorum,
2240 1363 2518 1432 debeant
2571 1362 2629 1428 in
2649 1381 2721 1429 se-

467 1495 502 1537 «
546 1471 784 1554 dende,
820 1471 889 1538 in
917 1469 1359 1540 thurificando
1392 1470 1542 1538 etin
1571 1490 1802 1561 pacem
1835 1469 2047 1538 dando
2074 1469 2332 1538 tractari
2352 1472 2429 1537 ut
2476 1468 2721 1558 disponit

460 1602 496 1646 α
545 1576 992 1648 caeremoniale
1013 1575 1065 1643 E
1069 1577 1487 1667 piscoporum
1512 1576 1590 1644 de
1608 1574 1936 1644 canonicis
1962 1597 2109 1644 vere
2129 1575 2508 1644 diaconibus
2528 1580 2582 1642 et
2595 1573 2722 1641 sub·

465 1709 502 1750 α
547 1683 975 1763 diaconibus?
1002 1720 1091 1735 —
1123 1681 1316 1751 Sacra
1361 1681 1793 1772 Congregatio
1832 1683 2188 1774 respondit,
2219 1721 2313 1734 —
2338 1683 2418 1750 ad
2450 1683 2510 1749 1.
2557 1679 2723 1772 Affir-

461 1816 497 1857 α
536 1791 822 1873 mative,·
841 1827 925 1839 —-
946 1788 1028 1857 ad
1054 1787 1120 1856 2.
1148 1787 1459 1856 Primum
1486 1788 1706 1855 locum
1727 1788 1951 1857 deberi
1974 1789 2184 1857 tribus
2208 1788 2552 1857 canonicis
2570 1786 2726 1856 assis·

460 1920 504 1990 «-
550 1895 834 1963 tentibus
865 1893 939 1962 in
963 1893 1202 1961 throno
1229 1914 1252 1961 .·
1284 1892 1647 1962 secundum
1678 1893 1899 1962 locum
1924 1892 2144 1962 deberi
2172 1895 2502 1964 canonicis
2567 1893 2726 1962 assis·

461 2028 496 2070 «
541 2001 830 2070 tentibus
862 2001 936 2070 in
961 1999 1382 2093 presbyterio
1408 2023 1559 2069 cum
1571 2000 2004 2092 pluvialibus
2033 2025 2058 2068 .·
2092 2002 2363 2070 tertium
2397 1999 2724 2070 assistenti·

467 2134 501 2174 α
544 2107 663 2176 bus
688 2130 835 2177 cum
856 2107 1162 2198 planetis
1184 2128 1207 2175 .·
1241 2118 1563 2199 quartum
1589 2107 2048 2175 assistentibus
2075 2106 2147 2175 in
2161 2107 2389 2198 fiqura
2417 2104 2725 2176 diaconali

460 2239 497 2282 ιι
541 2237 694 2283 cum
739 2213 1154 2294 dalmaticis,
1191 2226 1254 2281 et
1286 2213 1563 2281 diacono
1603 2213 1968 2304 Evanqelii
2005 2213 2401 2282 assumendo
2438 2213 2721 2283 extribus

463 2342 497 2381 «
533 2339 659 2409 per
683 2329 959 2387 turnum
989 2339 1014 2385 .·
1062 2318 1375 2410 quintum
1407 2319 1863 2387 assistentibus
1899 2319 1970 2386 in
2006 2319 2234 2410 fiqura
2273 2317 2716 2399 subdiaconali,

474 2446 507 2484 «
552 2433 618 2488 et
637 2422 1042 2491 subdiacono
1067 2423 1403 2514 Epistoloe
1419 2425 1689 2516 pariter
1703 2423 2097 2494 assumendo
2118 2447 2200 2491 ex
2230 2424 2443 2493 tribus
2456 2448 2579 2517 per
2604 2437 2722 2493 tur-

464 2549 496 2590 «
537 2549 698 2593 num
727 2548 758 2611 ,·
779 2567 868 2578 —
897 2528 993 2596 ad
1015 2526 1079 2597 3.
1114 2531 1165 2594 A
1171 2530 1562 2620 ffirmative.
1593 2530 1714 2599 Die
1736 2533 1806 2600 11
1828 2531 2146 2621 januarii
2166 2532 2363 2601 1681.
2388 2557 2423 2596 »

540 2630 653 2700 VI.
682 2630 1029 2723 Coadjutor
1065 2633 1411 2721 Dignitatis
1462 2637 1652 2704 debet
1699 2638 1916 2705 sedere
1978 2644 2122 2728 post
2152 2638 2495 2728 Dignitates
2536 2656 2723 2725 supra

454 2760 679 2810 omnes
700 2740 1068 2807 canonicos,
1096 2739 1423 2830 (Collectio
1437 2742 1874 2832 Gardelliana,
1895 2750 1942 2813 t.
1953 2745 2126 2829 VlII,
2152 2768 2223 2814 n.
2244 2744 2405 2813 4799
2425 2749 2487 2811 et
2503 2742 2722 2831 4821.)

544 2844 684 2915 VlI.
716 2845 1056 2915 Canonicis
1080 2846 1394 2915 nonlicet
1447 2871 1769 2939 occupare
1818 2852 1998 2919 sedes
2053 2851 2460 2942 Dignitatum
2511 2851 2722 2919 absen-

459 2950 627 3143 tlium
656 2952 1226 3126 νεΙΒΞἙεθηῒίηηι.
1257 2950 1451 3023 Sacra
1481 2953 1910 3080 Congregatio
1953 2958 2230 3042 rituum,
2277 2958 2449 3049 apud
2479 2956 2721 3027 Gardel-

496 3079 586 3125 ιω
659 3079 704 3125 11

550 3161 891 3230 Canonicis
920 3162 1228 3233 nonlicet
1252 3185 1571 3257 occupare
1596 3166 1815 3235 sedem
1834 3188 2103 3237 vacuam
2131 3169 2513 3238 celebrantis
2524 3166 2721 3256 Digni-

463 3268 663 3442 {aasz
674 3266 866 3337 Sacra
916 3267 1344 3361 Congregatio
1399 3273 1676 3359 rituum,
1707 3274 1882 3364 apud
1939 3273 2325 3405 Gardellini,
2366 3298 2437 3343 n.
2493 3273 2655 3342 2117
2674 3278 2721 3337 et

563 3477 734 3548 VIII.
783 3480 1098 3550 Canonici
1140 3484 1220 3552 ad
1262 3484 1542 3553 chorum
1591 3491 1930 3575 pergentes
1975 3488 2204 3557 diebus
2249 3486 2721 3560 solemnioribus

467 3581 856 3666 debentbini
877 3588 1431 3679 processionaliter
1460 3589 1778 3673 incedere,
1808 3594 2207 3684 praecedente
2243 3616 2438 3663 cruce
2470 3618 2488 3663 ε
2520 3595 2588 3662 in
2605 3589 2724 3660 aliis

468 3699 720 3784 diebus,
748 3698 942 3786 prout
988 3694 1271 3763 libuerit.
1306 3694 1500 3764 Sacra
1543 3696 1966 3789 Congregatio
2019 3700 2298 3790 rituum,
2355 3700 2532 3792 apud
2592 3696 2727 3767 Gar·
2768 3787 2775 3794 ,

468 3803 718 3886 dellini,
748 3824 817 3870 n.
851 3800 1007 3885 600,
1041 3800 1122 3868 ad
1146 3800 1211 3868 4.
2332 3843 2339 3846 -
2516 3857 2519 3862 .

556 3910 671 3980 IX.
700 3908 1064 3978 Canonicus
1087 3906 1374 3975 facturus
1400 3908 1697 3977 officium
1737 3911 1925 3979 debet
1949 3912 2030 3980 ad
2072 3912 2350 3982 chorum
2378 3934 2534 3981 cum
2556 3927 2729 4001 ‘para-

466 4014 1065 4186 ῗείιέἰέἱοεθᾶθτθ.
1119 4009 1317 4083 Sacra
1343 4011 1771 4105 Congregatio
1817 4018 2094 4103 rituum,
2128 4021 2311 4111 *apud
2352 4014 2728 4100 Gardellini,

499 4218 864 4289 Canonici
910 4244 1163 4315 semper
1204 4228 1580 4317 praecedunt
1621 4228 2036 4313 beneficiatiS,
2099 4230 2452 4301 dummodo
2506 4232 2582 4300 hi
2616 4247 2738 4298 non

464 4322 811 4415 sintparati
836 4330 1035 4395 sacris
1062 4331 1482 4403 indumentis.
1535 4333 1727 4403 Sacra
1780 4334 2209 4428 Congregatio
2253 4341 2533 4427 rituum,
2566 4333 2735 4429 apud

460 4426 842 4511 Gardellini‚
862 4452 929 4498 n.
963 4430 1117 4500 776.
