2930 4982
383 404 406 457 1
424 403 459 456 8
1356 408 1697 455 TRACTATUS

387 558 421 597 «
445 531 674 599 solitos
720 553 855 597 non
903 529 1036 597 clici
1088 528 1460 597 cardinales
1484 581 1501 610 ‚
1553 516 1696 595 nisi*
1723 530 2144 620 presbyteros
2170 583 2188 609 ,
2242 528 2557 598 diaconos
2612 546 2672 599 et

383 637 876 705 «subdiaconos
923 635 1192 703 urbium
1238 634 1733 725 episcopalium.
1782 634 1959 702 Idem
2012 635 2218 725 liquet
2268 658 2345 702 ex
2412 636 2674 727 epistola

384 773 417 812 «
448 745 797 813 Zachariae
824 746 1033 835 Papoe
1072 742 1165 810 ad
1186 742 1506 833 Pipinum
1533 766 1557 807 .·
1587 743 1664 810 de
1692 742 2079 833 presbyteris
2105 764 2447 831 agrorum,
2477 765 2671 833 quam

386 840 879 919 «obedientiam
918 848 1193 916 debeant
1229 847 1531 915 exhibere
1579 849 1899 938 episcopis
1942 857 2005 916 et
2045 849 2442 938 presbyteris
2472 849 2676 916 cardi-

386 985 418 1023 «
449 957 731 1024 nalibus.
769 952 880 1021 Ad
899 953 1080 1044 quod
1099 954 1381 1043 refertur
1400 954 1485 1021 ab
1511 977 1582 1021 eo
1609 956 1864 1045 (nempe
1889 956 2203 1023 Zacharia
2229 955 2433 1046 Papa)
2466 978 2674 1022 canon

385 1091 417 1128 «
445 1061 1009 1144 Neocoesariensis,
1027 1084 1153 1152 quo
1171 1061 1471 1128 sancitur
1490 1084 1620 1150 qua
1638 1060 1954 1129 observan
1962 1063 2056 1130 tia
2059 1062 2388 1153 prosequi
2403 1061 2678 1129 debeant

386 1197 418 1235 «
446 1178 737 1259 aqrestes
785 1166 1186 1257 (presbyteri)
1224 1166 1648 1256 presbyteros
1676 1166 1991 1235 urbanos.
2025 1167 2100 1234 ln
2131 1169 2395 1235 civitate
2421 1168 2679 1258 parochi

384 1304 418 1341 «
451 1275 617 1342 nulli
662 1277 867 1340 erant.
922 1272 1008 1340 At
1052 1273 1323 1363 parochi
1366 1272 1640 1359 ruraleS‚
1689 1274 1875 1341 utibi
1901 1275 2160 1357 dicitur,
2191 1276 2465 1342 obedire
2485 1274 2673 1341 debe—
2721 1274 2728 1280 ’

387 1408 420 1446 «
451 1381 609 1449 bant
657 1377 1012 1446 canoniciS.
1057 1403 1092 1442 »

474 1485 735 1576 «Apud
781 1490 1074 1551 sanctum
1119 1481 1512 1571 Gregorium
1550 1483 1866 1573 Magnum
1909 1484 2205 1552 videmus
2249 1487 2549 1555 officium
2586 1508 2681 1555 ce-

387 1620 418 1657 «
447 1591 743 1660 lebrandi
790 1589 1055 1657 missam
1118 1589 1488 1680 quibusque
1541 1592 1680 1658 vice
1732 1613 1847 1658 sua
1878 1644 1896 1675 ‚
1957 1582 2226 1658 attribui
2293 1595 2681 1683 presbyteris

384 1727 417 1762 «
453 1695 837 1766 cathedralis
879 1695 1353 1763 cardinalibus,
1401 1696 1475 1763 ln
1515 1698 1871 1786 diplomate
1908 1698 2192 1787 quodam
2232 1703 2397 1766 anni
2424 1701 2556 1769 859
2588 1722 2681 1767 re·

387 1832 417 1869 «
448 1807 696 1895 peritur
769 1827 784 1870 :
855 1802 1270 1892 Reyinaldus
1346 1802 1876 1894 archipresbyter
1955 1804 2328 1874 cardinalis
2394 1807 2681 1874 civitatis

383 1939 415 1975 «
450 1911 862 1979 Placentinoe
904 1922 967 1978 et
983 1909 1393 2001 praepositus
1437 1911 1827 1978 zenodochii
1873 1911 1945 1979 in
1997 1912 2138 1979 loco
2187 1924 2252 1978 et
2288 1912 2508 2002 fundo
2544 1916 2682 1979 Lu—

389 2044 420 2081 «
448 2018 661 2085 ciano.
719 2015 792 2084 In
850 2016 975 2085 alio
1018 2015 1367 2106 diplomate
1421 2024 1868 2085 memorantur
1917 2018 2274 2107 presbyteri
2324 2026 2387 2085 et
2431 2020 2684 2086 diaconi

389 2106 820 2189 «cardinales
878 2122 1161 2190 ecclesiae
1229 2121 1647 2191 Placentinae.
1733 2122 1814 2189 Et
1884 2124 2039 2189 item
2091 2124 2158 2189 in
2214 2124 2686 2212 diplomatibus

390 2228 608 2294 «anni
659 2226 788 2294 886
826 2231 888 2293 et
930 2226 1085 2299 896,
1143 2226 1365 2317 (Apud
1404 2227 1664 2318 Campi,
1713 2232 1876 2319 part.
1937 2228 1999 2310 1,
2050 2227 2354 2318 Append.
2408 2251 2479 2296 n.
2544 2229 2681 2319 10.)

389 2364 421 2400 «
456 2334 737 2403 Joannes
770 2332 942 2416 Vm,
977 2355 1150 2401 anno
1180 2333 1336 2418 872,
1366 2335 1551 2425 epist.
1588 2334 1703 2422 22,
1731 2335 1810 2401 ad
1846 2334 2093 2401 clerum
2132 2334 2686 2403 Mediolanensem

390 2440 632 2531 «jubet
668 2441 735 2506 in
770 2438 1333 2528 archiepiscopum
1367 2440 1521 2526 eligi
1558 2439 1777 2526 quide
1808 2439 2267 2508 cardinalibus
2273 2442 2686 2533 presbyteris

393 2573 424 2610 «
455 2556 576 2613 aut
626 2543 921 2611 diaconis
988 2541 1257 2632 diqnior
1326 2542 1556 2633 fuerit.
1630 2542 1987 2631 (Referente
2059 2544 2430 2637 Arnulpho.
2505 2549 2678 2616 Hist.

396 2650 757 2736 «Mediol.‚
806 2651 851 2716 l.
903 2650 955 2728 1,
1011 2672 1069 2717 c.
1123 2650 1183 2733 1,
1233 2650 1406 2740 apud
1456 2648 1795 2736 Muratori‚
1851 2655 1896 2716 t.
1953 2649 2094 2741 lv.)
2127 2651 2268 2741 Ugo
2315 2653 2513 2723 Italiae
2551 2679 2678 2737 rex,

396 2786 428 2824 «
455 2760 681 2826 videns
719 2778 849 2823 non
878 2755 1029 2845 eligi
1056 2756 1125 2822 in
1151 2755 1715 2845 archiepiscopum
1744 2755 1871 2823 nisi
1898 2779 2108 2823 uniam
2135 2757 2213 2824 de
2239 2758 2687 2827 cardinalibus

397 2889 618 2957 «quos
668 2875 908 2932 vocant
958 2861 1329 2931 ordinarios
1383 2861 1500 2955 (1),
1563 2862 1938 2956 procuravit
1986 2865 2200 2932 filium
2248 2888 2446 2933 suum
2475 2868 2687 2934 cathe-

396 2998 431 3036 «
458 2972 654 3038 dralis
681 2968 1174 3037 Mediolanensis
1202 2969 1343 3036 fieri
1369 2969 1791 3036 canonicum.
1816 2969 1979 3036 Item
2006 2970 2273 3060 legitur,
2313 2973 2687 3039 Vincentius

399 3076 986 3165 «archipresbyter
1023 3075 1310 3154 cardinis
1344 3076 1603 3167 (nempe
1642 3075 1917 3144 civitatis
1960 3076 2297 3166 Lucensis)
2337 3089 2401 3141 ec
2427 3076 2687 3143 vicedo-

398 3209 430 3246 «
457 3181 676 3248 minus
686 3200 715 3263 ;
752 3186 814 3245 et
842 3180 954 3246 alii
996 3181 1294 3247 canonici
1332 3182 1760 3249 subscribunt
1801 3204 1955 3250 cum
1995 3183 2261 3249 nomine
2293 3180 2681 3250 cardinalis.

399 3314 432 3351 «
463 3285 682 3377 (Apud
717 3284 1053 3369 Muratori,
1100 3281 1325 3376 Antiq.
1370 3289 1543 3355 med.
1582 3276 1724 3371 aev'i‚
1765 3295 1812 3356 t.
1855 3287 1968 3371 Vl,
2002 3289 2123 3355 col.
2157 3287 2341 3379 407.)
2375 3314 2409 3354 »
2447 3288 2688 3378 Hujus·

395 3391 571 3459 modi
611 3390 937 3457 citationes
985 3411 1101 3479 per
1147 3390 1366 3479 plures
1412 3393 1679 3480 paginas
1736 3394 2027 3482 congerit
2075 3392 2304 3479 Nardi,
2348 3396 2682 3483 ingentem

396 3508 748 3566 numerum
793 3497 1213 3580 ecclesiarum
1262 3497 1709 3580 memorando,
1751 3498 1819 3564 in
1843 3498 2086 3586 quibus
2113 3498 2469 3567 cardinales
2496 3521 2684 3568 voca-

394 3606 631 3673 bantur
664 3601 976 3671 canonici.
1012 3601 1237 3669 Postea
1269 3604 1362 3670 sic
1388 3603 1721 3670 concludit
1748 3604 1820 3693 (t.
1856 3603 1936 3689 ll,
1967 3628 2032 3695 p.
2065 3603 2222 3695 414)
2263 3628 2280 3673 t

488 3739 523 3778 «
567 3710 662 3780 Ne
688 3731 903 3778 unum
933 3709 1201 3799 quidem
1250 3710 1530 3801 reperire
1559 3715 1654 3777 est
1676 3710 1966 3801 diploma
2011 3712 2082 3779 in
2114 3735 2244 3802 quo
2287 3712 2512 3778 titulus
2540 3731 2679 3777 car-

403 3843 438 3884 «
464 3818 699 3887 dinalis
727 3819 871 3887 aliis
916 3815 1118 3907 quam
1166 3817 1500 3885 canonicis
1558 3817 1906 3903 tribuatur,
1959 3839 2090 3884 non
2146 3818 2367 3884 solum
2396 3824 2541 3885 ante
2571 3837 2684 3881 an-

403 3954 437 3993 «
469 3949 631 3994 num
659 3926 856 4008 1000,
894 3930 1041 3992 ante
1068 3946 1266 4014 quem
1296 3924 1467 3989 nulli
1506 3924 1855 3989 extiterunt
1883 3922 1954 3988 in
1999 3922 2370 3991 civitatibus
2395 3922 2680 4014 parochi,

404 4031 574 4101 «sed
597 4053 809 4121 neque
832 4031 1029 4098 etiam
1066 4035 1208 4121 post
1231 4051 1297 4096 xi
1326 4027 1640 4095 saeculum
1672 4049 1803 4117 quo
1833 4035 2172 4117 coeperunt
2210 4029 2560 4097 introduci.
2594 4026 2683 4094 Ex

401 4166 435 4205 «
463 4139 669 4208 allatis
711 4137 1155 4212 monumentis
1209 4139 1457 4204 constat
1505 4136 1576 4201 in
1605 4132 1911 4222 plurimis
1970 4134 2452 4203 cathedralibus
2482 4134 2686 4203 cardi-

402 4275 435 4312 «
465 4246 722 4313 nalibus
758 4241 1114 4311 cardinales
1156 4244 1371 4309 vocari
1401 4241 1620 4309 solitos
1663 4238 1859 4306 fuisse
1891 4240 2260 4308 canonicos
2282 4291 2360 4327 ..,
2398 4241 2591 4329 idque
2616 4240 2680 4306 in

463 4391 524 4450 (1)
553 4386 730 4437 Adhuc
763 4383 913 4438 hodie
941 4383 1218 4435 Canonicos
1257 4381 1563 4433 cathedralis
1594 4380 1975 4433 Mediolanensis
2014 4379 2308 4430 ordinarios
2341 4382 2506 4432 vocari
2548 4378 2685 4428 notat

411 4468 576 4516 Nardi-
