2930 4982
388 358 511 414 524
1356 361 1695 410 TRAcrAws

382 508 536 556 vero
557 482 886 554 sententiae
905 482 1092 551 nullo
1114 482 1311 551 modo
1334 483 1664 551 adhaerere
1685 480 2024 564 audemus,
2049 486 2271 572 utpote
2292 503 2441 572 quae
2466 487 2681 572 aperte

387 592 765 662 contradicit
781 590 994 660 Sacrae
1015 590 1522 679 Congregationi
1541 589 1919 676 declaranti,
1944 589 2199 658 coeterz's
2206 587 2498 681 paribus
2509 611 2684 678 prce-

386 698 741 791 ferendum
770 719 904 765 esse
926 698 1255 765 doctorem
1288 697 1600 766 idoneum
1631 696 1710 763 de
1737 695 2011 785 gremio.

475 804 620 877 Vll.
656 803 1267 873 Nonexistentibus
1312 802 1690 871 doctoribus
1737 824 1948 890 neque
1989 801 2060 868 in
2111 801 2420 891 capitulo,
2472 822 2685 890 neque

387 918 563 980 extra
604 910 993 1001 capitulum,
1037 932 1149 979 seu
1201 911 1397 1000 (quod
1447 910 1623 977 idem
1670 913 1768 977 est
1814 908 2028 998 quoad
2078 907 2356 999 casum),
2406 907 2684 975 existen·

386 1018 563 1084 tibus
591 1015 886 1105 quidem,
919 1016 1026 1084 sed
1055 1038 1191 1084 non
1217 1016 1496 1102 idoneiS,
1526 1015 1771 1083 eaedem
1808 1013 1942 1082 fere
1973 1021 2326 1082 recurrunt
2361 1013 2683 1082 solvendae

388 1122 797 1210 quaestioneS.

463 1227 715 1294 Prim0.
748 1226 917 1295 Cum
940 1249 1016 1294 ex
1033 1229 1184 1317 jure
1208 1225 1492 1293 naturali
1519 1231 1581 1294 et
1601 1248 1677 1292 ex
1702 1225 1956 1293 decreto
1973 1222 2384 1311 Tridentino,
2413 1224 2681 1291 omnino

379 1333 593 1424 quoad
629 1333 770 1400 sieri
819 1334 1054 1424 poterit
1100 1334 1474 1421 requiratur
1520 1332 1817 1414 idoneuS,
1862 1335 2115 1399 certum
2154 1335 2249 1398 est
2289 1352 2477 1420 posse
2527 1329 2681 1416 eligi

379 1444 696 1524 exterum,
730 1439 786 1507 si
815 1439 1040 1507 nullus
1072 1440 1156 1506 sit
1192 1438 1468 1507 idoneus
1501 1440 1570 1505 in
1602 1437 1914 1529 capitulo·
2126 1454 2128 1456 ’

469 1543 795 1615 Secundo.
838 1544 1220 1612 Extantibus
1255 1544 1326 1610 in
1361 1544 1644 1634 capitulo
1683 1543 1960 1624 idoneis,
1997 1563 2132 1609 non
2160 1541 2350 1609 debet
2386 1540 2680 1630 deputari

381 1657 658 1718 exterus.
688 1650 1040 1718 I-lucenim
1065 1651 1229 1718 redit
1254 1651 1445 1717 citata
1473 1649 1821 1717 declaratio
1850 1647 2064 1717 Sacrae
2091 1645 2619 1736 Congregationis
2648 1668 2668 1712 ε

383 1757 463 1825 Si
491 1754 640 1845 quis
663 1753 742 1823 de
786 1756 1037 1845 qremz'o
1090 1753 1376 1846 capituli
1422 1753 1803 1844 reperiatur
1849 1753 2124 1835 habilis,
2170 1753 2381 1820 istum
2430 1748 2677 1818 caeteris

378 1861 653 1953 paribus
712 1883 842 1928 esse
901 1859 1429 1952 praeferendum.
1499 1859 1714 1928 Verba
1778 1865 1997 1927 autem
2086 1858 2337 1926 coeteris
2396 1854 2679 1948 paribus

384 1967 629 2035 ibidem
685 1967 1097 2035 declarantur
1145 1969 1232 2035 ita
1279 1967 1706 2055 intelligenda
1752 1978 1829 2034 ut
1882 1965 2186 2056 sufficiat
2231 1964 2676 2056 capitularem

383 2071 621 2140 habere
656 2074 1021 2161 qualitates
1069 2097 1112 2140 a
1152 2096 1339 2140 sacro
1379 2072 1653 2140 coneilio
1698 2072 2074 2162 requisitae,
2124 2069 2304 2162 quod
2349 2070 2440 2137 sit
2465 2068 2683 2136 doctor

383 2179 492 2245 vel
527 2179 932 2247 -lieentz'atus
1000 2180 1069 2246 in
1109 2179 1273 2270 jure
1328 2180 1642 2247 canonico
1665 2231 1688 2261 ,
1741 2180 1849 2247 vel
1908 2180 2082 2247 alias
2137 2177 2436 2246 idoneus,
2503 2175 2680 2244 Unde

387 2283 647 2372 quando
690 2284 1091 2374 capitulariS,
1123 2285 1275 2352 licet
1317 2308 1450 2352 non
1493 2285 1740 2364 doctor,
1784 2292 1877 2353 est
1927 2286 2108 2353 alias
2156 2284 2460 2366 idoneus,
2512 2287 2684 2350 ante-

385 2386 542 2475 poni
576 2386 764 2455 debet
792 2394 1003 2456 extero
1027 2388 1185 2457 alias
1214 2389 1405 2457 etiam
1431 2391 1689 2469 idone0,
1719 2390 1826 2457 sed
1859 2412 1992 2457 non
2021 2388 2293 2456 doctori.

485 2494 724 2561 Tertio,
776 2494 882 2562 An
924 2498 1113 2563 irrita
1160 2496 1280 2564 erit
1315 2498 1386 2564 in
1428 2498 1821 2588 praecedenti
1859 2520 2011 2565 casu
2055 2495 2281 2564 electio
2315 2493 2564 2561 exteri?
2603 2530 2689 2543 —

385 2595 630 2666 Eadem
655 2598 911 2667 videtur
935 2602 1318 2691 applicanda
1354 2603 1588 2671 solutio
1617 2625 1690 2671 ac
1717 2625 1915 2693 supra
1946 2603 2026 2671 de
2058 2603 2315 2671 doctore
2345 2595 2679 2689 capitulari

387 2702 550 2769 etde
574 2702 831 2771 doctore
855 2712 1065 2774 extero
1091 2707 1327 2796 pariter
1351 2708 1625 2776 idoneis.

475 2807 647 2876 Hinc
677 2811 1234 2900 concludendum,
1268 2836 1305 2880 a
1333 2811 1529 2882 Sacra
1570 2813 2084 2903 congregatione
2113 2813 2298 2881 valde
2321 2809 2686 2878 restrictam

387 2912 584 2982 fuisse
604 2917 969 2985 libertatem
996 2920 1265 3010 capituli
1289 2922 1500 3009 quoad
1525 2922 1855 3009 eligendos
1882 2928 2150 3005 exterOS,
2183 2918 2446 3008 quando
2478 2916 2689 2984 decla-

385 3026 601 3086 ratum
649 3029 742 3091 est
770 3025 1017 3092 caeteris
1057 3026 1335 3115 paribus
1386 3028 1629 3094 assumi
1677 3027 1909 3096 debere
1952 3028 2032 3094 de
2077 3025 2330 3115 gremio
2376 3024 2684 3092 vicarium

388 3127 836 3217 capitularem,
859 3137 920 3197 et
946 3132 1065 3198 ista
1092 3133 1287 3199 verba
1317 3134 1573 3201 eoeterz's
1584 3134 1875 3224 paribus
1905 3133 2214 3224 explicata
2244 3135 2402 3199 sunt
2430 3131 2507 3197 de
2533 3148 2684 3195 con-

388 3232 745 3302 ditionibus
764 3260 800 3304 a
813 3236 1198 3305 Tridentino
1217 3239 1572 3326 requisitis.
1601 3240 1739 3307 Hoc
1760 3242 1900 3330 ipso
1919 3238 2097 3306 enim
2118 3260 2252 3305 non
2280 3235 2522 3327 poterit
2540 3232 2686 3324 eligi

390 3343 638 3405 exterus
677 3343 806 3407 nisi
848 3344 1112 3429 quando
1150 3345 1419 3412 habebit
1448 3345 1740 3434 aliquam
1773 3369 1849 3413 ex
1880 3345 2015 3412 istis
2045 3343 2540 3411 conditionibus
2568 3361 2686 3430 qua

391 3448 646 3510 careant
678 3445 1089 3532 capitulares,
1124 3448 1194 3513 Id
1233 3454 1352 3527 est,
1381 3451 1434 3515 si
1465 3456 1719 3519 exterus
1750 3452 1833 3518 sit
1871 3457 2128 3519 tantum
2159 3451 2440 3517 idoneus
2471 3454 2534 3517 et
2564 3466 2684 3515 non

391 3547 633 3631 doctor,
676 3569 808 3614 non
849 3552 1083 3638 poterit
1131 3550 1288 3639 eligi
1339 3553 1646 3622 existente
1690 3556 1923 3625 idoneo
1969 3557 2048 3625 de
2093 3556 2345 3646 gremio
2393 3553 2677 3647 capituli.

392 3655 553 3725 Item
588 3677 719 3723 non
758 3657 990 3744 poterit
1023 3662 1273 3725 exterus
1314 3659 1471 3748 eligi
1509 3662 1562 3728 si
1591 3663 1673 3729 sit
1709 3665 1980 3732 idoneus
2009 3670 2071 3731 et
2105 3664 2357 3749 doctor,
2385 3664 2682 3730 existente

262 3846 268 3851 μ
393 3764 612 3852 aliquo
654 3763 1012 3853 capitulari¹
1044 3764 1297 3831 doctore
1340 3767 1543 3833 simul
1585 3773 1646 3834 et
1683 3769 1940 3838 idoneo.
1993 3769 2179 3838 Unde
2227 3774 2388 3837 tunc
2437 3773 2682 3837 tanturn

393 3871 628 3955 poterit
655 3870 810 3958 eligi
844 3875 1094 3937 exterus
1137 3872 1357 3940 doctor
1394 3878 1456 3939 et
1490 3874 1786 3963 idoneuS‚
1817 3878 2080 3965 quando
2118 3898 2252 3944 non
2281 3876 2685 3966 reperientur

393 3969 464 4034 in
496 3975 782 4059 capitulo
810 3974 938 4042 nisi
962 3977 1063 4043 vel
1090 3975 1381 4046 doctores
1412 4000 1545 4046 non
1572 3980 1812 4065 idonei,
1836 3983 1937 4049 vel
1967 3983 2182 4049 idonei
2207 4004 2339 4049 non
2366 3981 2680 4049 doctores·

481 4073 652 4142 VIll.
702 4080 1013 4166 Quamvis
1064 4089 1285 4151 autem
1341 4084 1676 4153 decretum
1719 4087 2180 4156 Tridentinum
2230 4087 2527 4178 expresse
2580 4109 2688 4176 ap-

393 4179 622 4271 probet
653 4186 1025 4256 confirmari
1054 4191 1373 4260 vicarium
1409 4192 1695 4262 defuncti
1728 4194 2057 4285 Episcopi,
2094 4196 2158 4263 id
2186 4200 2404 4262 tamen
2434 4218 2511 4288 ex
2548 4195 2684 4284 ipso

398 4286 634 4355 decreti
654 4293 875 4355 tenore
904 4291 1314 4384 intelligitur,
1346 4287 1676 4391 supposito
1700 4303 1921 4393 ipsum
1941 4324 2078 4371 esse
2104 4302 2500 4369 instructum
2530 4320 2684 4390 qua-

396 4395 684 4465 litatibus
714 4396 808 4464 ibi
839 4405 1232 4471 enumeratis
1256 4412 1317 4471 et
1344 4411 1694 4497 requisitis.
1764 4447 1765 4450 π
