2930 4982
357 346 484 403 ⁴90
1323 355 1668 401 rnaeuws

354 498 486 545 non
518 476 859 544 unanimes
875 474 1073 544 fuisse
1101 476 1169 544 in
1192 476 1317 545 bac
1339 477 1611 546 materia
1640 478 1937 566 antiquos
1954 477 2271 563 doctoreS,
2295 476 2452 545 licet
2475 500 2646 569 prae·

355 584 546 674 cipua
571 605 799 651 eorum
822 604 972 673 pars
995 584 1275 651 tenuerit
1300 605 1432 652 non
1460 605 1642 674 posse
1660 583 1812 674 eligi
1840 584 2058 673 plures
2094 584 2368 652 vicarios
2399 586 2648 675 capitu-

358 691 544 777 lareS‚
572 690 697 758 nisi
725 696 977 758 extante
1016 690 1086 758 in
1139 692 1544 758 contrarium
1596 692 2067 759 consuetudine
2107 689 2642 758 immemorabili.

352 796 485 864 Nec
513 798 784 880 mirum,
820 819 973 864 cum
1015 798 1207 865 verba
1235 797 1474 866 decreti
1506 796 1872 865 Tridentini
1906 819 2036 864 non
2068 798 2151 864 ita
2176 797 2346 864 clare
2363 818 2502 862 rem
2533 795 2648 863 de-

348 903 606 986 finiant,
633 909 857 971 utnon
886 904 1085 994 possit
1111 925 1245 972 esse
1275 904 1703 993 disputationi
1745 904 1954 984 locuS,
1987 909 2049 973 et
2071 902 2334 971 aliunde
2359 901 2649 994 praedicti

351 1011 642 1076 auctores
662 1007 1130 1096 ignoraverint,
1162 1013 1275 1075 aut
1313 1007 1540 1075 saltem
1583 1032 1716 1076 non
1744 1009 2038 1100 apprime
2061 1008 2484 1097 cognoverint
2507 1013 2645 1074 tum

351 1112 558 1181 Breve
572 1115 805 1205 exponi
850 1114 1039 1182 nobis
1065 1113 1310 1183 Urbani
1335 1114 1510 1194 Vm,
1541 1121 1682 1182 tum
1709 1117 1929 1205 plures
1979 1113 2338 1182 decisiones
2365 1112 2643 1205 Congre-

352 1220 629 1311 gationis
657 1220 912 1288 concilii
938 1244 954 1303 ;
986 1242 1062 1288 eo
1089 1222 1260 1309 quod
1295 1226 1453 1289 tunc
1478 1222 1791 1314 temporis
1818 1220 2196 1312 hujusmodi
2222 1224 2644 1289 monumenta

351 1325 645 1394 nondum
672 1325 943 1394 fuissent
972 1332 1270 1394 accurate
1298 1326 1588 1414 vulgata.

1437 1592 1549 1671 §2

350 1762 560 1802 nummo
595 1764 889 1804 TENENDUH
936 1765 1032 1803 EST
1077 1764 1232 1804 UNUH
1278 1764 1499 1803 TANTUM
1543 1764 1689 1804 ELIGI
1728 1763 1885 1803 POSSE
1934 1762 2194 1803 vchBItm
2248 1762 2638 1815 carnuntum,

545 1861 775 1901 ssxOEPTo
811 1863 943 1902 CAsU
981 1862 1405 1902 CONSUETUDINIS
1446 1861 1763 1901 CONTRARIAE
1801 1861 2058 1901 LEGI'rluE
2096 1861 2446 1900 PRAESCRIPTAE

444 2023 721 2107 Quando
754 2026 916 2116 legis
959 2026 1236 2118 aliquus
1259 2026 1660 2096 Tridentinae
1686 2049 1910 2095 sensus
1942 2027 2356 2117 aliquatenus
2408 2026 2650 2096 dubius

355 2134 447 2198 est
467 2137 531 2195 et
556 2132 623 2197 in
644 2131 1148 2199 controversiam
1169 2132 1545 2211 adducitur,
1573 2134 1623 2199 si
1663 2155 1820 2199 eum
1847 2131 2123 2199 declaret
2150 2136 2212 2197 et
2261 2129 2654 2199 determinet

356 2233 554 2303 Sacra
584 2235 1013 2327 Congregatio
1066 2237 1353 2322 concilii,
1393 2240 1533 2328 jam
1587 2238 1796 2327 quoad
1850 2239 2100 2327 praxim
2149 2242 2366 2304 certus
2411 2238 2646 2305 evadit.

357 2340 784 2431 Congregatio
812 2346 993 2411 enim
1023 2344 1134 2411 illa
1156 2345 1354 2433 pollet
1380 2343 1716 2412 pontificia
1744 2343 2122 2410 auctoritate
2151 2342 2233 2409 ad
2260 2342 2652 2431 hujusmodi

356 2444 657 2514 solvenda
702 2449 871 2536 juris
916 2448 1137 2517 dubia.
1197 2448 1396 2518 Porro
1444 2451 1499 2518 si
1548 2448 1869 2518 Summus
1923 2447 2216 2516 Pontifex
2272 2450 2653 2518 auctoritate

355 2549 720 2636 Apostolica
755 2555 1108 2622 declararet
1143 2558 1337 2623 talem
1372 2556 1583 2645 legem
1623 2555 2074 2623 Tridentinam
2124 2577 2257 2623 esse
2298 2555 2403 2620 tali
2446 2577 2648 2622 sensu

350 2654 840 2743 intelligendam
870 2665 932 2725 et
950 2662 1359 2739 servandam,
1392 2663 1624 2750 procul
1662 2662 1863 2729 dubio
1894 2662 1991 2727 lex
2026 2661 2135 2728 illa
2160 2662 2329 2750 juxta
2363 2680 2637 2727 sensum

357 2764 450 2830 sic
477 2764 873 2832 declaratum
902 2765 1235 2855 obligaret.
1272 2766 1517 2835 Eodem
1540 2789 1695 2855 ergo
1729 2767 1920 2835 modo
1946 2767 2323 2857 obligabunt
2340 2764 2650 2832 declara-

354 2869 561 2938 itones
585 2870 653 2939 S.
685 2870 1235 2963 Congregationis
1257 2873 1547 2960 concilii,
1591 2896 1749 2942 cum
1782 2896 1886 2941 eas
1926 2895 2075 2941 suas
2112 2874 2344 2941 faciant
2365 2870 2653 2940 Romani

356 2973 723 3062 PontificeS‚
761 2985 953 3069 atque
980 2981 1050 3047 in
1080 2982 1263 3049 hune
1308 2983 1513 3049 finem
1551 2981 1919 3071 Apostolica
1975 2980 2352 3048 auctoritate
2407 2980 2646 3047 dictam

354 3077 930 3170 Congregationem
960 3089 1388 3156 muniverint.
1425 3087 1614 3156 Unde
1666 3087 1718 3154 si
1758 3088 2162 3176 reperiamus
2184 3107 2221 3151 a
2245 3084 2443 3154 Sacra
2485 3085 2653 3155 Con-

356 3190 728 3275 gregatione
757 3194 1016 3260 concilii
1062 3216 1350 3285 expresse
1409 3196 1704 3263 decisum
1757 3200 1819 3261 et
1854 3193 2251 3261 declaratum
2289 3193 2477 3261 hunc
2520 3214 2655 3261 esse

353 3291 589 3360 decreti
636 3297 1003 3366 Tridentini
1054 3323 1342 3385 sensum,
1378 3309 1448 3369 ut
1500 3325 1632 3370 non
1687 3301 1912 3392 possit,
1964 3300 2111 3367 sede
2169 3306 2466 3379 vacante,
2499 3300 2654 3389 eligi

355 3395 485 3462 nisi
513 3418 685 3462 unus
709 3401 990 3469 vicarius
1038 3406 1435 3494 capitularis,
1463 3413 1723 3496 excepto
1751 3428 1898 3473 casu
1926 3406 2216 3492 legitime
2259 3407 2656 3496 praescriptae

356 3502 425 3569 in
457 3504 856 3569 contrarium
882 3508 1399 3591 consuetudiniS‚
1428 3511 1572 3597 jam
1612 3533 1804 3578 causa
1834 3512 2016 3579 finita
2046 3511 2191 3590 erit,
2216 3515 2410 3599 atque
2434 3512 2655 3580 omnis

353 3630 596 3678 cessare
634 3609 894 3677 debebit
927 3615 1384 3683 controversia.
1424 3614 1727 3684 Decisum
1751 3623 1967 3684 autem
1998 3616 2083 3682 ita
2112 3617 2307 3684 fuisse
2333 3638 2371 3684 a
2404 3640 2655 3686 memo-

353 3724 490 3785 rata
520 3719 1304 3807 Congregatione‘certum
1340 3730 1458 3806 est,
1491 3729 1553 3789 et
1605 3746 1718 3812 per
1746 3730 1954 3790 totum
1992 3723 2217 3790 orbem
2268 3725 2654 3813 plenissime

356 3830 609 3908 notum,
639 3825 723 3891 ob
764 3827 1056 3914 vulgatas
1096 3849 1133 3893 a
1163 3831 1515 3896 canonistis
1547 3830 1671 3896 fide
1713 3829 1930 3918 dignis
1950 3830 2333 3919 hujusmodi
2355 3831 2652 3898 declara-

356 3924 583 3995 tiones.
622 3929 893 4019 Aliquas
925 3937 1178 3998 tantum
1201 3934 1578 3999 referemus

448 4034 511 4096 1ο
547 4033 803 4103 Decisio
853 4038 980 4105 diei
1025 4038 1100 4105 21
1153 4040 1376 4128 aprilis
1433 4039 1634 4125 1592,
1676 4041 1744 4107 in
1791 4062 1986 4108 causa
2031 4041 2522 4109 panormitana.
2557 4077 2656 4094 -—

361 4133 803 4222 Conqreqatio
856 4143 1121 4212 concilii
1174 4145 1452 4228 censuit,
1513 4168 1594 4212 eoe
1633 4145 1886 4213 decreto
1946 4147 2219 4215 concilii
2268 4147 2356 4238 (¹)
2424 4148 2655 4238 capite

361 4239 442 4307 16
470 4240 769 4307 sessionis
806 4244 920 4324 24,
950 4271 992 4314 a
1020 4251 1344 4341 capitulo,
1379 4251 1527 4320 sede
1556 4265 1861 4336 vacante,
1900 4275 2114 4322 unum
2153 4266 2424 4323 tantum
2464 4253 2649 4322 vica-

420 4359 486 4461 (t)
518 4401 708 4461 Nempe
726 4396 1022 4453 Tridentini.
