2930 4982
1184 308 1264 356 DE
1309 305 1633 355 mestuus.
2427 299 2453 357 1
2470 299 2539 355 Ὴ

1351 545 1480 623 §4

299 715 581 761 QUIBUSNAM
604 717 665 756 IN
695 716 912 755 CASIBUS
940 716 1111 755 malon
1140 716 1270 756 PARS
1298 690 1612 755 DECERNERE
1640 715 1812 754 Possm·
1835 716 1940 755 CUI
1971 713 2290 756 anumcm
2315 717 2558 769 innotus,

1186 807 1252 845 ET
1284 806 1634 847 SINGULORUM

369 963 425 1030 1.
474 961 841 1052 Episcopus
867 984 977 1031 seu
1012 964 1316 1055 praelatus
1340 985 1510 1055 cum·
1526 964 1771 1052 majore
1796 969 1976 1056 parte
1997 965 2290 1057 capituli,
2313 973 2563 1037 contra-

289 1067 512 1149 dicente
555 1068 839 1155 minore,
882 1075 1088 1160 potest
1127 1070 1211 1137 ob
1256 1069 1699 1139 necessitatem
1735 1071 1835 1139 vel
1882 1071 2225 1142 utilitatem
2278 1074 2564 1143 ecclesiae

291 1176 635 1261 decernere,
677 1180 825 1243 tum
856 1176 935 1244 de
972 1174 1161 1244 bonis
1207 1181 1271 1244 et
1298 1175 1563 1266 Juribus
1604 1178 2066 1247 communibus
2090 1179 2387 1271 capituli,
2419 1185 2563 1249 tum

291 1283 467 1351 etiam
490 1283 572 1352 de
596 1283 793 1352 bonis
824 1290 887 1351 et
899 1283 1162 1374 juribus
1201 1285 1639 1376 spectantibus
1675 1285 1757 1353 ad
1785 1286 2244 1378 capitularium
2273 1288 2569 1378 singulos

292 1391 556 1481 adeoque
583 1393 658 1459 in
686 1390 1148 1483 praejudicium
1180 1390 1622 1479 singulorum,
1646 1392 1842 1459 modo
1865 1392 2008 1460 haec
2030 1392 2204 1460 bona
2234 1398 2299 1461 et
2315 1395 2467 1482 jura
2488 1397 2569 1465 ad

291 1498 444 1586 ipsos
469 1498 836 1588 pertineant
857 1504 1176 1587 quatenus
1204 1496 1551 1565 canonicos
1576 1519 1713 1581 seu,
1737 1504 1814 1565 ut
1833 1498 2099 1581 dicitur,
2112 1498 2272 1589 jure
2286 1500 2568 1592 colleqii.

290 1603 562 1674 Statuere
596 1611 830 1695 potest,
871 1604 1053 1672 verbi
1100 1604 1333 1693 gratia,
1380 1609 1453 1671 ut
1506 1605 1782 1694 quilibet
1829 1606 2286 1674 canonicorum
2322 1612 2572 1697 partem

232 1770 235 1773 .
291 1711 564 1801 aliquam
620 1733 889 1779 suorum
916 1711 1249 1779 redituum
1289 1711 1764 1780 canonicalium
1800 1735 1915 1804 pro
1943 1714 2343 1805 reparatione
2368 1714 2577 1784 eccle-

298 1817 397 1884 siae
421 1820 713 1887 conferre
736 1823 1052 1888 teneatur.
1079 1817 1220 1887 Imo
1243 1820 1296 1887 si
1328 1818 1657 1886 evidenter
1683 1827 1929 1888 constet
1954 1822 2310 1912 capitulum
2340 1822 2578 1891 habere

293 1924 687 1995 abundantes
729 1926 975 1993 reditus
1023 1930 1085 1992 et
1124 1925 1438 1992 fabricam
1486 1946 1699 2011 egere,
1749 1932 1954 2016 potest
1998 1926 2172 1994 solus
2219 1926 2580 2016 Episcopus

292 2034 675 2129 compellere
714 2033 1079 2124 capitulum
1109 2037 1181 2099 ut
1209 2053 1285 2098 ex
1318 2030 1400 2098 iis
1443 2029 1788 2098 subveniat
1814 2032 2093 2102 fabricae.
2129 2030 2318 2122 (Vide
2340 2031 2582 2102 Leure-

290 2138 508 2217 nium‚
532 2138 675 2205 loco
712 2137 927 2222 citato,
957 2145 1184 2226 quaest.
1221 2135 1403 2226 132.)

378 2245 451 2312 2.
509 2244 580 2310 ln
609 2244 916 2332 praedicto
937 2265 1116 2325 casu,
1147 2266 1386 2331 nempe
1413 2243 1497 2311 ob
1527 2242 1971 2310 necessitatem
1998 2241 2103 2307 vel
2129 2239 2471 2307 utilitatem
2490 2261 2592 2310 ec-

297 2350 542 2430 clesiae,
577 2368 761 2438 posse
798 2349 1112 2435 maiorem
1149 2351 1399 2437 partem
1437 2346 1727 2439 capituli,
1756 2349 1948 2415 etiam
1975 2368 2107 2415 non
2130 2347 2590 2414 interveniente

293 2453 1069 2546 Episcopo,decernerein
1081 2455 1239 2545 praej
1245 2454 1353 2522 udi
1360 2454 1535 2523 cium
1549 2455 1822 2524 minoris
1833 2455 2285 2546 partia,tenent
2297 2453 2588 2544 Layman

298 2560 443 2650 (le.
471 2562 676 2643 Mor„
712 2560 756 2628 l.
788 2584 831 2643 1,
856 2565 1038 2630 tract.
1064 2561 1130 2646 4,
1159 2584 1218 2631 c.
1243 2562 1308 2646 7,
1330 2584 1394 2629 n.
1430 2562 1563 2654 10),
1587 2568 1650 2630 et
1670 2562 2029 2631 Leurenius
2052 2563 2263 2652 (citato
2286 2561 2476 2653 loco).

385 2666 449 2735 3.
501 2665 708 2756 Major
750 2690 895 2756 pars
928 2668 1272 2737 decernere
1312 2672 1537 2759 nequit
1579 2670 1649 2738 in
1689 2671 2146 2761 praejudicium
2205 2670 2478 2737 minoris
2512 2670 2591 2738 de

298 2771 480 2839 bonis
507 2794 653 2860 quae
694 2774 774 2839 ad
799 2774 1091 2870 singulos
1115 2781 1405 2864 spectant
1422 2777 1574 2864 jure
1603 2775 1892 2864 proprio,
1924 2779 1998 2840 ut
2020 2779 2175 2840 sunt
2201 2773 2376 2840 bona
2397 2774 2596 2862 patri-

301 2878 614 2947 monialia
652 2880 969 2967 cujusque
1007 2880 1308 2947 canonici
1347 2888 1409 2948 et
1445 2901 1594 2968 quae
1632 2900 1711 2946 ex
1761 2875 2327 2968 patrimonialibus
2352 2876 2590 2943 fluunt.

302 2983 375 3053 Et
414 2986 500 3053 de
547 2984 651 3052 his
698 2984 886 3052 bonis
935 2984 1018 3051 ad
1064 2986 1354 3071 singulos
1417 2984 1897 3074 pertinentibus
1923 2982 2084 3071 jure
2112 2982 2420 3073 proprio,
2465 3002 2597 3049 non

297 3094 434 3179 jure
472 3091 756 3179 collegii,
783 3090 1203 3178 intelligenda
1236 3095 1332 3158 est
1360 3091 1588 3179 regula
1607 3091 1799 3179 juriS‚
1830 3087 1942 3169 26,
1975 3088 2045 3155 in
2071 3087 2153 3155 6:
2180 3087 2360 3178 quod
2379 3110 2601 3155 omnes

309 3197 535 3288 tanyit
555 3196 744 3263 debet
771 3197 857 3263 ab
882 3195 1193 3264 omnibus
1215 3196 1606 3287 approbari,
1637 3196 1753 3264 ubi
1780 3195 2220 3264 summarium
2247 3195 2339 3262 sic
2367 3194 2593 3263 habet:

312 3304 382 3371 In
444 3304 535 3370 iis
575 3325 720 3393 quoe
772 3304 1156 3370 communia
1204 3314 1364 3394 sunt
1392 3302 1719 3394 pluribus
1769 3314 1846 3370 ut
1884 3301 2199 3393 sz‘nqulz'S,
2242 3301 2602 3393 requiritur

315 3431 660 3479 consensus
701 3412 1019 3477 omnium.
1076 3409 1268 3499 (Vide
1315 3409 1742 3494 Leurenium,
1774 3411 1917 3479 loco
1945 3408 2190 3500 citato.)

397 3520 472 3585 4.
506 3517 592 3587 Ut
620 3521 828 3606 major
862 3540 1011 3606 pars
1046 3518 1385 3608 disponere
1425 3520 1622 3607 possit
1646 3520 1818 3586 circa
1846 3519 2090 3586 reditus
2117 3523 2473 3606 spectantes
2525 3513 2605 3581 ad

321 3625 612 3718 singulps
624 3623 788 3713 jure
833 3622 1125 3709 colleqii,
1157 3624 1537 3710 requiritur,
1577 3625 1834 3713 prima,
1878 3643 2070 3690 causa
2098 3623 2242 3711 pia3
2296 3616 2604 3699 secunda,

324 3731 692 3815 necessitaS,
727 3728 830 3796 vel
859 3728 1101 3795 utilitas
1141 3732 1320 3792 tanta
1359 3748 1504 3813 quae
1549 3727 1909 3792 necessitati
1948 3724 2330 3813 aequiparari
2367 3724 2605 3814 possit;

328 3836 544 3915 tertio,
577 3841 652 3901 ut
678 3839 906 3923 agatur
944 3832 1025 3899 de
1053 3832 1425 3899 necessitate
1453 3829 1555 3897 vel
1597 3829 1868 3897 utilitate
1896 3829 2075 3897 illius
2098 3826 2395 3899 Ecclesiae
2423 3831 2610 3921 cujus

328 3940 708 4030 capitulares
761 3940 840 4006 ad
880 3937 1453 4006 contribuendum·
1481 3939 1829 4025 coguntur.
1864 3932 1931 4003 Si
1979 3933 2156 4001 enim
2196 3942 2492 4024 ageretur
2530 3938 2611 4006 de

330 4066 517 4136 opere
541 4048 651 4136 pio
688 4045 947 4133 quidem
980 4044 1090 4111 sed
1114 4049 1434 4125 extraneo,
1456 4048 1521 4109 et
1546 4043 1622 4109 ad
1663 4042 1991 4132 propriam
2022 4040 2481 4131 capitularium
2509 4062 2613 4108 ec·
2653 4089 2663 4102 .

332 4153 594 4219 clesiam
633 4172 764 4217 non
792 4152 1172 4241 pertinente,
1210 4150 1425 4215 minor
1456 4169 1629 4237 parS,
1662 4147 1795 4214 imo
1827 4150 2064 4215 unicus
2088 4148 2459 4240 capitularis
2489 4148 2614 4211 im-

334 4256 554 4343 pedire
582 4261 791 4345 posset
815 4256 1143 4323 decretum
1178 4252 1440 4341 majoris
1463 4254 1688 4341 partiS,
1720 4274 1913 4321 suum
1950 4254 2282 4343 singulare
2311 4254 2617 4318 interesse

341 4361 811 4448 praetendendo.
