2930 4982
326 339 406 394 28
417 340 453 394 ⁴·
1295 339 1639 389 TRACTATUS

323 473 520 553 sexta,
552 483 750 549 nona,
772 480 1080 551 vesperae,
1104 465 1169 528 et
1187 460 1427 530 ultimo
1454 461 1597 530 loco
1619 454 2145 548 completorium.
2175 455 2283 525 Sic
2297 456 2495 526 habet
2508 481 2609 529 ca-

321 594 457 641 non
476 570 824 660 Presbyter
852 567 1285 637 distinctionis
1314 567 1393 636 91
1436 592 1455 636 t
1488 566 1838 657 Presbyter
1861 586 2061 632 mane
2084 564 2496 633 matutinali
2513 569 2614 659 of-

321 678 480 767 ficio
509 675 793 767 eoepleto,
803 696 1096 764 pensum
1120 674 1464 742 servitutis
1490 696 1657 755 suoe,
1670 670 1967 740 canendo
1983 670 2320 761 primam,
2346 672 2616 742 tertiam

321 797 580 853 sextam
600 802 981 870 nonamque
992 780 1356 871 persolvat.
1373 832 1416 848 ..
1448 779 1787 871 Propheta
1813 776 2101 858 dicente,
2141 776 2389 869 Septies
2413 780 2486 847 in
2518 780 2617 851 die

321 889 544 957 laudes
568 888 701 956 dixi
733 887 878 955 tibi.
916 886 1052 969 Qui
1098 885 1517 977 septenarius
1538 897 1838 953 sacratus
1886 906 2204 951 numerus
2226 907 2269 951 a
2295 885 2487 953 nobis
2524 888 2616 956 sic

324 996 744 1086 implebitur,
766 993 828 1061 si
846 993 1238 1075 matutinae,
1249 994 1531 1085 primae,
1547 993 1791 1074 tertioe,
1814 1002 2043 1072 seoetae,
2065 1013 2289 1073 nonae,
2306 1015 2611 1082 vesperae,

322 1100 869 1192 completoriique
899 1111 1189 1190 tempore
1212 1111 1458 1167 nostroe
1481 1097 1825 1168 servitutis
1849 1096 2078 1188 officia
2114 1098 2568 1187 persolvamus
2586 1121 2609 1167 .·

321 1206 489 1295 quia
508 1205 587 1273 cle
608 1205 715 1272 lzis
751 1202 936 1272 dixit
961 1204 1299 1294 propbeta
1320 1226 1343 1271 .·
1376 1202 1622 1295 Septies
1641 1204 1713 1271 in
1737 1203 1838 1271 die
1860 1200 2085 1270 laudes
2108 1200 2239 1269 dixi
2263 1201 2409 1271 tibi.
2437 1206 2608 1274 Nam

322 1310 402 1379 a²e
444 1310 794 1379 nocturnis
811 1310 1073 1401 viqiliis
1093 1309 1271 1378 idem
1301 1310 1442 1400 ipse
1454 1309 1787 1401 propbeta
1837 1308 1943 1375 ait
1970 1329 1994 1375 .·
2017 1306 2226 1377 Media
2253 1314 2442 1377 nocte
2477 1333 2608 1378 sur-

322 1417 557 1506 gebam
587 1417 668 1485 ad
706 1417 1149 1484 confitendum
1188 1417 1330 1483 tibi.
1392 1419 1578 1507 Erqo
1631 1415 1738 1483 his
1796 1412 2201 1505 temporibus
2242 1416 2611 1504 referamus

323 1523 551 1593 laudes
587 1523 893 1591 Creatori
917 1535 1141 1591 nostro
1190 1545 1388 1612 super
1416 1521 1693 1613 judicia
1709 1521 2013 1612 justitioe
2033 1542 2172 1587 suoe
2199 1518 2315 1611 (Ex
2337 1523 2613 1593 concilio

321 1629 462 1698 Nan
474 1627 768 1718 netensi).

418 1734 595 1801 l⁰An
627 1735 907 1801 inversio
930 1733 1218 1823 praedicti
1241 1735 1556 1802 horarum
1570 1733 1820 1802 ordinis
1840 1734 1911 1802 in
1931 1732 2326 1801 recitatione
2343 1733 2605 1823 publica

324 1841 505 1908 chori
534 1840 617 1908 sit
635 1840 912 1928 graviter
950 1840 1292 1930 culpabilis
1320 1841 1354 1908 ‘l
1379 1877 1473 1891 —
1496 1840 1752 1932 Duplex
1783 1840 2125 1924 sententia,
2158 1844 2436 1928 utraque
2458 1861 2613 1929 pro-

322 1946 578 2013 babilis.
611 1944 702 2037 (S.
739 1944 1112 2035 LiguoriuS,
1140 1946 1185 2013 l.
1223 1946 1337 2030 lV,
1368 1969 1426 2015 c.
1463 1948 1533 2030 2,
1565 1971 1632 2039 p.
1675 1945 1856 2037 171.)

412 2052 482 2119 2⁰
509 2052 683 2133 Quid
713 2053 790 2119 de
818 2053 1041 2140 eadem
1071 2054 1440 2121 inversione
1484 2055 1552 2120 in
1580 2054 1955 2122 recitatione
1984 2052 2282 2144 privata?
2302 2089 2397 2103 —-
2430 2050 2612 2120 Facta

324 2159 462 2226 sine
483 2180 676 2228 causa
706 2159 1097 2243 rationabili,
1124 2182 1255 2228 non
1284 2166 1378 2228 est
1398 2160 1592 2252 culpa
1617 2162 1856 2251 graviS,
1894 2159 2006 2228 sed
2032 2164 2285 2227 tantum
2303 2159 2606 2227 venialis:

323 2264 413 2331 ita
439 2266 810 2333 communis
840 2267 1176 2334 sententia.
1228 2266 1425 2335 Facta
1454 2289 1533 2335 ex·
1559 2288 1751 2335 causa
1779 2264 2150 2348 rationabili
2184 2264 2371 2334 nullo
2431 2265 2611 2334 modo

320 2374 417 2437 est
440 2370 803 2460 culpabilis.
842 2370 935 2460 (S.
970 2371 1350 2462 LiguoriuS,
1378 2374 1424 2442 l.
1470 2373 1588 2455 lv,
1618 2397 1676 2442 c.
1698 2373 1777 2455 2,
1808 2395 1877 2440 n.
1912 2369 2095 2458 170.)

608 2822 887 2864 OBLIGATIO
924 2823 1102 2870 QUOAD
1132 2825 1331 2879 Loctm,
1370 2826 1469 2865 SEU
1498 2826 1784 2867 OBLIGATIO
1813 2827 2118 2868 ASSISTENDI
2156 2827 2330 2868 CHORO

416 3002 464 3070 1.
501 3026 537 3067 «
559 3003 823 3071 Certum
842 3008 936 3071 est
954 3004 1127 3094 quod
1153 3004 1373 3073 clerici
1400 3004 1818 3075 ecclesiarum
1852 3006 2324 3076 cathedralium
2345 3012 2411 3074 et
2428 3006 2609 3075 colle·

327 3111 651 3198 giatarum
680 3116 985 3179 tenentur
1003 3111 1084 3179 ad
1114 3113 1410 3181 officium
1432 3113 1509 3180 in
1534 3113 1753 3183 choro.
1786 3139 1822 3178 »
1857 3114 2174 3205 (Lignori‚
2201 3115 2252 3183 1.
2284 3113 2395 3199 ΙΙΙ,
2426 3118 2599 3182 tract.

325 3216 395 3295 5,
430 3239 488 3283 c.
525 3218 592 3300 2,
630 3240 697 3286 n.
736 3217 924 3309 675.)
970 3217 1078 3288 Sic
1129 3219 1328 3288 habet
1362 3241 1573 3288 canon
1606 3221 1881 3290 ultimus
1911 3221 2342 3289 distinctionis
2368 3219 2456 3288 92
2488 3243 2504 3287 ε
2535 3217 2610 3286 Si

325 3322 479 3411 quis
488 3325 835 3413 presbyter
860 3336 983 3392 aut
1012 3323 1334 3393 diaconus
1357 3327 1462 3393 vel
1479 3325 1762 3416 quilibet
1798 3325 2073 3394 clericus
2093 3325 2374 3393 ecclesioe
2398 3322 2600 3414 depu-

331 3435 539 3504 tatus,
569 3426 630 3491 si
674 3426 860 3493 intra
884 3429 1229 3498 civitatem
1258 3429 1503 3520 fuerit,
1529 3440 1653 3496 aut
1681 3429 1756 3496 in
1777 3429 2071 3519 quolibet
2089 3428 2226 3497 loco
2252 3428 2327 3496 in
2347 3449 2476 3518 quo
2503 3447 2606 3493 ec-

328 3530 527 3597 clesia
549 3542 670 3611 est,
701 3543 765 3597 et
788 3530 882 3599 ad
898 3534 1380 3622 quotidianum
1421 3532 1769 3624 psallendi
1783 3535 2095 3631 officium
2130 3533 2499 3623 matutinis
2550 3541 2607 3598 et

325 3637 719 3726 vespertinis
766 3638 949 3706 boris
993 3639 1088 3709 ad
1127 3641 1464 3709 ecclesiam
1517 3664 1654 3710 non
1711 3642 2117 3724 convenerit,
2165 3640 2545 3731 deponatur
2569 3659 2608 3703 a

326 3743 522 3826 clero,
551 3744 614 3812 si
639 3757 863 3815 tamen
906 3747 1274 3838 castiqatus
1297 3748 1567 3816 veniam
1592 3748 1674 3816 ab
1705 3748 2039 3839 Episcopo
2048 3743 2609 3838 persatisfactio·

327 3866 479 3912 nem
526 3850 820 3918 noluerit
844 3854 1240 3941 promereri.
1293 3853 1387 3921 Ex
1411 3876 1541 3944 quo
1586 3860 1761 3922 textu
1807 3853 2065 3922 videtur
2093 3853 2435 3941 antiquam
2481 3867 2609 3917 esse

326 3950 788 4038 obligationem
812 3958 1021 4046 quoad
1056 3959 1299 4027 locum.
1337 3958 1709 4028 Concilium
1757 3964 1979 4027 autem
2014 3958 2482 4026 Tridentinum
2524 3954 2610 4021 sic

325 4056 544 4123 statuit
599 4081 616 4125 ι
691 4062 1219 4153 Compellantur,
1279 4062 1354 4130 in
1401 4063 1596 4130 choro
1656 4062 1750 4131 ad
1782 4061 2217 4153 psallendum
2266 4061 2609 4138 instituto,

328 4161 603 4253 hymnis
640 4177 703 4230 et
733 4171 1016 4237 canticis
1053 4171 1176 4239 Dei
1209 4194 1450 4239 nomen
1479 4181 1870 4252 reverenter,
1903 4168 2220 4238 distincte
2265 4165 2612 4257 devoteque

328 4265 624 4336 laudare.
662 4267 851 4358 (Sess,
879 4274 991 4356 24,
1028 4298 1087 4342 c.
1120 4278 1226 4357 12,
1260 4283 1355 4345 De
1377 4278 1535 4367 ref.)

415 4375 531 4444 llla
543 4383 758 4445 tamen
777 4378 1083 4466 obligatio
1096 4381 1357 4469 aliquod
1371 4383 1657 4451 admittit
1667 4388 2278 4474 temperamentum.
2297 4406 2332 4446 (ι
2345 4375 2609 4449 Adverti
