2930 4982
407 345 533 403 ⁴60
1261 308 1266 319 ¹
1378 348 1723 396 umentes

497 473 666 541 Cum
704 491 857 559 ergo
893 470 1164 538 omnino
1201 476 1374 537 certa
1411 471 1495 536 sit
1529 469 1642 537 illa
1673 464 2002 559 dispositio
2022 468 2217 558 juris,
2250 472 2491 559 requiri
2520 473 2668 540 scili·

408 588 505 650 cet
555 578 801 646 Sanctae
853 575 1032 645 Sedis
1082 575 1450 643 facultatem
1498 576 1578 643 ad
1627 575 2092 643 introducenda
2143 576 2246 642 vel
2291 578 2669 646 immutanda

407 685 841 774 capitulorum
874 682 1186 769 insignia,
1218 681 1539 750 contraria
1565 683 1780 771 praxis
1819 702 1951 748 non
1975 686 2225 748 tantum
2257 704 2383 750 non
2417 689 2671 750 meretur

411 788 992 874 manutentionem,
1044 787 1154 855 sed
1195 794 1290 855 est
1330 786 1675 879 punibilis,
1720 792 1793 854 ut
1831 788 1920 855 ait
1965 785 2447 856 Scarfantonius
2486 788 2672 880 (citato

408 895 600 987 loco).

496 1001 721 1082 Quoad
766 1001 1129 1092 capitulum
1191 1000 1630 1092 Aquilonum,
1694 1001 1796 1070 die
1847 1003 1927 1069 17
1989 1003 2203 1071 martii
2261 1002 2459 1090 1660,
2510 1001 2671 1073 Sacra

408 1106 836 1196 congregatio
862 1109 1111 1176 rituum
1137 1107 1321 1175 duxit
1344 1108 1873 1200 respondendum
1901 1132 1917 1175 t
1951 1112 2105 1180 Non
2144 1110 2340 1177 licere
2366 1109 2671 1178 canonicis

410 1211 808 1281 cathedralis
828 1213 1179 1304 antiquum
1209 1237 1404 1282 usu-m
1429 1237 1800 1306 capparum
1820 1215 2326 1306 pontificalium
2359 1237 2666 1298 resumere,

413 1320 548 1387 nisi
581 1317 770 1387 docto
817 1318 997 1410 quod
1035 1320 1203 1388 olim
1251 1343 1331 1388 ex
1368 1321 1635 1390 indulto
1686 1321 2070 1412 Apostolica
2106 1344 2228 1403 ‘eas
2275 1322 2670 1390 adhibuerint

410 1424 601 1517 (apud
630 1424 1011 1512 Gardellini‚
1047 1447 1114 1494 n.
1153 1426 1375 1514 1898).

501 1531 713 1621 Atque
758 1532 979 1599 eadem
1028 1530 1095 1601 S.
1143 1533 1573 1624 Congregatio
1602 1532 1695 1623 (in
1729 1553 1920 1600 causa
1960 1533 2221 1600 numeri
2258 1533 2344 1602 35
2364 1534 2449 1602 52
2483 1533 2674 1602 collec-

415 1637 606 1704 tionis
649 1635 1099 1728 Gardellianae)
1147 1640 1524 1730 rescripsit:
1570 1637 1981 1708 Ser-vandum
2022 1641 2324 1729 formam
2366 1640 2671 1734 praecisam

417 1755 480 1811 et
505 1743 782 1811 colorem
810 1745 1197 1837 praecisum,
1224 1758 1431 1835 prout
1462 1746 1539 1814 in
1576 1745 1845 1825 indulto
1870 1748 1922 1813 A
1919 1746 2250 1837 postolico
2289 1747 2668 1840 exprimitur.

1509 2028 1627 2106 §4

417 2198 672 2238 CANONICI
739 2199 914 2238 EXTRA
989 2200 1254 2238 PROPRIAM
1328 2197 1619 2238 ECCLESIAM
1692 2198 2092 2237 CONCIONANTES
2118 2225 2135 2251 ,
2194 2197 2445 2236 ALIAMVE
2505 2193 2674 2235 SAcRn

489 2296 850 2348 FUNchNEx,
885 2297 971 2335 UTI
1010 2297 1224 2336 SINGULI
1250 2321 1269 2347 ‚
1304 2295 1665 2347 PERAGENTES,
1724 2295 2014 2340 NEQUEUNT
2055 2293 2299 2332 INSIGNIA
2354 2287 2676 2332 CANONICALIA

491 2392 747 2433 INDUERE.
778 2408 849 2419 ··-
882 2394 947 2431 ET
974 2394 1101 2439 QUID
1129 2393 1471 2432 SENTIENDUM
1502 2393 1569 2431 DE
1596 2391 1897 2431 CONTRARIA
1921 2391 2127 2430 GALLIAE
2166 2390 2322 2428 PnAxl

508 2578 735 2666 Aliqui
783 2584 1097 2656 auctores,
1138 2577 1310 2644 inter
1355 2599 1517 2667 quos
1558 2576 2070 2660 ScarfantoniuS‚
2102 2576 2261 2644 falso
2283 2576 2675 2643 existimantes

419 2682 896 2751 concessionem
950 2682 1308 2769 insignium
1364 2705 1500 2750 esse
1560 2684 1836 2770 gratiam
1903 2683 2327 2773 personalem,
2377 2675 2671 2745 canonicis

419 2790 716 2858 videlicet
757 2789 856 2856 uti
906 2786 1183 2875 singulis
1230 2788 1312 2855 ab
1357 2787 1726 2877 Apostolica
1765 2786 1926 2856 Sede
1959 2809 2351 2867 concessam,
2393 2783 2679 2874 putarunt

422 2897 587 2964 bene
613 2917 795 2986 posse
833 2901 1005 2962 extra
1036 2895 1365 2985 propriam
1402 2894 1740 2962 ecclesiam
1770 2900 1831 2962 et
1858 2894 2218 2979 dioecesim,
2263 2915 2336 2960 ea
2370 2887 2628 2978 insignia
2652 2906 2683 2952 a

424 3000 715 3089 quolibet
759 2999 1071 3068 canonico
1124 2999 1419 3067 adhiberi
1458 2999 1620 3068 dum
1676 3000 2099 3067 concionatur
2146 3000 2424 3066 aliamve
2469 2989 2682 3062 sacram

425 3106 827 3173 functionem
866 3107 1178 3174 invitatus
1226 3107 1500 3197 peragit.
1550 3106 1638 3173 At
1675 3106 1969 3195 praedicti
2007 3110 2299 3173 auctores
2341 3101 2683 3171 sententiam

428 3218 783 3280 mutassent
809 3213 872 3279 ‘si
917 3219 1057 3302 post
1105 3212 1434 3280 decretum
1459 3214 1846 3280 auctoritate
1887 3212 1988 3280 Pii
2031 3211 2149 3279 Vll
2196 3211 2595 3302 publicatum
2638 3205 2686 3268 et

427 3318 622 3384 modo
646 3318 1058 3386 referendum
1094 3319 1443 3405 vixissent;
1487 3319 1661 3386 unde
1682 3317 1949 3386 omnino
1990 3323 2144 3387 sunt
2173 3317 2245 3384 in
2286 3317 2407 3384 hac
2440 3337 2506 3383 re
2543 3312 2684 3379 dese·

426 3421 640 3489 rendi.
2302 3421 2305 3424 ·

514 3526 658 3595 Jam
683 3532 827 3593 ante
852 3525 1044 3594 Pium
1067 3524 1191 3594 VII
1243 3524 1311 3594 S.
1343 3526 1587 3595 rituum
1613 3527 2038 3617 Congregatio
2069 3528 2318 3619 pluries
2338 3532 2403 3595 et
2425 3528 2685 3596 constan·

428 3641 524 3703 ter
564 3634 990 3703 declaraverat
1020 3632 1347 3701 canonicis
1375 3636 1474 3701 uti
1501 3634 1776 3724 singulis
1796 3622 1927 3703 non
1950 3637 2144 3704 licere
2181 3641 2355 3703 extra
2391 3629 2685 3725 propriam

428 3745 768 3812 ecclesiam
785 3743 1071 3832 insignia
1097 3742 1364 3809 induere
1397 3741 1554 3809 dum
1578 3744 2047 3811 concionantur
2065 3744 2256 3810 aliive
2276 3738 2592 3810 functioni
2608 3754 2687 3803 sa·

427 3871 551 3917 crae
570 3855 816 3918 vacant.
842 3848 1171 3917 Nonnulla
1199 3848 1577 3937 hujusmodi
1607 3845 1855 3917 decreta
1878 3851 2226 3917 reseramus
2256 3873 2274 3917 z

528 3984 560 4019 «
607 3954 1022 4047 Supplicante
1044 3955 1317 4045 Josepho
1339 3956 1416 4021 de
1438 3954 1799 4023 Comizares
1825 3958 2138 4025 canonico
2173 3954 2456 4024 ecclesiae
2481 3950 2691 4019 Panor-

437 4083 473 4122 «
515 4061 778 4128 mitanae
819 4086 936 4153 pro
975 4061 1445 4131 declaratione:
1494 4082 1578 4128 an
1620 4067 1794 4128 extra
1823 4063 2152 4130 dioecesim
2188 4058 2690 4129 panormitanam
2730 4136 2737 4141 ο

438 4189 472 4228 «
515 4163 703 4228 liceat
725 4168 959 4234 oratori
986 4169 1082 4237 uti
1106 4167 1482 4258 insignibus
1508 4166 2037 4253 canonicalibus}
2059 4169 2111 4235 si
2139 4168 2332 4234 suerit
2353 4165 2446 4232 ibi
2486 4158 2693 4229 invita·

440 4295 471 4334 «
518 4275 621 4336 tus
640 4265 720 4333 ad
744 4267 991 4356 aliquas
1020 4274 1383 4341 functiones
1404 4272 1884 4352 ecclesiasticas,
1911 4276 2066 4362 puta
2087 4273 2167 4340 ad
2190 4265 2690 4341 concionandum

440 4401 475 4441 t<
518 4398 629 4444 seu
659 4375 739 4442 ad
765 4374 1294 4460 ministrandum,
1320 4380 1401 4447 de
1435 4380 1697 4449 licentia
1746 4379 2040 4471 parochi,
2067 4383 2547 4450 sacramentum
2589 4370 2691 4437 ba·
