2930 4982
1157 323 1234 369 DE
1273 324 1607 372 capimus,
2416 317 2534 373 159

244 444 345 513 Sic
394 463 625 532 nempe
681 440 776 510 ibi
834 441 1050 531 legere
1098 451 1192 512 est
1239 446 1418 536 (pag.
1478 446 1563 514 45
1610 450 1672 513 et
1718 443 1846 523 46,
1903 443 2207 513 editionis
2268 446 2477 535 1818)
2514 472 2529 514 :

247 575 280 615 «
303 548 596 636 L'Eglise
623 569 660 616 a
689 548 788 616 ete
819 548 1186 639 depouillee
1214 576 1297 621 en
1327 553 1567 622 totalite
1594 552 1673 619 de
1701 572 1797 619 ses
1818 550 2004 619 biens
2032 575 2049 618 z
2084 551 2133 618 il
2159 552 2270 642 n'y
2302 575 2339 620 a
2365 553 2535 622 donc

246 684 280 724 «
304 657 452 748 plus
479 656 561 724 de
589 654 773 724 biens
815 657 1326 750 ecclesiastiques
1371 666 1433 729 et
1461 660 1660 750 qu’on
1692 657 1904 749 puisse
1947 656 2085 726 dire
2131 661 2471 727 consacres
2501 662 2536 728 ἐι

248 791 278 831 «
301 763 469 832 Dieu
495 787 511 831 ε
544 763 587 830 il
614 761 722 851 n'y
744 785 782 830 a
811 763 979 831 donc
1008 767 1157 856 plus
1182 767 1260 834 de
1284 767 1632 835 benefice&
1660 764 1781 832 Les
1802 784 2016 851 cures,
2047 765 2139 833 les
2167 765 2537 834 canonicats

245 878 354 939 «et
382 872 607 938 meme
628 870 720 937 les
748 870 1027 940 e'veches
1062 879 1207 940 sont
1235 874 1387 941 bien
1420 894 1658 941 encore
1686 869 2105 961 aujourd’hui
2144 871 2257 939 des
2286 872 2529 955 ostica,

242 979 465 1045 «mais
513 998 596 1044 ne
642 982 787 1045 sont
840 978 989 1068 plus
1032 980 1143 1048 des
1192 982 1544 1049 benefices.
1600 978 1671 1048 Si
1724 979 1862 1047 l’on
1916 983 2071 1046 veut
2127 978 2341 1068 parler
2395 1002 2535 1047 cor·

239 1109 271 1148 a
295 1089 683 1172 rectement‚
728 1105 814 1151 on
849 1105 933 1151 ne
965 1090 1123 1174 peut
1170 1086 1317 1177 plus
1356 1087 1497 1155 leur
1535 1087 1789 1154 donner
1815 1105 1884 1152 ce
1925 1105 2111 1172 nom,
2163 1086 2446 1175 puisquc
2480 1086 2540 1152 le

239 1213 270 1252 «
295 1187 594 1255 benefice
636 1193 731 1255 est
765 1188 990 1273 defini,
1042 1189 1107 1257 le
1154 1189 1334 1258 droit
1363 1193 1715 1283 perpetuel
1763 1188 1844 1258 de
1871 1189 2221 1280 percevoir
2260 1190 2542 1281 quelque

236 1293 571 1385 «portion
611 1293 692 1362 de
727 1316 971 1362 revenu
1002 1295 1113 1365 des
1155 1297 1330 1365 biens
1369 1299 1706 1366 consueris
1750 1298 1794 1364 ἀ
1831 1296 2026 1381 Dieu,
2064 1295 2339 1365 accord&
2373 1299 2416 1364 ἀ
2448 1321 2539 1365 un

236 1426 269 1465 «
293 1400 473 1468 clerc
501 1423 644 1491 par
690 1401 1039 1470 l’autorite
1080 1401 1159 1471 de
1190 1390 1508 1493 l'quise‚
1552 1406 1596 1471 ὰ
1635 1403 1863 1471 raison
1908 1402 1988 1469 de
2027 1401 2311 1492 quelque
2348 1404 2538 1492 office

235 1533 268 1573 «
282 1507 675 1599 perpetuel.
709 1507 822 1590 Or,
864 1509 958 1577 les
987 1530 1205 1590 cureS,
1243 1510 1337 1578 les
1373 1511 1772 1593 canonicats,
1807 1510 1902 1578 les
1938 1508 2213 1577 eveches
2259 1506 2341 1574 tie
2387 1508 2545 1575 don·

237 1620 459 1682 «nent
506 1614 656 1704 plus
692 1637 788 1682 un
820 1615 909 1683 tel
948 1616 1120 1684 droit
1161 1640 1176 1683 :
1228 1617 1320 1686 les
1349 1618 1560 1701 cureS,
1602 1617 1694 1684 les
1733 1615 2112 1694 chanoines‚
2143 1614 2238 1683 les
2266 1615 2544 1703 eveques

234 1746 267 1784 «
289 1721 497 1789 tirent
531 1721 951 1810 auj0urd’hui
974 1722 1119 1791 leur
1148 1723 1572 1807 subsistance‚
1604 1745 1739 1792 non
1765 1724 1874 1791 des
1902 1724 2091 1791 biens
2120 1725 2544 1812 appartenant

235 1850 272 1891 «
301 1827 339 1894 a
374 1827 642 1917 l'Eglise
668 1834 732 1896 et
764 1829 1101 1897 consacres
1130 1829 1167 1895 a
1192 1827 1385 1914 Dieu,
1418 1852 1500 1896 ex
1529 1829 1715 1896 bonis
1755 1832 1887 1897 Deo
1930 1827 2192 1915 dicatis,
2231 1824 2542 1917 puisqu'il

231 1956 266 1996 «
297 1933 568 2002 n’existe
598 1935 748 2024 plus
773 1935 852 2001 de
874 1934 995 2001 tels
1021 1934 1235 2018 biens,
1273 1936 1440 2002 mais
1471 1936 1667 2002 d'une
1693 1936 1963 2025 pension
1989 1956 2119 2024 que
2156 1933 2220 2001 le
2242 1931 2547 2001 Gouver-

231 2061 264 2100 c<
290 2045 573 2108 nement
601 2039 747 2107 leur
782 2039 1037 2129 assigne
1067 2062 1180 2107 sur
1217 2040 1278 2107 le
1319 2040 1527 2108 tresor
1552 2039 1631 2107 de
1667 2041 1885 2129 l'Etat,
1922 2040 2279 2110 semblable
2308 2039 2347 2107 a
2385 2037 2546 2106 celle

226 2168 430 2234 «que
476 2147 807 2229 recoivent
838 2147 933 2214 les
970 2146 1481 2214 fonctionnaires
1527 2144 1810 2234 publics.
1838 2170 1874 2208 »
1918 2144 2306 2212 Recondunt
2349 2144 2548 2209 verba

214 2250 371 2321 haec
404 2272 620 2339 pauca
644 2271 933 2316 errorem
959 2250 1398 2337 multiplicem
1414 2300 1429 2315 .

325 2358 399 2422 1ο
426 2354 690 2429 Erravit
718 2353 1024 2421 dominus
1046 2353 1289 2441 Emery
1325 2352 1689 2440 asserendo,
1729 2351 2003 2420 nullum
2041 2351 2115 2419 in
2161 2350 2407 2420 Galliis
2447 2375 2551 2421 re-

214 2459 563 2530 mansisse
587 2459 831 2527 bonum
854 2457 1384 2527 ecclesiasticum.
1418 2458 1757 2549 Imprimis
1801 2457 1981 2526 enim
2022 2477 2095 2525 ea
2139 2456 2311 2525 bona
2348 2458 2550 2527 eccle·

219 2568 488 2637 siastica
512 2587 660 2655 quae
687 2587 819 2633 non
850 2565 1102 2633 fuerant
1141 2565 1391 2656 direpta
1416 2588 1533 2636 seu
1572 2589 1608 2634 a
1636 2566 1971 2640 Gubernio
2001 2565 2283 2653 vendita,
2325 2565 2391 2633 id
2421 2573 2544 2653 est,

222 2672 509 2742 aedificia
535 2693 713 2740 sacra
735 2672 944 2739 multa
968 2677 1032 2750 et
1053 2671 1258 2761 aliqui
1287 2673 1481 2741 etiam
1501 2674 1715 2753 fundi,
1738 2678 2195 2742 remanserunt
2218 2670 2546 2739 ecclesias·

224 2782 373 2867 tica,
401 2802 482 2847 ex
506 2779 632 2847 hoc
660 2783 800 2869 ipso
835 2779 1011 2868 quod
1040 2778 1199 2847 Pius
1231 2779 1350 2848 vll
1390 2803 1509 2871 per
1545 2781 2045 2857 concordatum,
2091 2799 2229 2844 non
2274 2778 2546 2861 horum,

228 2888 337 2954 sed
366 2907 606 2954 eorum
642 2886 952 2953 duntaxat
997 2906 1145 2974 quae
1182 2885 1460 2953 alienata
1499 2884 1787 2968 fuerant,
1815 2880 2188 2949 dominium
2219 2879 2552 2945 transtulit

230 2995 300 3062 in
327 3014 440 3061 em
448 2996 687 3082 ptoreS,
721 3010 907 3057 eosve
937 2989 1054 3078 qui
1084 2990 1167 3055 ab
1205 2987 1615 3081 emptorsssus
1645 2984 2142 3074 acquisiverant.
2197 2980 2322 3052 Sed
2364 3005 2552 3074 prae—

230 3100 534 3169 termissa
561 3098 683 3165 ista
709 3097 1039 3164 bonorum
1068 3092 1651 3163 ecclesiasticorum
1682 3090 2024 3180 categoria,
2057 3110 2330 3179 agamus
2374 3090 2551 3157 dun-

232 3211 404 3275 taxat
422 3206 503 3273 de
521 3203 948 3296 pensionibus
967 3225 1004 3270 a
1025 3200 1362 3271 Gubernio
1377 3198 1698 3268 solvendis
1721 3198 1804 3266 ad
1824 3198 2137 3266 terminos
2156 3195 2543 3264 concordati.

236 3314 350 3384 Jus
375 3314 461 3382 ad
490 3314 636 3381 illas
663 3310 1004 3403 pensiones
1032 3315 1128 3378 est
1159 3310 1413 3377 bonum
1458 3306 1963 3377 ecclesiasticum
2002 3303 2251 3396 duplici
2302 3303 2488 3372 titulo
2527 3327 2543 3371 ε

240 3421 567 3488 nimirum
603 3417 790 3486 titulo
832 3416 1396 3500 commutationis,
1437 3419 1500 3483 et
1539 3413 1730 3483 titulo
1771 3411 2122 3481 dicationis
2159 3410 2294 3480 Deo
2335 3411 2544 3478 factae.

241 3525 507 3594 Etenim
536 3546 739 3614 usque
763 3525 842 3591 ad
868 3525 1330 3592 concordatum
1369 3523 1545 3591 bona
1583 3520 2037 3603 ecclesiastica,
2068 3519 2220 3585 licet
2259 3539 2373 3607 per
2416 3516 2552 3580 fur-

242 3638 389 3699 tum
425 3637 488 3698 et
523 3633 660 3699 vim
695 3630 928 3712 ablata,
961 3631 1408 3695 remanserant
1450 3625 1890 3692 nihilominus
1935 3622 2386 3701 ecclesiastica,
2432 3638 2551 3683 nec

246 3761 479 3808 eorum
531 3738 990 3829 proprietatem
1032 3732 1510 3821 acquisiverant
1561 3730 1739 3794 fures
1791 3734 1854 3793 et
1903 3727 2257 3809 invasoreS,
2314 3721 2424 3790 sed
2473 3722 2553 3790 ad

249 3869 322 3916 ea
383 3844 782 3914 restituenda
843 3842 1260 3911 tenebantur.
1325 3835 1645 3924 Alioquin
1713 3831 2071 3899 dicendum
2123 3829 2282 3898 foret
2343 3829 2553 3897 domi·

251 3973 416 4019 num
448 3951 542 4017 rei
569 3950 843 4040 alicujus
869 3948 1163 4039 ejusdem
1186 3943 1281 4013 rei
1311 3941 1683 4012 dominium
1708 3937 2027 4024 amittere,
2060 3937 2183 4005 hoc
2208 3939 2347 4027 ipso
2374 3939 2552 4027 quod

255 4057 362 4126 fur
388 4051 532 4127 rem
553 4058 735 4126 illam
764 4056 1096 4147 surripiat.
1128 4052 1317 4135 Quod
1360 4051 1671 4118 doctrinae
1716 4049 2085 4115 monstrum
2111 4066 2150 4114 a
2189 4052 2404 4115 mente
2441 4045 2555 4112 do-

258 4166 424 4233 mini
452 4166 692 4254 Emery
712 4186 973 4255 prorsus
1013 4184 1166 4230 sane
1206 4160 1501 4228 alienum
1525 4155 1668 4224 fuit.
1702 4153 1988 4222 Aliunde
2011 4158 2230 4221 autem
2258 4174 2372 4241 per
2400 4171 2554 4216 con-

261 4271 597 4339 cordatum
620 4271 779 4339 anni
809 4269 1008 4356 1801,
1040 4267 1194 4336 Pius
1222 4263 1342 4333 vll
1370 4284 1504 4330 non
1534 4261 1914 4353 simpliciter
1942 4265 2004 4328 et
2031 4258 2336 4328 absolute
2372 4249 2555 4316 cessit

263 4376 666 4468 direptorum
698 4375 1021 4467 ejusmodi
1049 4376 1375 4443 bonorum
1408 4368 1806 4456 dominium,
1836 4368 1946 4437 sed
1974 4361 2467 4434 conditionate;
2492 4344 2554 4406 id
