2930 4982
1186 348 1263 394 ns
1309 346 1638 395 cunnus.
2426 342 2539 400 191

278 490 518 559 scopuS.
546 467 712 535 Cum
735 467 919 541 enim,
936 488 1018 533 ne
1037 465 1369 556 collegiale
1393 467 1655 556 quidem
1680 469 2035 559 capitulum
2058 470 2262 538 valeat
2279 473 2549 561 erigere,

273 582 341 642 ut
368 575 533 641 iufra
569 574 893 659 statuitur,
928 594 965 639 a
1008 571 1252 639 fortiori
1282 574 1511 661 nequit
1556 574 1799 663 erigere
1828 575 2211 644 cathedrale.
2257 576 2429 645 Hinc
2459 584 2553 646 te-

275 687 422 749 nent
448 680 715 770 quidam
760 680 1103 747 canonistae
1134 700 1317 769 posse
1356 678 1786 769 Episcopum,
1818 682 2013 748 semel
2046 686 2254 750 erecto
2291 703 2324 750 a
2382 681 2550 774 Papa

274 785 574 876 capitulo,
592 806 789 852 novos
815 784 1231 852 canonicatus
1254 786 1534 873 erigere;
1556 791 1619 852 at
1642 785 2031 855 erectionem
2053 790 2257 879 ipsam
2283 791 2547 881 capituli

273 892 344 959 ab
366 891 688 982 Episcopo
720 892 858 959 fieri
882 913 1065 982 posse
1096 896 1336 980 negant
1352 912 1460 957 om
1473 911 1605 958 nes.

1223 1164 1513 1227 CAPUT
1555 1166 1614 1225 II

334 1332 698 1379 COLLEGIATA
731 1333 806 1376 ET
831 1332 1187 1379 GOLLEGIALE
1217 1334 1550 1379 CAPITULUM
1583 1334 1745 1381 BRIGI
1783 1334 2002 1387 NEQm'r
2038 1334 2156 1381 ms!
2188 1337 2225 1380 Α
2269 1335 2465 1382 ΞΠΜΜΟ

1244 1440 1553 1487 PONTlrtcz

343 1615 448 1685 Sic
493 1616 998 1697 Scarfantonius,
1036 1623 1194 1684 tom.
1249 1615 1301 1702 1,
1339 1618 1486 1706 pag.
1535 1614 1646 1696 26,
1681 1615 1877 1683 editio
1931 1614 2264 1699 Lucensis,
2320 1617 2539 1686 1723:

268 1746 298 1784 «
317 1723 804 1790 Advertendum
827 1729 920 1790 est
940 1723 1110 1811 quod
1121 1721 1477 1812 Episcopus
1498 1743 1631 1788 non
1648 1721 1810 1789 valet
1829 1743 1948 1790 sua
1966 1723 2343 1791 auctoritate
2367 1723 2543 1791 ordi-

259 1828 440 1894 naria
460 1828 796 1896 ecclesiam
818 1827 1174 1918 simplicem
1197 1828 1276 1895 ad
1304 1834 1542 1894 statum
1573 1827 2042 1917 collegialitatis
2067 1828 2353 1914 elevare;
2387 1852 2539 1899 cum

255 1931 375 2000 hoc
403 1934 481 2000 sit
520 1933 934 2003 solummodo
980 1939 1378 2001 reservatum
1408 1954 1727 2021 supremae
1747 1936 2113 2002 auctoritati
2150 1934 2334 2003 Sedis
2362 1937 2541 2026 Apo·

254 2040 513 2127 stolicae,
536 2046 732 2131 prout
760 2041 946 2107 docet
964 2038 1188 2128 opinio
1216 2043 1279 2104 et
1302 2036 1514 2127 praxis
1543 2040 1744 2105 curiae
1764 2039 2097 2122 Romanae,
2115 2040 2195 2108 de
2224 2063 2351 2131 qua
2377 2041 2542 2132 (post

251 2141 625 2229 Rebuffum,
675 2148 773 2211 De
820 2142 1163 2232 benefieiis)
1192 2148 1509 2210 testantur
1554 2141 1851 2210 Lotterus
1891 2145 1963 2233 (1.
2035 2145 2098 2227 1,
2138 2152 2364 2232 quaest.
2427 2147 2534 2232 14,

247 2271 317 2316 n.
350 2249 494 2338 49),
531 2251 611 2316 de
659 2249 839 2313 Luca
869 2248 986 2335 (De
1016 2247 1364 2333 beneficiiS,
1395 2248 1698 2313 discursu
1730 2248 1842 2330 14,
1868 2270 1936 2314 n.
1985 2249 2103 2334 123
2131 2252 2285 2315 etin
2318 2250 2538 2318 Relat.

242 2358 577 2420 Romame
608 2351 838 2435 curiae,
868 2351 1163 2416 discursu
1186 2349 1255 2432 2,
1287 2371 1355 2416 n.
1386 2348 1528 2439 43),
1564 2349 1721 2419 Rota
1757 2352 1969 2442 (decis.
2008 2353 2121 2436 99,
2159 2375 2225 2422 n.
2273 2354 2339 2438 9,
2373 2362 2534 2445 part.

241 2457 395 2544 VH,
424 2457 696 2547 recent.)
714 2480 731 2540 ;
768 2462 989 2523 contra
1025 2455 1092 2523 id
1122 2456 1294 2545 quod
1324 2464 1665 2526 senserunt
1690 2464 1928 2528 veteres
1956 2461 2328 2548 canonistae,
2359 2463 2537 2531 simi-

246 2566 373 2632 lem
388 2564 758 2632 facultatem
778 2562 1452 2653 Episcopalidignitati
1473 2566 1666 2632 etiam
1686 2566 2128 2635 attribuentes.
2155 2568 2250 2637 Ac
2263 2569 2535 2658 proinde

252 2690 453 2758 neque
500 2675 701 2759 potest
740 2668 1078 2736 ecclesiam
1118 2669 1525 2757 collegiatam
1566 2671 1646 2738 ad
1677 2674 2113 2761 parochialem
2161 2675 2531 2765 simplicem

251 2775 573 2858 reducere,
605 2798 677 2842 ac
702 2776 878 2843 illius
900 2781 1134 2843 statum
1161 2775 1538 2857 immutare,
1572 2800 1783 2867 neque
1816 2801 2134 2869 expresse,
2168 2803 2380 2868 neque
2412 2783 2532 2848 im·

261 2880 461 2967 plicite
491 2882 672 2949 illam
713 2882 1102 2948 conferendo
1129 2883 1225 2947 uti
1254 2883 1730 2970 parochialem3
1764 2885 1919 2971 quia
1955 2906 2210 2972 semper
2245 2894 2537 2953 remanet

261 2986 463 3055 saltem
489 2987 720 3053 habitu
758 2985 1119 3072 collegiata,
1166 3006 1373 3072 neque
1410 2987 1694 3053 extincta
1723 2987 2133 3075 intelligitur,
2188 2989 2535 3080 nisi‘appa·

261 3099 376 3159 reat
402 3094 479 3160 de
507 3093 687 3160 illius
715 3089 1167 3182 suppressione
1196 3091 1401 3167 totali,
1437 3091 1629 3180 Papae
1662 3091 2036 3160 auctoritate
2067 3093 2254 3181 facta,
2286 3096 2533 3164 sublata

264 3200 424 3265 omni
449 3221 560 3290 spe
588 3196 1050 3266 reviviscentiae
1098 3195 1302 3285 (Rota,
1338 3196 1536 3265 deciS.
1572 3196 1726 3280 376,
1763 3220 1831 3267 n.
1873 3200 1943 3266 11
1980 3200 2189 3281 et12;
2223 3207 2285 3268 et
2328 3202 2523 3272 decis.

267 3299 361 3385 22,
400 3326 468 3371 n.
507 3303 623 3383 231,
650 3310 827 3394 parte
855 3301 971 3388 Vl,
1000 3308 1222 3370 recent
1229 3352 1363 3371 .....
1372 3300 1418 3393 ).
1455 3302 1669 3371 Potest
1693 3310 1911 3372 tamen
1942 3306 2112 3373 idem
2143 3306 2523 3400 Episcopus,

264 3407 376 3475 sive
402 3411 593 3477 etiam
622 3410 799 3477 illius
831 3409 1109 3476 vicarius
1150 3408 1493 3497 generalis,
1524 3412 1579 3477 si
1623 3411 1890 3479 ecclesia
1924 3413 2282 3503 collegiata,
2327 3416 2524 3482 etiam

266 3533 363 3600 per
377 3515 563 3605 plura
592 3516 824 3583 saecula
846 3515 1145 3581 destituta
1168 3515 1363 3582 fuerit
1386 3518 1851 3586 canonicorum
1885 3520 2184 3607 collegio,
2227 3543 2343 3609 per
2366 3542 2521 3587 sen-

263 3622 507 3689 tentiam
546 3622 868 3689 declarare
903 3620 1138 3687 dictam
1179 3620 1551 3705 qualitatem
1588 3622 2083 3709 collegialitatis,
2133 3645 2411 3710 eamque
2454 3626 2521 3689 in

259 3727 585 3812 pristinum
628 3733 864 3794 statum
895 3726 1251 3800 restituere,
1293 3726 1710 3790 canonicatus
1748 3726 2081 3811 erigendo,
2133 3748 2207 3792 ac
2247 3726 2372 3792 alia
2403 3734 2525 3798 sta-

261 3834 475 3900 tuendo
511 3833 593 3901 ad
617 3833 742 3900 hoc
764 3836 840 3898 ut
871 3829 947 3898 ad
972 3834 1191 3897 actum
1221 3827 1566 3895 reducatur
1589 3828 2027 3909 habitualitas,
2060 3835 2137 3895 ut
2158 3830 2523 3904 luculenter

258 3938 528 4022 probavit
547 3938 864 4006 Pittonius
888 3934 1463 4025 (Disceptationum
1482 3934 2058 4003 ecclesiasticarum
2083 3934 2130 4021 Ι,
2148 3959 2262 4028 per
2280 3943 2512 4024 totum,

258 4048 309 4107 et
332 4046 653 4133 signanter
677 4043 800 4112 sub
828 4065 893 4110 n.
924 4041 1008 4110 23
1041 4048 1103 4109 et
1129 4042 1596 4131 sequentibus).
1630 4067 1663 4105 »

331 4148 517 4239 Apud
559 4147 910 4215 Barbosam
973 4152 1189 4214 autem
1233 4147 1325 4214 sic
1372 4146 1649 4213 habetur
1709 4169 1724 4213 τ
1778 4171 1812 4209 «
1865 4145 2133 4217 Nullum
2176 4153 2371 4221 etiam
2418 4158 2520 4222 in-

256 4250 531 4324 feriorem
589 4278 626 4323 a
673 4254 840 4345 Papa
891 4276 1072 4345 posse
1116 4254 1362 4342 erigere
1398 4253 1757 4337 ecclesiam,
1815 4256 2007 4325 etiam
2051 4244 2514 4348 parochialem,

258 4354 315 4423 in
341 4362 763 4451 collegiatam,
830 4361 1061 4427 merito
1105 4358 1510 4427 concludunt
1545 4357 1856 4429 Rebuffus
1886 4360 2156 4451 (Pr-axis
2211 4356 2516 4439 benefic,
