2930 4982
284 294 333 347 ἷ3
344 295 378 348 8
1264 304 1341 350 ΤΒ
1347 304 1609 351 AGTATUS

293 446 512 516 scop0‚
539 426 834 514 regimen
859 425 1164 495 Ecclesiae
1190 449 1320 495 non
1348 428 1593 495 vicario
1618 427 1844 505 alicui,
1874 427 1983 495 sed
2007 428 2315 517 capituIO,
2351 429 2418 496 id
2460 436 2573 514 est,

294 533 467 602 clero
490 531 900 620 cathedraliS,
923 533 1174 601 devolvi
1199 534 1467 600 solitum
1500 556 1518 600 ι
1561 532 1939 622 «Migrante
1959 554 1996 600 e
2027 534 2212 600 terris
2231 532 2575 625 EpiscopO,

303 664 338 706 α
361 639 687 708 dioecesim
709 639 1079 708 universam
1098 639 1592 708 administrabat
1607 639 1826 707 clerus
1854 639 2139 708 ecclesiae
2163 640 2573 728 cathedralis,

210 834 214 838 .
302 744 711 813 «tractandis
749 745 852 814 his
902 746 1098 814 sacris
1127 745 1397 814 habenis
1425 745 1763 836 superstite
1801 744 2119 836 Episcopo
2143 747 2288 835 jam
2315 748 2579 818 edoctus

302 876 337 917 «
365 857 427 920 et
451 853 868 920 insuefactus.
885 852 1166 921 Abunde
1186 852 1391 943 patuit
1417 875 1617 942 quam
1640 872 1790 920 vere
1809 852 1983 919 clero
2002 850 2295 920 Romano
2318 853 2580 923 incum-

303 956 540 1024 «beret
570 957 879 1025 Romanae
907 957 1208 1026 Ecclesiae
1233 958 1526 1048 regimen
1548 963 1817 1026 vacante
1846 957 2015 1042 sede,
2050 959 2301 1026 eumad
2329 959 2581 1029 clerum

302 1061 931 1152 «Carthaginensem
960 1065 1219 1155 scripsit
1244 1067 1316 1131 in
1343 1065 1525 1131 hunc
1562 1064 1836 1132 modum
1872 1087 1888 1130 ε
1932 1066 2203 1131 Etcum
2235 1063 2585 1135 incumbat

299 1190 335 1232 «
355 1168 566 1252 nobie,
604 1172 722 1260 qui
741 1170 1042 1239 videmur
1049 1170 1406 1263 praepositi
1429 1192 1581 1257 esse,
1612 1181 1676 1237 et
1690 1170 1826 1238 vice
1834 1169 2063 1260 patris
2088 1169 2583 1262 custodie-cyre-

308 1300 343 1339 «
359 1296 535 1364 qem,
561 1276 622 1342 si
643 1278 1047 1369 neqliqentes
1070 1277 1520 1360 inveniamur,
1536 1275 2067 1344 diceturnobis...
2095 1277 2408 1365 quoniam
2422 1301 2582 1369 per-

303 1404 337 1445 «
364 1378 578 1449 ditum
622 1406 759 1453 non
786 1386 1270 1477 requisivimzc3‚
1297 1395 1363 1453 et
1381 1394 1716 1451 errantem
1747 1405 1883 1450 non
1902 1382 2331 1451 correximus.
2361 1384 2443 1451 Et
2455 1387 2584 1452 alia

305 1510 338 1550 «
363 1509 592 1559 rursus
643 1494 907 1583 epistola
941 1516 958 1562 ε
1017 1495 1258 1559 Omnes
1293 1492 1469 1559 enim
1518 1511 1635 1557 nos
1680 1489 1858 1558 decet
1889 1512 2023 1582 pro
2065 1512 2333 1580 corpore
2380 1492 2585 1560 totius

304 1616 341 1657 «
359 1594 696 1684 Ecclesia,
720 1598 903 1688 cujus
915 1620 1045 1690 per
1058 1598 1283 1667 varias
1303 1618 1595 1688 quasque
1603 1595 1995 1687 provincias
2014 1596 2312 1683 membra
2325 1595 2586 1686 diyesta

303 1723 338 1763 «
365 1714 547 1781 sunt,
576 1706 976 1774 eoecubare...
1006 1705 1232 1774 Clerus
1247 1704 1586 1773 Romanus
1612 1703 1724 1772 hic
1746 1703 1973 1772 scribit
1998 1709 2072 1770 ut
2089 1703 2414 1772 sarcinam
2439 1727 2583 1794 ges-

302 1830 337 1872 «
370 1811 510 1876 tans
545 1815 604 1877 et
631 1811 1135 1881 sollicitudinem
1161 1811 1463 1881 omnium
1492 1809 1912 1879 ecclesiarum
1936 1832 1953 1892 3
1983 1831 2103 1876 nec
2118 1809 2198 1877 ab
2218 1832 2291 1878 ea
2320 1817 2585 1880 senten-

274 1937 338 1978 «
369 1915 458 1982 tia
486 1917 724 1986 recedit
772 1917 1135 2010 Cyprianus
1168 1919 1238 1986 in
1265 1918 1397 1987 suis
1427 1917 1508 1985 ad
1539 1938 1700 1984 eum·
1721 1914 2123 2006 responsis„
2189 1914 2410 1984 Palam
2460 1923 2582 1995 est,

304 2045 337 2085 «
366 2041 520 2090 cum
540 2045 674 2093 non
706 2048 852 2094 raro
880 2027 1097 2095 abesse
1127 2026 1208 2094 ab
1235 2023 1525 2094 Ecclesia
1554 2044 1670 2090 sua
1701 2021 2056 2112 Episcopus
2087 2026 2447 2111 cogeretur,
2482 2045 2587 2090 re-

305 2152 338 2192 «
365 2126 589 2216 gimen
619 2132 868 2200 devolvi
896 2133 1160 2201 solitum
1190 2131 1386 2199 fuisse
1407 2129 1487 2198 ad
1508 2129 1763 2197 clerum
1784 2128 2196 2207 universum,
2223 2127 2407 2196 nullo
2436 2152 2588 2220 spe-

303 2257 337 2297 «
364 2235 611 2304 cialiter
634 2237 965 2328 designato
991 2240 1236 2308 vicario
1269 2237 1573 2329 Episcopi
1607 2235 1909 2304 absentis
1941 2259 1976 2298 >³

384 2340 451 2406 7⁰
490 2341 807 2431 Tandem,
857 2349 1201 2436 postquam
1226 2345 1512 2412 narravit
1547 2342 2018 2409 Thomassinus
2063 2341 2227 2431 (cap.
2261 2339 2303 2408 9
2340 2339 2492 2408 libri
2540 2365 2586 2410 ιι

291 2448 491 2538 partis
516 2446 559 2538 1)
609 2449 934 2538 quomodo
963 2450 1310 2518 deventum
1347 2446 1429 2514 sit
1457 2446 1539 2514 ad
1582 2446 1863 2513 formam
1899 2464 2098 2531 quam
2148 2443 2585 2511 exhibuerunt

293 2554 572 2645 capitula
596 2556 718 2623 sub
743 2553 967 2625 Carolo
979 2556 1239 2646 Magno,
1266 2552 1600 2622 concludit
1623 2571 1837 2618 unum
1855 2554 1917 2616 et
1931 2548 2106 2615 idem
2134 2548 2581 2617 ministerium

293 2659 512 2744 fuisse,
540 2666 680 2728 tum
710 2664 1027 2753 primitivi
1072 2661 1252 2728 illius
1277 2659 1580 2749 priorum
1600 2654 1993 2724 saeculorum
2020 2652 2290 2721 consilii
2311 2656 2373 2720 et
2390 2675 2580 2720 sena-

295 2766 741 2859 tuerpiscopo
787 2768 1105 2859 adjuncti,
1156 2771 1302 2833 tum
1334 2763 1763 2860 collegiorum
1809 2782 1954 2851 quae
1997 2765 2219 2851 postea
2272 2758 2582 2849 capitula

289 2873 460 2943 dicta
487 2884 639 2945 sunt
661 2882 722 2944 et
747 2877 818 2943 in
847 2877 1018 2943 hanc
1032 2894 1239 2963 usque
1266 2872 1439 2941 diem
1467 2872 1877 2960 perseverant
1905 2892 1920 2932 z
1961 2892 1994 2930 (ι
2023 2864 2395 2956 Implebant
2422 2887 2580 2954 ergo

299 3006 333 3046 «
359 2983 710 3049 certissime
729 2982 1008 3073 capitula
1023 2981 1334 3049 eumdem
1348 2978 1596 3055 locum,
1615 2976 1920 3063 idemque
1939 2972 2337 3063 praestabant
2350 2972 2580 3038 m‘inis-

300 3111 334 3152 «
352 3086 591 3155 terium
610 3089 786 3176 quod
798 3093 859 3153 et
882 3088 1377 3177 antiquissimus
1432 3084 1543 3151 ille
1563 3083 1988 3172 ‚singularum
2004 3080 2425 3148 ecclesiarum
2450 3076 2575 3142 cle-

300 3217 333 3258 «
352 3216 487 3279 ωε,
520 3215 650 3282 quo
670 3193 1038 3261 inconsulto
1060 3192 1232 3259 nihil
1253 3190 1620 3280 gerebatur.
1659 3213 1693 3253 >³

374 3299 468 3366 Ex
509 3285 622 3377 illa
650 3321 801 3368 vero
820 3300 1128 3367 doctrinae
1155 3298 1236 3366 ab
1268 3297 1710 3364 eruditissimo
1761 3294 2185 3362 Thomassino
2240 3291 2565 3381 expositae,

289 3406 885 3496 quantulacumque
945 3406 1215 3495 analysi,
1243 3404 1519 3493 quisque
1556 3401 1744 3471 facile
1774 3398 2113 3468 concludet
2159 3417 2294 3463 non
2331 3395 2574 3461 imme-

284 3512 408 3579 rito
436 3511 822 3580 institutioni
847 3510 1283 3602 capitulorum
1306 3510 1622 3598 assignari
1649 3512 1964 3594 tanquam
1987 3500 2333 3569 essentiale
2356 3500 2575 3590 etpri-

285 3617 604 3708 marium,
634 3639 879 3687 munus
909 3608 1266 3686 auxiliandi
1308 3622 1371 3685 et
1397 3613 1740 3710 supplendi
1788 3610 2109 3701 Episcopo
2159 3610 2229 3677 in
2280 3607 2572 3677 dioecesis

282 3726 627 3816 regimine,
650 3749 785 3796 non
803 3717 954 3795 vero
976 3739 1220 3792 munus
1232 3726 1436 3804 vitam
1469 3719 1703 3810 agendi
1744 3723 2195 3803 communem,
2266 3721 2376 3782 aut
2420 3734 2574 3781 can-

291 3830 470 3903 tandi
519 3834 584 3900 in
608 3834 833 3919 choro,
862 3837 971 3899 aut
1000 3832 1109 3920 jus
1147 3829 1225 3897 ad
1264 3827 1668 3918 praebendas.

368 3938 551 4008 Licet
573 3944 862 4006 auctores
897 3939 1266 4016 venenatos,
1300 3932 1510 4022 qualis
1553 3928 1860 4019 inprimis
1887 3932 1981 3996 est
2009 3923 2430 4015 Van=Espen,
2464 3924 2569 3991 ci-

281 4054 413 4115 tare
437 4045 863 4133 refugiamUS,
895 4067 1051 4113 cum
1084 4039 1304 4111 tamen
1322 4059 1397 4106 ex
1424 4036 1515 4136 iis¹
1534 4034 1649 4124 qui
1670 4033 1982 4125 scriptore
2003 4033 2118 4100 illo
2137 4034 2358 4123 utpote
2373 4030 2565 4119 galli-

280 4151 648 4234 canissimo,
690 4152 1056 4245 plurimum
1087 4150 1509 4231 delectantur,
1539 4163 1674 4210 non
1721 4142 1915 4232 pauci
1956 4144 2207 4207 tentent
2251 4136 2564 4228 capitulo-

276 4284 427 4331 rum
439 4261 874 4329 venerandam
890 4258 1359 4326 institutionem
1374 4252 1570 4341 adjus
1590 4248 1753 4318 stalli
1771 4247 2204 4337 etpraebendae
2222 4246 2382 4313 redu
2390 4265 2557 4325 cere,

278 4387 408 4437 non
435 4369 547 4438 abs
581 4391 650 4437 re
678 4367 798 4435 erit
825 4366 953 4433 illis
980 4387 1054 4433 ex
1089 4381 1207 4430 suo
1230 4360 1380 4430 Van
1410 4356 1691 4449 Espenio
1720 4354 2113 4440 contrariam
2171 4351 2409 4420 thesim
2436 4349 2557 4417 ob·
